3084 4895
475 390 687 444 Mutian
725 407 794 444 an
831 392 1185 459 Sbmmering.
1241 392 1452 447 Mutian
1490 410 1561 446 an
1596 393 1743 448 Helt.
1797 393 2011 447 Mutian
2046 410 2117 447 an
2153 393 2479 448 Hartmann.
2526 395 2655 461 503

374 567 440 629 et
491 567 802 627 sanctam.
892 562 1114 644 Neque
1167 564 1336 626 enim
1397 584 1647 645 semper
1699 564 2025 645 gentiliter
2069 567 2169 629 est
2212 565 2653 637 disserendum

369 648 480 712 rel.
578 647 814 712 Vicarii
859 646 1132 712 Mariani
1177 670 1276 711 me
1322 648 1651 713 citarunt.¹
1745 648 2081 713 Terminus
2110 653 2210 714 est
2240 649 2343 713 die
2386 649 2653 716 Veneris

371 733 688 816 proxima.
780 733 1047 798 Dimitte
1079 734 1254 797 istos
1299 756 1337 797 a
1382 733 1689 799 tribunali
1738 736 1818 799 ad
1864 736 2433 799 extraordinariam
2465 741 2647 803 tuam

371 819 790 885 audientiam.
881 818 1114 901 Agitur
1159 820 1237 883 de
1282 819 1488 884 domo.
1583 819 2127 885 Praestantissimi
2159 821 2277 884 viri
2310 820 2381 885 D.
2414 821 2649 903 Engel-

372 902 680 969 mannus²
750 909 814 969 et
879 902 1176 970 Urbanus
1245 906 1566 969 curabunt
1632 926 1807 969 meas
1875 910 2109 987 partes,
2200 906 2392 970 Plura
2460 906 2649 972 nobis

378 990 656 1055 scribere
703 1012 831 1055 non
877 990 1106 1073 placet.
1201 990 1372 1054 Satis
1419 992 1595 1054 nosti
1641 1013 1740 1055 me
1786 992 2073 1073 quietum
2110 1012 2248 1055 esse
2280 996 2343 1055 et
2371 992 2647 1057 libenter

373 1078 762 1159 quieturum,
811 1077 864 1141 si
911 1076 1062 1139 mali
1106 1096 1233 1139 non
1266 1076 1789 1140 interturbarent.
1881 1076 1955 1139 D.
2004 1075 2387 1143 Nithardus³
2423 1079 2649 1145 misere

374 1166 442 1226 et
487 1162 760 1245 turpiter
805 1161 1077 1243 negligit
1121 1160 1442 1243 Spalatini
1490 1162 1867 1243 negotium..
1929 1162 2143 1239 Miror,
2192 1185 2302 1227 cur
2347 1163 2468 1226 tibi
2515 1184 2646 1227 non

373 1247 794 1329 gratificetur.
884 1246 1046 1311 Nam
1093 1247 1148 1310 si
1194 1270 1293 1311 me
1327 1252 1390 1311 et
1423 1247 1826 1330 Spalatinum
1860 1250 2233 1323 contemnit,
2270 1270 2394 1312 non
2428 1252 2647 1313 tamen

377 1338 446 1401 te
489 1334 606 1397 tali
651 1333 967 1415 dignitate
1012 1332 1368 1415 praeditum
1419 1336 1825 1397 contemnere
1870 1332 2144 1397 deberet.
2238 1334 2405 1397 Vale.

685 1432 812 1491 Cod.
849 1430 984 1487 Frcf.
1021 1432 1140 1488 426.

380 1603 615 1677 (Gotha.)
1435 1587 1583 1651 438.
2452 1603 2651 1674 (1514.)

1158 1711 1451 1784 Mutian
1495 1732 1595 1787 an
1638 1714 1869 1785 Hem

584 1840 840 1909 (Ersueht
876 1839 974 1895 ilm
1010 1840 1110 1895 das
1139 1840 1402 1911 yeliehene
1445 1842 1577 1895 Geld
1606 1858 1683 1895 an
1717 1841 1897 1895 Adasm
1945 1841 2450 1909 xuribelsxuxahlen.)

604 1954 880 2007 Hem-ico
917 1954 1074 2005 Helt
1106 1954 1416 2007 bonarum
1449 1956 1683 2008 artium
1718 1956 1999 2007 studioso
2036 1952 2147 2022 (Μ.
2184 1951 2431 2022 Rufus).

589 2066 884 2143 Henrice‚
929 2067 1134 2130 amice
1180 2069 1267 2131 mi
1313 2090 1442 2131 non
1489 2068 1790 2149 vulgariS,
1840 2068 2055 2135 salvus
2100 2069 2205 2131 sis.
2300 2064 2443 2129 Tibi
2506 2086 2654 2148 gra-

379 2153 573 2231 tulor,
619 2154 793 2235 quod
844 2153 1106 2216 studeas
1154 2154 1322 2216 inter
1367 2154 1806 2235 philosophiae
1870 2157 2218 2217 sectatores
2265 2174 2391 2216 non
2442 2151 2653 2215 solum

375 2240 565 2303 bonis
624 2239 826 2303 literis
875 2238 984 2301 sed
1033 2239 1227 2301 etiam
1287 2240 1528 2303 sanctis
1594 2240 1893 2303 moribus.
1985 2239 2144 2302 Nam
2208 2238 2653 2302 institutiones

377 2329 444 2388 et
489 2330 833 2408 praecepta
878 2324 1328 2405 magbtrorum
1380 2326 1502 2389 etsi
1539 2347 1650 2406 per
1682 2348 1747 2388 se
1780 2325 2170 2407 amplissima
2218 2329 2389 2399 sunt,
2436 2329 2651 2387 tamen

377 2432 522 2476 cum
568 2411 942 2493 integritate
986 2431 1230 2474 morum
1279 2411 1622 2494 conjuncta
1685 2410 2030 2494 perfectum
2088 2412 2293 2474 virum
2342 2414 2405 2473 et
2452 2430 2655 2491 usque

379 2518 636 2580 quaque
680 2496 1066 2560 laudabilem
1115 2495 1380 2560 faciunt.
1471 2496 1596 2561 Est
1656 2503 1871 2562 autem
1940 2497 2099 2561 illud
2166 2497 2331 2561 inter
2402 2497 2653 2560 decreta

376 2582 821 2666 philosophiae
884 2603 1012 2646 non
1078 2586 1490 2663 postremum,
1548 2588 1623 2658 ut
1681 2583 1869 2647 fidem
1930 2585 2213 2665 praestes
2259 2586 2324 2646 et
2369 2582 2652 2646 minutas

374 2669 524 2733 illas
591 2669 992 2751 pecuniarias
1059 2669 1386 2752 suppetias
1445 2668 1720 2733 Adamo⁶
1782 2673 1897 2732 tuo
1944 2668 2264 2732 restituas.
2352 2667 2423 2731 Id
2478 2667 2651 2750 quod

378 2757 444 2820 te
490 2755 711 2820 docuit
753 2759 891 2820 tum
939 2754 1298 2820 eommunis
1342 2756 1551 2837 patria
1595 2759 1733 2820 tum
1780 2755 1920 2840 ipsa
1962 2755 2168 2831 *virtus
2213 2758 2345 2820 tua.
2438 2751 2607 2817 Vale..

689 2853 816 2910 ond.
853 2853 987 2910 Frof.
1023 2853 1140 2908 427.
1375 2851 1382 2856 “

378 3020 615 3092 (GOthffi)
1237 3061 1246 3064 -
1325 2975 1328 2980 Ι
1439 3009 1589 3073 439.
2218 3023 2300 3078 20.
2338 3023 2464 3078 Dez.
2503 3021 2653 3077 1514.

1043 3133 1334 3204 Mutian
1380 3153 1478 3204 an
1522 3133 1994 3204 Hartmann.⁶

380 3261 580 3330 (Frage
633 3261 774 3315 meh
835 3261 1178 3315 Hartmanns
1237 3262 1498 3328 Meimmy
1554 3262 1683 3314 iiber
1738 3262 1823 3315 die
1880 3259 2511 3324 Kalenderverbesseruny
2568 3258 2655 3310 des

381 3331 841 3384 Lateranlconxils.
932 3331 1224 3384 Reuchlins
1276 3331 1493 3398 Kampf
1535 3332 1639 3383 mit
1688 3331 1789 3384 den
1844 3329 2290 3390 Dmninikanem,
2344 3326 2429 3378 die
2483 3327 2656 3379 Gunst

919 3399 1052 3452 Leos
1087 3399 1156 3452 X.
1228 3398 1506 3468 Hoffmmq
1541 3399 1653 3468 auf
1674 3400 1775 3452 den
1813 3397 2105 3466 leiumph.)

523 3523 542 3554 ²
576 3519 823 3573 Geschah
858 3519 1024 3574 sehon
1069 3521 1205 3574 Anfs
1226 3521 1377 3574 1513.
1449 3519 1570 3588 Vgl.
1609 3519 1696 3572 Br.
1736 3519 1852 3572 222.
1926 3518 2075 3572 Doch
2110 3515 2343 3570 erhoben
2378 3514 2495 3588 sich
2517 3529 2654 3568 neue

381 3589 657 3657 Irrungen,
693 3588 818 3642 weil
851 3589 1090 3641 Dietmar
1125 3589 1247 3640 dem
1284 3589 1536 3656 Vertrage
1575 3588 1807 3641 zuwider
1842 3588 1991 3640 nicht
2027 3586 2184 3640 baute
2207 3584 2317 3636 und
2338 3583 2440 3636 den
2464 3582 2657 3636 Sohutt

379 3657 538 3710 nicht
581 3673 677 3710 aus
724 3657 819 3709 der
863 3657 1001 3709 Gera
1045 3662 1266 3709 raumen
1317 3657 1458 3710 lieSS.
1531 3656 1651 3724 Vgl.
1689 3657 1776 3710 ΒΥ.
1812 3657 1931 3711 441.
1968 3656 2089 3708 449.
2161 3644 2307 3706 Uber
2359 3652 2453 3704 das
2506 3651 2653 3704 Ende

383 3726 478 3778 des
513 3724 735 3778 Streites
770 3724 874 3793 vgl.
913 3725 1001 3778 ΒΓ.
1037 3725 1156 3780 492.
1299 3726 1320 3758 ²
1353 3725 1817 3778 Kfiehenmeister.
1890 3725 1939 3779 S.
1978 3723 2079 3778 502
2114 3721 2263 3776 A..2.
2408 3721 2429 3752 ³
2462 3719 2512 3773 S.
2550 3719 2655 3774 502

382 3796 445 3848 A.
487 3795 568 3847 11.
679 3795 700 3825 ⁴
733 3793 852 3846 Nur
877 3793 994 3846 hier
1021 3796 1262 3861 genennt,
1287 3793 1373 3846 ein
1398 3793 1773 3847 Studierender
1808 3795 1901 3846 der
1933 3793 2039 3846 Erf.
2076 3790 2271 3844 Schule
2308 3789 2417 3840 und
2452 3789 2651 3841 Lands-

384 3878 546 3916 mann
583 3862 677 3914 des
712 3862 810 3914 Ad.
850 3861 1090 3915 Publius
1152 3861 1302 3914 Ohne
1339 3861 1553 3914 Zweifel
1587 3862 1875 3915 »Henricus
1900 3861 2066 3929 Hyldt
2098 3861 2162 3912 de
2194 3857 2653 3926 Assschenborgk«,

383 3931 616 3983 immatr.
662 3931 768 3984 Erf.
816 3929 977 3983 Mioh.
1027 3931 1162 3983 1513
1209 3930 1601 3998 (1170133001).
1651 3931 1771 3984 Akt.
1810 3931 1878 3998 ΙΙ,
1930 3929 2066 3997 282).
2140 3926 2264 3980 Sein
2315 3925 2653 3978 Landsmann

381 3998 611 4052 Publius
633 3999 706 4051 ist
731 3999 988 4052 demnach
1028 3999 1120 4050 der
1155 3998 1264 4051 Ost.
1306 3998 1440 4052 1512
1475 3998 1705 4051 immatr.
1742 4001 1938 4052 »Adam
1958 3997 2105 4050 Buob
2126 3997 2191 4048 de
2208 3994 2653 4062 Fisschenburgo«

385 4067 710 4135 (Weissenb.
746 4067 816 4134 ΙΙ,
855 4068 994 4134 276),
1032 4083 1113 4119 wo
1149 4067 1259 4120 also
1295 4070 1424 4120 statt
1471 4067 1893 4136 Fisschenburgo
1945 4083 2011 4118 zu
2058 4065 2202 4116 lesen
2255 4063 2653 4130 Aschenburgo,

385 4137 498 4188 und
532 4135 796 4188 identisch
837 4135 940 4187 mit
975 4135 1148 4188 einem
1185 4137 1278 4188 der
1313 4134 1503 4187 beiden
1537 4137 1730 4188 Adami
1766 4133 2063 4200 Asciburgii
2082 4134 2135 4184 in
2156 4132 2240 4184 ΒΓ.
2270 4131 2387 4184 235.
2496 4133 2517 4163 ⁵
2552 4131 2651 4182 Ad.

385 4203 626 4256 Publius
771 4205 793 4236 ⁶
830 4203 882 4256 S.
921 4204 953 4256 9
990 4205 1054 4254 A.
1097 4206 1140 4255 1.
1213 4205 1320 4256 Abt
1353 4201 1648 4256 Hartmann
1686 4206 1803 4256 kam
1840 4204 1898 4254 E.
1939 4202 2074 4254 1514
2110 4200 2187 4253 als
2224 4198 2513 4251 Gesandter
2561 4199 2653 4250 d-es

387 4272 540 4325 Erzb.
577 4288 630 4324 v.
668 4271 844 4324 Mainz
882 4289 977 4324 zur
1009 4270 1358 4340 Schlichtung
1393 4272 1643 4338 gowisser
1675 4273 1812 4325 noch
1848 4270 2227 4324 schwebender
2268 4267 2467 4334 Fragen
2515 4267 2653 4318 nach

376 4339 582 4462 MErffirt.
602 4340 846 4462 15Crotus
902 4355 1012 4394 war
1063 4340 1212 4392 nicht
1247 4341 1300 4392 in
1337 4341 1538 4394 seinem
1578 4339 1803 4408 Gcfolge.
1876 4337 2029 4392 Seine
2076 4337 2296 4390 Abi-eise
2342 4334 2557 4402 erfolgte
2594 4334 2651 4388 E.

445 4407 496 4463 ai
533 4411 598 4463 15
673 4450 684 4463 .
793 4447 798 4450 -
1013 4445 1022 4450 -
