3084 4895
1240 409 1449 469 Mutian
1484 429 1552 470 an
1571 407 1789 490 Urbau,
2555 413 2636 481 81

395 589 601 673 ponis.
692 585 981 654 Exstat⁸
1023 611 1217 656 unum
1264 593 1415 656 tuae
1459 590 1848 656 curiositatis
1903 601 2200 672 magnum
2263 588 2638 674 exemplum,

396 676 470 738 de
518 697 644 758 quo
695 678 915 757 paucis
962 699 1131 739 nunc
1176 677 1417 757 loquar,
1464 683 1537 742 ut
1581 677 1900 758 intelligas
1947 698 2044 739 me
2091 697 2214 739 non
2263 676 2420 740 satis
2456 697 2640 757 agere

396 763 755 844 prudenter,
810 764 860 824 si
907 767 971 826 te
1016 785 1052 824 a
1098 765 1372 844 negotiis
1400 766 1429 802 b
1473 766 1554 828 ad
1588 763 2081 846 philosophicam
2119 762 2637 825 consuetudinem

396 871 595 912 meam
644 871 866 912 revoco
915 855 977 912 et
1020 853 1255 912 temere
1313 873 1537 914 moror.
1631 851 1883 912 Advoco
1945 849 2059 910 tris
2121 849 2533 912 collocutores
2579 859 2642 911 et

397 957 477 998 ex
524 936 861 999 memoriae
890 948 913 974 ‘³
960 959 1149 999 cavea
1196 937 1259 998 in
1308 935 1472 1001 hanc
1501 938 1842 1001 literariam
1877 957 2129 998 scenam
2175 935 2388 998 subito
2437 937 2639 998 mitto,

398 1021 642 1084 Primus
703 1026 883 1086 tuum
954 1023 1317 1104 choragium
1389 1025 1600 1099 habet,
1674 1023 1988 1086 secundus
2055 1021 2238 1084 Mori¹
2310 1040 2637 1102 personam

396 1109 686 1183 sustinet,
734 1110 959 1171 tertius
1009 1108 1313 1172 Simonis²
1362 1112 1651 1190 partibus
1697 1110 1916 1173 utitur.
2125 1105 2130 1110 ’

604 1193 1004 1274 NephaliuS.³
1101 1194 1268 1272 Vale,
1317 1195 1618 1259 Mutiane.
1700 1195 1928 1258 Tecum
1999 1193 2073 1256 de
2138 1193 2349 1256 inedia
2417 1193 2641 1259 sentio.

400 1279 572 1342 Vires
615 1282 949 1360 utriusque
994 1279 1271 1343 hominis
1318 1283 1484 1346 bono
1532 1283 1675 1346 cibo
1722 1288 2004 1365 potuque
2052 1278 2439 1342 roborandae
2492 1283 2644 1342 sunt

396 1366 730 1448 saepicule.
823 1365 981 1428 Nam
1036 1366 1345 1447 jejunium
1395 1375 1457 1432 et
1504 1369 1627 1431 cibi
1686 1369 2008 1449 exiguitas
2068 1366 2351 1441 maciem,
2411 1366 2643 1449 macies

396 1455 607 1514 autern
658 1451 929 1514 scabiem
980 1452 1132 1516 facit
1165 1458 1227 1516 et
1260 1454 1457 1516 aciem
1506 1455 1736 1518 mentis
1782 1475 1906 1516 non
1955 1463 2084 1516 tarn
2134 1453 2405 1529 exacuit,
2454 1473 2642 1533 quam

396 1538 675 1601 hebetat.
766 1537 997 1601 Iterum
1046 1539 1183 1602 vale
1229 1545 1293 1602 et
1337 1562 1485 1604 cave
1534 1563 1632 1603 me
1659 1541 1688 1579 ‘¹
1734 1541 1983 1604 differas
2028 1538 2310 1620 posthac.
2403 1535 2642 1616 Scriba,

400 1645 801 1704 consequere.
879 1624 1040 1688 Mori
1071 1627 1359 1688 ostium·⁰
1406 1627 1692 1708 pulsabO.
1771 1627 1941 1690 Heus
1974 1624 2152 1707 puer!
2203 1629 2380 1688 estne
2413 1623 2436 1662 f
2477 1623 2642 1686 domi

400 1710 695 1773 dominus
741 1709 961 1774 harum
1013 1711 1311 1774 aedium‘?
1400 1713 1425 1774 I
1472 1717 1757 1776 actutum
1805 1717 1870 1776 et
1915 1711 2138 1777 nuntia
2166 1711 2194 1748 b
2251 1732 2347 1772 me
2407 1710 2641 1780 adesse.

396 1795 814 1876 Commodum
866 1797 1115 1874 intravi,
1165 1800 1436 1880 comperi
1492 1799 1738 1863 Morum
1786 1804 1848 1862 et
1893 1799 2330 1879 Harpagonem
2398 1796 2644 1859 Baccho

400 1882 851 1946 sacrificantes,
943 1883 1103 1960 Quid
1152 1885 1417 1968 primum
1470 1885 1771 1967 eloquar?
1861 1882 2212 1949 Salutabo‘?
2300 1882 2440 1946 Non
2481 1882 2644 1946 dabo

408 1970 590 2031 malis
637 1968 925 2032 salutem.
1004 1971 1312 2052 Injuriose
1346 1971 1786 2053 compellabo?
1861 1971 2146 2035 Alienum
2189 1969 2250 2032 id
2297 1973 2392 2032 est
2437 1991 2474 2041 a
2518 1989 2650 2032 mo-

402 2057 575 2118 ribus
644 2055 954 2118 monachi.
1052 2057 1273 2120 Verum
1336 2063 1660 2140 utcunque
1722 2079 1862 2122 cum
1918 2057 2044 2119 illis
2099 2076 2302 2137 egem,
2372 2054 2650 2118 vexabor

403 2143 782 2222 contagione
847 2147 1237 2206 nasutorum.
1328 2143 1574 2208 Mallem
1625 2144 1701 2207 ad
1765 2143 1909 2208 Orci
1972 2142 2196 2206 ferales
2255 2140 2528 2206 Penates
2588 2145 2652 2204 et

406 2228 483 2291 ad
546 2227 871 2290 Tartarum
936 2228 1281 2309 Manesque
1342 2231 1624 2293 demeare
1692 2253 1880 2313 quam
1929 2228 2007 2292 ad
2055 2229 2211 2292 istos
2267 2227 2650 2291 feneratores

408 2315 858 2394 iniquissimos,
950 2315 1195 2385 Potate‚
1245 2316 1359 2378 viri
1408 2317 1716 2394 canonici,
1764 2323 1828 2380 et
1873 2316 2002 2378 vini
2050 2336 2354 2378 canonem
2395 2313 2647 2396 replete.

404 2399 537 2482 Ego
606 2401 772 2483 apud
839 2400 1190 2464 Matianum
1265 2403 1421 2465 satis
1493 2403 1642 2470 bibi.
1733 2402 1963 2466 Morus
2061 2402 2139 2463 Et
2201 2421 2315 2464 nos
2374 2399 2650 2477 vicissim

406 2492 731 2550 sextantes
804 2488 1073 2567 singulis
1140 2489 1479 2552 haustibus
1547 2490 1945 2553 attrahimus.
2047 2487 2408 2569 Nephalius
2509 2486 2648 2565 Non

408 2574 713 2655 improbO,
763 2574 1018 2653 quando
1064 2596 1217 2637 suus
1270 2576 1495 2657 cuique
1542 2598 1678 2639 mos
1727 2577 1950 2658 placet.
2029 2576 2340 2656 Harpago.
2425 2572 2504 2635 At
2535 2593 2650 2654 ego

407 2660 720 2723 interdum
771 2660 1064 2723 trientem
1116 2663 1413 2724 evacuavi
1462 2683 1587 2725 uno
1634 2663 1878 2743 spiritu.
1969 2660 2050 2723 M.
2099 2660 2254 2725 Mihi
2314 2660 2460 2722 olim
2523 2680 2648 2721 non

408 2752 541 2808 erat
598 2744 853 2808 difficile
900 2746 1285 2827 quadrantes
1331 2749 1618 2811 undecim
1655 2771 1763 2830 per
1793 2752 1996 2811 certas
2045 2768 2248 2809 moras
2293 2746 2652 2809 exinanitas

408 2833 675 2914 cauponi
726 2833 1087 2912 persolvere.
1206 2832 1279 2897 N.
1330 2834 1501 2897 Estis
1558 2834 1752 2897 fortes
1797 2836 1878 2897 ad
1924 2832 2330 2897 debellandos
2369 2831 2650 2911 cyathos»,

412 2940 622 2980 verum
672 2919 749 2980 ad
797 2940 1019 2981 usuras
1052 2919 1399 3000 captandas
1431 2921 1680 2983 infirmi.
1781 2921 1856 2982 M.
1911 2918 2278 2995 Quomodo?
2374 2918 2445 2979 N.
2494 2917 2656 2993 Quia

410 3004 651 3067 scilicet
730 3004 1136 3067 inclementer
1210 3008 1503 3070 tractatis
1581 3007 1894 3069 debitores
1978 3012 2238 3082 vest-ros,
2315 3004 2483 3087 quod
2558 3004 2653 3067 vel

410 3090 665 3153 Orestes
733 3090 967 3154 diceret
1032 3114 1169 3155 esse
1228 3093 1439 3155 insani
1506 3091 1834 3155 hominis*
1923 3092 2080 3154 Nam
2129 3092 2180 3153 si
2229 3092 2366 3155 sani
2413 3090 2653 3167 esseti8‚

413 3176 743 3240 blanditiis
787 3177 1001 3257 potius
1046 3178 1383 3242 alliceretis
1430 3180 1720 3243 rusticos
1828 3178 1902 3240 H.
1951 3178 2090 3241 Non
2138 3200 2297 3259 opus
2359 3181 2486 3256 est3
2553 3197 2654 3238 ve-

422 3416 443 3454 s
522 3361 573 3465 ‘ta
599 3346 772 3399 Extat.
892 3353 921 3389 b
951 3348 999 3400 ci
1036 3352 1098 3401 st.
1136 3348 1191 3403 ti.
1312 3364 1335 3391 0
1363 3350 1618 3403 memoria
1655 3349 1800 3403 Tem..
1922 3353 1950 3391 d
1978 3366 2042 3420 ne
2082 3348 2228 3403 Tenx.
2357 3360 2381 3389 Θ
2408 3347 2653 3399 hostium.

465 3430 522 3466 os
580 3432 659 3467 ne.

557 3486 573 3515 ¹
610 3483 659 3537 S.
700 3484 767 3537 38
804 3487 863 3539 A.
902 3487 949 3539 4.
1010 3486 1127 3553 Vgl.
1166 3485 1251 3537 Br.
1291 3486 1369 3541 78.
1479 3489 1499 3520 2
1534 3487 1712 3540 Simon
1748 3487 1968 3538 Voltzke
2005 3502 2103 3538 aus
2143 3485 2455 3553 Havelberg.
2490 3484 2657 3536 Jurist

411 3552 503 3603 der
565 3552 797 3606 Erfurtcr
850 3554 1043 3607 Schule
1104 3554 1289 3621 (daher
1338 3556 1423 3607 die
1468 3557 1706 3623 folgende
1757 3556 2127 3622 Bezeichnung
2161 3554 2238 3607 als
2275 3552 2560 3622 Notarius),
2607 3552 2652 3605 2.

414 3620 609 3674 Rektor
646 3623 802 3683 1491,
837 3623 1075 3690 zugleich
1112 3624 1461 3676 Mainzischer
1496 3626 1734 3692 sigillifer
1770 3626 1874 3677 und
1910 3624 2210 3676 Kanoniker
2244 3623 2329 3674 bei
2364 3622 2413 3675 S.
2451 3621 2655 3685 Severi3

414 3690 547 3741 nach
586 3690 668 3745 ΒΓ.
708 3692 811 3745 490
848 3694 1025 3745 besass
1062 3709 1119 3745 er
1156 3697 1329 3760 spater
1382 3696 1518 3747 auch
1567 3695 1648 3746 ein
1701 3693 1995 3746 Kanonikat
2041 3708 2123 3745 am
2177 3690 2568 3758 Mai-ientenipel
2604 3690 2656 3743 in

412 3758 602 3812 Erfurt.
695 3761 818 3812 Wie
870 3762 1166 3829 uberhaupt
1221 3778 1381 3831 gegen
1440 3763 1523 3814 die
1575 3764 1808 3815 Juristen
1863 3764 1956 3814 der
2007 3762 2144 3815 alten
2199 3760 2390 3813 Schule
2448 3761 2656 3829 (Goede,

412 3828 603 3879 Martin
652 3846 752 3881 von
808 3831 899 3882 der
946 3830 1225 3899 Marthen),
1262 3848 1319 3883 so
1354 3834 1424 3883 ist
1459 3830 1659 3884 Mutian
1713 3830 1848 3883 auch
1904 3847 2064 3899 gegen
2125 3830 2342 3882 Voltzke
2398 3830 2656 3897 (VolscuS,

411 3895 683 3965 Fulcinius)
730 3898 1127 3965 cingenommen
1171 3902 1277 3951 und
1321 3900 1533 3964 geisselt
1568 3900 1660 3951 ihn
1697 3901 1766 3951 im
1807 3900 1922 3968 folg.
1975 3899 2189 3967 Dialoge
2237 3902 2315 3951 als
2367 3899 2659 3951 Wucherer

412 3966 521 4017 und
559 3965 899 4022 Schlemmer.
973 3970 1107 4021 Dass
1155 3970 1481 4035 personliche
1531 3970 1726 4021 Motive
1774 3969 2106 4034 mitwirk‘ten,
2157 3970 2354 4035 ergiebt
2403 3969 2512 4021 sich
2564 3984 2658 4021 aus

411 4035 513 4087 den
552 4034 797 4089 Worten:
836 4037 1013 4089 »Nunc
1050 4037 1203 4091 facile
1240 4040 1393 4090 credo
1430 4038 1681 4090 Matiane.
1721 4038 1808 4090 cui
1844 4044 1901 4089 tu
1939 4054 2181 4105 arrogans
2218 4042 2391 4104 pastor
2439 4037 2656 4105 (Morus)

410 4108 463 4155 et
501 4103 859 4158 indoctissimo
898 4110 1093 4158 notarie
1132 4106 1392 4175 (Voltzke)
1432 4123 1677 4175 magnam
1726 4108 1880 4159 affers
1926 4106 2236 4168 molestiam,
2284 4107 2456 4157 virum
2505 4122 2657 4173 gene-

410 4189 559 4225 rosae
597 4174 861 4227 doctrinae
903 4176 1227 4229 calumnians
1263 4176 1672 4244 indignissime«
1745 4177 1897 4228 Auch
1933 4176 2016 4227 die
2051 4178 2256 4241 spiitcrn
2292 4175 2656 4243 Beziehungen

411 4259 478 4293 zu
531 4242 749 4295 Voltzke
797 4260 971 4296 waren
1022 4261 1200 4313 wegcn
1258 4246 1349 4296 des
1405 4245 1640 4297 Handels
1700 4249 1795 4296 mit
1848 4245 1947 4296 den
2006 4245 2227 4296 Vikaren
2285 4245 2375 4295 der
2429 4244 2661 4295 Erfurter

414 4311 798 4365 Marienkirche
834 4314 965 4365 iiber
1003 4313 1229 4366 Mutians
1266 4314 1501 4365 Erfurter
1537 4314 1687 4365 Haus
1738 4318 1899 4365 etwas
1951 4318 2215 4379 gespannt.
2358 4316 2378 4343 ³
2410 4312 2659 4377 Νηφάλιος

413 4381 673 4502 niichlgern
711 4382 842 4433 wird
879 4382 1057 4435 Urban
1110 4388 1335 4452 gonannt
1372 4384 1442 4435 im
1483 4383 1773 4450 Gegensatz
1813 4400 1878 4434 zu
1914 4383 2012 4433 den
2055 4382 2230 4433 beiden
2285 4380 2658 4433 Schlemmern.

486 4454 504 4481 ⁴
587 4467 683 4504 eis,
722 4451 820 4507 111.
862 4452 973 4505 118.

467 4540 733 4578 zeitschrift
762 4541 815 4580 N.
844 4542 893 4580 F.
924 4540 1085 4587 Suppl.
1113 4541 1194 4580 IX.
2216 4521 2255 4582 6
