3084 4895
1299 375 1509 432 Mutian
1549 397 1616 432 an
1653 380 1855 434 Urban.
2628 385 2704 446 ’71

441 555 890 638 epitaphium*
936 578 1013 618 ex
1059 557 1340 636 tempore
1402 555 1650 618 fictum:
1716 553 1822 634 „Si
1886 554 2108 635 pietaS,
2171 554 2222 617 si
2286 559 2506 618 sancta
2552 556 2708 619 fides

442 641 813 705 conscendit
858 640 1213 723 Olympum,
1272 639 1415 704 Non
1460 643 1711 722 poterat
1757 639 2016 722 Stygios
2062 639 2165 703 ille
2212 641 2425 704 subire
2469 641 2702 706 lacus.“

441 727 529 791 Mi
600 727 871 804 Urbane,
944 728 1135 791 decus
1194 727 1432 789 ordinis
1497 727 1702 802 latini,
1763 727 1850 789 sis
1896 749 2173 802 securuS,
2245 728 2706 808 magnanimUS,

447 814 657 892 fortis3
708 837 853 878 nam
902 813 969 877 in'
1011 817 1265 896 portum
1316 812 1620 896 longioris
1669 812 1836 876 vitae
1882 813 2281 896 perveniunt,
2343 815 2452 895 qui
2498 815 2708 879 minus

445 906 709 966 mortem
756 904 1071 964 metuunt.

753 1002 875 1058 Cod.
918 1001 1047 1058 Frcf.
1088 1003 1171 1057 33.

446 1157 681 1226 (Gotha.)
1524 1142 1625 1205 67.
2513 1157 2710 1227 (1507.)

1203 1268 1493 1339 Mutian
1538 1289 1637 1338 an
1681 1268 1959 1339 Urban.

442 1405 463 1464 (
472 1397 809 1466 Grabsclzrift
843 1398 937 1465 fiir
971 1399 1072 1450 das
1109 1397 1330 1450 Kloster.
1407 1397 1661 1466 Spalatin
1695 1397 1808 1450 will
1841 1398 2070 1464 Pfarrer
2121 1399 2338 1462 werden,
2375 1398 2448 1451 ist
2482 1397 2606 1450 aber
2637 1415 2711 1451 au

1146 1467 1366 1536 zayhaft
1402 1467 1485 1520 bei
1516 1469 1609 1520 der
1643 1466 2000 1534 Bewerbuny.)

880 1580 1003 1631 Suo
1040 1582 1355 1632 carissimo
1391 1593 1594 1642 papae
1632 1580 1886 1631 Urbano
1923 1581 2011 1632 Μ.
2047 1578 2264 1632 Rufus.

652 1689 721 1754 S.
814 1691 954 1754 Non
1006 1693 1239 1754 attinet·
1286 1692 1465 1774 plura
1512 1693 1594 1755 ad
1639 1692 2089 1755 amicissimum
2123 1690 2507 1756 amicissimo
2542 1693 2708 1770 dare,

443 1799 640 1860 quum
710 1779 963 1860 utrique
1032 1784 1184 1842 nota
1248 1781 1331 1842 sit
1394 1779 1666 1842 Mutiani
1737 1779 2049 1840 voluntas.
2161 1776 2291 1840 Nec
2351 1784 2448 1841 est
2505 1783 2574 1841 ut
2635 1781 2710 1842 de

442 1863 841 1928 monimento
889 1865 1244 1928 coenobiali
1292 1869 1356 1928 et
1402 1866 1604 1946 ipsius
1673 1863 2085 1945 inscriptione
2150 1863 2440 1946 pluribus
2509 1887 2710 1947 agam.

443 1950 705 2014 Praeter
754 1953 920 2014 enim
954 1952 1156 2015 factos
1190 1975 1226 2014 a
1261 1973 1358 2014 me
1389 1952 1720 2033 rhythmos
1751 1963 1775 1990 0
1823 1951 1914 2014 sic
1945 1950 2140 2032 probo
2174 1951 2475 2031 pietatem
2509 1973 2710 2016 meam

444 2037 507 2100 in
577 2058 723 2100 ossa
792 2037 931 2102 luce
996 2037 1462 2114 defunctorum,
1527 2043 1602 2100 ut
1665 2059 1952 2100 censeam
2015 2035 2416 2102 scribendum
2487 2039 2711 2102 esse:d

452 2123 714 2204 „Venite
762 2125 841 2187 ad
889 2146 987 2187 me
1034 2145 1275 2201 omneS,
1337 2126 1445 2206 qui
1506 2124 1812 2187 laboratis
1857 2130 1920 2186 et
1964 2122 2208 2186 onerati
2265 2123 2438 2201 estis,
2485 2131 2562 2188 et·
2594 2146 2709 2206 ego

449 2232 564 2274 vos
597 2211 873 2274 reficiam
905 2222 929 2250 Θ
974 2217 1037 2274 et
1069 2212 1281 2294 quiete
1316 2211 1567 2275 donabo
1602 2208 1991 2293 perpetua.“¹
2070 2207 2302 2272 Noster
2341 2210 2712 2291 Spalatinus

448 2294 783 2362 subiturus
831 2303 927 2360 est
965 2297 1186 2379 jugum
1237 2298 1509 2380 pastoris
1541 2302 1671 2361 tam
1709 2297 1834 2359 cito
1867 2318 2054 2378 quam
2090 2294 2407 2360 libenter.²
2493 2297 2712 2378 Neque

449 2387 613 2449 enim
669 2407 738 2449 se
784 2383 920 2447 falli
966 2395 1079 2447 aut
1123 2384 1350 2447 falsum
1399 2408 1534 2447 esse
1579 2383 1845 2446 consilio
1893 2390 2107 2445 nostro
2153 2384 2494 2465 praedicat.
2587 2383 2712 2449 Sed

449 2471 666 2535 haeret
711 2473 775 2534 in
824 2472 1285 2554 praecursione,
1332 2477 1404 2536 ut
1450 2477 1548 2535 est
1606 2470 1996 2534 verecundus
2042 2474 2104 2532 et
2151 2470 2494 2547 modestus,
2551 2472 2712 2534 indi-

450 2581 603 2621 cans
649 2581 715 2621 se
765 2558 1042 2621 nondum
1091 2558 1403 2636 didicisse,
1453 2557 1622 2639 quod
1665 2558 1794 2639 jam
1844 2560 2020 2619 tenet
2064 2560 2177 2619 aut
2210 2557 2384 2620 brevi
2415 2558 2709 2639 operculo

450 2644 667 2708 discet.
764 2644 871 2709 Sic
918 2643 1098 2726 probi
1146 2645 1380 2724 solent3
1431 2644 1587 2707 nihil
1635 2645 1755 2707 sibi
1789 2647 2109 2724 arrogant,
2143 2644 2340 2725 partis
2373 2644 2710 2727 quaesitis-

449 2753 572 2812 que
618 2730 903 2794 scientiis
949 2732 1109 2794 citra
1149 2731 1523 2813 jactantiam
1561 2731 1582 2769 f
1627 2730 1868 2793 modice
1915 2729 2213 2811 gaudent,
2261 2752 2454 2812 quum
2489 2731 2710 2794 laetari

452 2818 655 2882 fusius
724 2819 987 2899 possint.
1080 2817 1187 2896 Te,
1246 2818 1329 2880 mi
1376 2816 1650 2892 Urbane,
1720 2816 1950 2880 trabali
2021 2816 2197 2879 clavo
2265 2820 2506 2900 pectori
2573 2838 2711 2881 meo

448 2904 717 2969 affixum
766 2904 972 2968 sentio
1019 2908 1150 2967 tam
1199 2903 1618 2967 humanitatis
1674 2926 1862 2985 quam
1924 2902 2288 2966 meritorum
2337 2904 2401 2967 in
2452 2927 2565 2968 nos
2609 2908 2712 2967 tu-

450 3013 627 3055 orum
692 2991 951 3055 intuitu.
1042 2989 1193 3053 Vale
1240 2996 1305 3054 et
1349 2992 1488 3055 vive
1534 2990 1772 3053 vivens
1864 2989 2018 3053 Post
2079 3012 2295 3053 cenam
2352 2992 2518 3055 inter
2564 3012 2712 3055 con-

454 3077 904 3142 fabulationes

771 3179 893 3233 Cod.
931 3177 1063 3231 Frct'.
1102 3180 1184 3231 39.

452 3333 638 3387 Gotha.
1538 3318 1640 3381 68.
1955 3335 2004 3385 5.
2040 3332 2148 3386 Mai
2187 3333 2342 3402 (1506
2377 3334 2502 3386 oder
2540 3334 2711 3401 1507).

1211 3420 1504 3507 Mutian
1549 3456 1644 3506 an
1690 3436 1965 3507 Urban.

734 3559 912 3626 (Bitte,
955 3559 1232 3628 Spalatins
1271 3560 1475 3627 lc'inyere
1512 3558 1864 3611 Abwesenhez't
1898 3575 1973 3610 xeo
2005 3558 2430 3626 ent-schuldiqen.)

625 3673 857 3735 Magno
886 3673 1084 3734 judici
1118 3674 1485 3734 rupieonum
1513 3686 1544 3725 8
1580 3677 1643 3726 et
1677 3674 1870 3724 totius
1905 3674 2187 3734 agrariae
2222 3674 2438 3724 classis
2470 3672 2552 3724 H.

1190 3762 1447 3811 Urbano
1484 3772 1596 3811 suo
1632 3761 1719 3812 M.
1754 3759 1976 3810 Rufus·

659 3871 723 3935 S.
818 3872 1003 3935 Facit
1048 3873 1387 3953 singularis
1456 3873 1822 3936 humanitas
1867 3876 1980 3937 tua
2026 3875 2090 3935 et
2133 3893 2377 3935 summa
2424 3892 2572 3953 erga
2615 3892 2716 3934 me

460 3958 925 4036 benevolentia,
971 3964 1045 4022 ut
1089 3958 1357 4022 scribam
1399 3960 1478 4023 ad
1525 3965 1590 4023 te
1635 3960 1907 4042 saepiuS,
1955 3959 2146 4022 etiarn
2191 3958 2245 4021 si
2290 3980 2478 4039 grave
2541 3958 2714 4021 deest

590 4108 617 4134 a
652 4094 1033 4161 epithaphium.
1178 4098 1205 4135 b
1234 4096 1551 4161 extemporc.
1677 4108 1701 4135 0
1729 4094 1962 4147 rithmoS.
2089 4096 2117 4134 (1
2147 4092 2328 4154 Lt'c‘elce,
2366 4092 2461 4144 wie
2497 4092 2591 4159 fiir
2625 4095 2712 4145 ein

455 4163 845 4229 aec-syelassenes
900 4163 1053 4215 Wort.
1197 4178 1220 4205 ὓ
1251 4164 1489 4215 rcfitiain.
1637 4167 1659 4203 f
1681 4163 2012 4230 jactanciam.
2154 4176 2182 4212 s
2210 4163 2526 4230 rupicoruni.

600 4236 613 4263 ¹
650 4231 835 4284 Matth.
880 4236 959 4299 11,
996 4232 1076 4286 28.
1222 4235 1241 4265 ‘²
1276 4232 1510 4299 Spalatin
1548 4232 1738 4285 erhielt
1785 4232 1943 4299 (nach
1997 4231 2383 4299 gew'ohnlichcr
2441 4232 2714 4283 Annalium

461 4301 609 4367 1507,
648 4316 757 4353 was
794 4302 919 4354 aber
954 4318 1049 4355 aus
1087 4303 1206 4355 dem
1242 4300 1616 4354 Briefwechsol
1651 4302 1799 4353 nicht
1825 4301 2094 4353 bestimmt
2117 4300 2324 4367 crhellt)
2353 4300 2436 4351 die
2459 4300 2714 4353 Parochie

456 4368 881 4492 ἓοὲἓῃξίῑοῖιθη,
918 4372 1055 4424 ohne
1091 4371 1241 4424 indes
1278 4370 1389 4423 sein
1425 4371 1679 4423 Lehramt
1713 4371 1767 4423 in
1805 4369 2150 4438 Georgenthal
2194 4370 2530 4436 aufzugebcn.
2593 4370 2712 4437 Vgl.
