3084 4895
1179 375 1390 429 Mutian
1433 392 1501 430 an
1539 376 1862 429 Hartmann.
2516 380 2645 445 535

515 542 914 622 Amplissimo
949 545 1160 605 legato
1199 546 1261 597 Β.
1296 545 1707 607 moguntinae
1744 544 1909 595 sedis
1940 544 2333 595 Hartmamio
2372 548 2515 598 abb.

1102 630 1373 689 principi
1409 642 1546 679 meo
1582 629 1671 678 M.
1706 628 1928 679 Rufus.

591 738 780 803 Salus
826 741 892 801 et
935 738 1138 819 gloria
1181 740 1324 817 tibi,
1387 739 1658 802 domine.
1750 738 1976 801 Merito
2022 742 2085 801 te
2131 740 2219 801 sic
2281 738 2537 804 honoris
2584 748 2646 806 et

378 824 577 889 officii
623 846 816 887 causa
863 826 1088 887 salute.
1183 824 1318 887 Tua
1365 826 1533 887 enim
1581 824 1987 887 incolumitas
2058 824 2221 886 lecto
2270 830 2334 886 et
2380 826 2646 891 culcitra

377 911 616 974 relictis
661 911 931 973 salutem
981 910 1166 973 affert
1209 911 1524 974 universis
1570 910 1902 972 ordinibus
1947 908 2460 973 Erdisfordianae
2523 914 2644 975 rei-

377 995 688 1078 publicae.
781 994 1004 1059 Faciat
1046 995 1171 1073 ille,
1218 997 1330 1078 qui
1375 994 1531 1057 nihil
1584 1016 1710 1057 non
1748 997 1977 1075 potest,
2018 999 2090 1057 ut
2122 1016 2274 1075 pace
2304 996 2646 1077 impetrata

377 1082 607 1145 civitas
654 1080 962 1155 refloreat,
1007 1080 1254 1164 tibique
1287 1080 1675 1162 pacificatori
1710 1079 1927 1142 sellam
1964 1080 2242 1143 curulem
2278 1080 2642 1161 eburneam,

377 1170 597 1245 togam
641 1166 902 1247 pictam,
950 1166 1230 1229 tunicam
1265 1166 1631 1247 palmatam,
1667 1168 1947 1245 pateram
1982 1186 2237 1227 auream
2272 1169 2335 1227 et
2367 1166 2644 1230 breviter

377 1252 675 1314 universa
721 1249 1131 1332 triumphalia
1177 1254 1553 1315 ornamenta
1616 1250 1915 1313 secundis
1980 1250 2303 1313 ominibus
2347 1255 2411 1314 et
2456 1251 2641 1324 hilari

375 1337 796 1399 consensione
865 1335 1180 1400 decernat.
1271 1336 1433 1399 Nam
1497 1335 1549 1398 si
1612 1334 1762 1397 olim
1831 1334 1968 1416 lege
2036 1339 2295 1397 cautum
2356 1335 2499 1412 fuit,
2563 1360 2641 1399 ne

375 1421 478 1485 cui
523 1420 885 1505 triumphus
916 1421 1387 1497 decerneretur,
1438 1421 1561 1484 nisi
1608 1421 1717 1499 qui
1764 1420 2045 1501 quinque
2092 1418 2295 1483 millia
2356 1421 2638 1485 hostium

373 1528 507 1570 una
551 1507 690 1570 acie
733 1506 1090 1583 occidisset,
1141 1511 1384 1587 quanto
1431 1505 1595 1569 foret
1639 1506 1905 1587 aequius
1956 1526 2067 1586 pro
2100 1507 2491 1569 conservatis
2522 1506 2641 1570 XX

373 1590 634 1656 milibus
683 1592 990 1660 bonorum
1051 1593 1283 1656 civium
1330 1596 1393 1655 te
1439 1591 1955 1654 honestissimum
2018 1596 2325 1672 apparatu
2390 1594 2638 1673 magni-

371 1677 786 1741 ficentissimo
834 1677 1277 1759 triumphare?
1365 1677 1520 1740 Mihi
1583 1675 1822 1739 sufficit
1882 1676 2163 1739 Danielis
2224 1675 2411 1739 hodie
2472 1677 2638 1741 lecta

373 1763 688 1845 precatio:
745 1762 1072 1843 „Domine,
1119 1784 1197 1825 ne
1245 1762 1557 1843 despicias
1598 1761 1901 1843 populum
1935 1766 2115 1825 tuum
2150 1783 2355 1843 neque
2387 1761 2637 1827 auferas

370 1847 867 1911 misericordiam
937 1851 1113 1911 tuam
1183 1870 1220 1915 a
1285 1846 1531 1912 nobi8.“
1642 1845 1809 1912 Audi
1879 1868 2067 1923 nunc,
2134 1852 2417 1928 patrone,
2481 1848 2635 1928 quid

369 1955 515 1997 mea
573 1932 843 2010 intersit.
939 1932 1222 1997 Adamus
1279 1932 1567 2007 Publius,
1629 1953 1807 1995 meus
1868 1931 2217 1996 obsonator
2262 1934 2327 1994 et
2373 1952 2631 2013 coquus,

369 2041 408 2082 a
454 2039 552 2082 me
599 2018 833 2082 missus
899 2019 981 2082 ad
1051 2016 1570 2100 Eitelvolphum,¹
1641 2017 1843 2080 virum
1912 2018 1977 2080 in
2044 2017 2191 2080 aula
2253 2015 2637 2097 Moguntina

374 2103 750 2187 praecipuae
798 2104 1137 2183 dignitatis
1179 2109 1244 2167 et
1289 2102 1694 2167 auctoritatis
1740 2107 1805 2165 et
1849 2102 2114 2184 gratiae,
2148 2124 2444 2183 magnam
2477 2103 2632 2167 mihi

369 2210 546 2271 spem
615 2186 886 2253 retulit.²
1006 2188 1338 2271 „Audivi“,
1410 2188 1643 2270 inquit,
1715 2187 2082 2269 „Albertum
2158 2189 2628 2251 sanctissimum

373 2273 735 2339 honorabili
804 2296 953 2339 voce
1022 2279 1354 2339 canentem
1433 2275 1649 2339 divina
1720 2274 2019 2354 mysteria
2094 2271 2255 2335 festo
2332 2272 2455 2347 die,
2530 2275 2633 2339 cui

377 2356 676 2423 Laetare⁸
711 2380 938 2423 nomen
975 2364 1085 2424 est,
1153 2360 1343 2423 Nulla
1375 2360 1496 2422 fuit
1530 2380 1810 2439 unquam
1846 2359 2119 2421 divinior
2148 2360 2630 2425 cerimoniarum

372 2445 558 2510 ratio.
651 2444 904 2527 Papalis
951 2467 1106 2509 crux
1153 2445 1494 2528 episcopali
1540 2444 1807 2526 scipioni
1878 2445 2067 2510 decus
2136 2443 2387 2526 adjecit.
2477 2440 2632 2508 Post

376 2541 506 2594 rem
584 2531 863 2595 divinam
939 2533 1268 2614 respondit
1337 2530 1815 2612 Eitelvolphus:
1893 2525 2017 2612 ,36)
2092 2533 2187 2591 mil
2252 2535 2351 2614 bn?
2418 2549 2629 2592 unstrut

368 2615 660 2688 Matiane
693 2619 987 2691 btuhae‘tlid)
1023 2615 1400 2693 anatinam*
1496 2616 1551 2680 Ο
1594 2615 1973 2679 fidissimum
2007 2620 2070 2679 et
2101 2614 2627 2694 benignissimum

367 2701 819 2765 auxiliarium!
928 2700 1156 2765 Verum
1235 2703 1300 2765 id
1365 2702 1532 2784 quod
1611 2701 1980 2782 flagitabam
2056 2704 2120 2763 et
2192 2699 2630 2782 Eitelvolphus

369 2787 764 2869 promiserat,
839 2785 1046 2850 adhuc
1113 2786 1330 2851 haeret
1374 2788 1437 2849 in
1487 2785 1833 2850 scribarum
1905 2786 2159 2850 decuria
2225 2789 2374 2848 tuae
2444 2785 2631 2848 nobis

367 2871 696 2936 felicitatis
757 2871 1220 2952 expediendum
1283 2895 1495 2936 manu.
1588 2871 1680 2934 De
1738 2893 1866 2953 qua
1928 2894 2039 2954 spe
2100 2892 2378 2934 seorsum
2440 2871 2518 2934 ad
2567 2874 2631 2934 te

370 2955 702 3035 scribam‚⁴
747 2962 1014 3038 patrone
1059 2960 1292 3021 noster.
1385 2958 1553 3020 Vale.
1600 2957 1733 3020 IIII.
1781 2957 1919 3020 Kal.
1968 2956 2117 3037 Apr.

580 3040 784 3106 Cardo
832 3043 964 3122 spei
1012 3045 1266 3105 nostrae
1298 3043 1363 3104 in
1400 3064 1472 3106 eo
1504 3043 1793 3105 vertitur.
1884 3043 2229 3123 Postquam
2264 3041 2361 3103 Jo.
2395 3040 2628 3119 Engel-

365 3126 622 3190 lendro⁵
671 3148 995 3190 successor
1028 3132 1126 3190 est
1157 3129 1344 3190 datus
1377 3128 1601 3190 doctor
1637 3127 1935 3190 Gamerae
1970 3125 2139 3207 (utar
2172 3127 2340 3188 notis
2374 3123 2627 3205 verbis),

368 3212 597 3276 cecidit
643 3234 784 3274 mea
830 3214 1243 3293 exspes-tatic.
1333 3213 1494 3276 Nam
1560 3212 1816 3293 poposci
1878 3233 2092 3292 preces
2155 3210 2484 3290 primarias
2530 3228 2628 3281 geu

365 3297 628 3371 Gistund)
695 3301 821 3360 nbat
877 3296 1096 3368 Sama.
1188 3299 1324 3360 ὶῐιιιι
1371 3300 1461 3374 hut
1507 3301 1606 3358 mit
1654 3299 1745 3373 het
1788 3296 2127 3375 witelmnlpl)
2187 3313 2305 3355 unm
2352 3293 2523 3354 Sinin
2570 3294 2627 3353 iu

361 3385 457 3442 bct
515 3383 782 3444 &anuuit
841 3381 1045 3462 ttftngt
1098 3383 1196 3444 mie
1251 3387 1350 3444 δας
1405 3386 1619 3456 tumen&
1680 3381 1779 3445 sei.
1870 3379 1994 3443 Sed
2044 3377 2201 3442 velle
2246 3400 2313 3441 se
2358 3377 2626 3442 scrutari

362 3486 614 3529 summa
660 3464 1012 3546 diligentia,
1059 3487 1138 3528 an
1185 3466 1400 3530 adhuc
1443 3466 1685 3547 aliquid
1734 3468 1931 3528 restet
1962 3464 2239 3528 dandum
2286 3463 2385 3526 vel
2431 3461 2627 3524 isthic

366 3550 467 3614 vel
515 3555 698 3614 extra
740 3549 1184 3632 Erphurdiam.
1277 3550 1360 3616 Se
1405 3555 1698 3633 paratum
1746 3571 1882 3614 esse
1928 3553 2178 3630 gratum
2226 3549 2382 3612 mihi
2422 3547 2625 3610 facere

361 3638 427 3698 et
473 3635 794 3719 opitulari.
886 3637 1000 3700 His
1047 3635 1234 3699 dictis
1279 3636 1545 3700 mandat
1590 3635 1916 3716 negotium
1986 3633 2308 3698 Chonrato
2373 3631 2625 3696 Rucker

508 3804 525 3835 ¹
560 3791 706 3856 Uber
738 3803 1004 3856 Eitelwolf
1035 3819 1159 3858 vom
1195 3802 1358 3870 Stein,
1397 3805 1498 3856 den
1535 3803 1807 3872 gelehrten
1832 3802 2041 3854 Freund
2060 3801 2152 3852 der
2169 3799 2622 3853 wissenschaften

359 3886 449 3924 am
499 3869 733 3924 Mainzer
777 3871 928 3937 Hofe,
965 3871 1070 3939 vgl.
1109 3871 1392 3938 Strauss,
1438 3871 1549 3924 Ulr.
1588 3889 1637 3922 v.
1675 3871 1823 3924 Hutt.
1860 3871 1903 3932 I,
1944 3869 2145 3922 15—18
2180 3886 2231 3921 u.
2271 3872 2315 3920 ὃ.
2388 3867 2623 3920 Mutians

358 3937 694 4007 Hoffnungen
745 3940 838 3992 auf
876 3940 972 3991 ihu
1019 3940 1235 3992 wurden
1281 3939 1450 3992 durch
1485 3939 1664 3992 seineu
1701 3939 1776 3990 im
1811 3939 1918 3990 Mai
1958 3939 2088 3990 1515
2126 3936 2375 4003 erfolgten
2413 3935 2519 3987 Tod
2556 3951 2623 3986 zu

357 4006 556 4059 nichte.
630 4007 745 4074 Vgl.
781 4007 867 4060 ΒΓ.
906 4007 1022 4061 498.
1097 4008 1299 4060 Hutten
1335 4024 1401 4060 an
1437 4007 1629 4074 Fuchs,
1670 4009 1748 4058 11.
1786 4007 1911 4059 Juni
1950 4008 2082 4058 1515
2120 4005 2453 4073 (Bocking,
2490 4002 2620 4069 Opp.

359 4074 404 4134 Ι,
440 4073 560 4142 43);
595 4075 763 4128 »Inter
799 4092 906 4141 eoa,
944 4076 1035 4144 qui
1074 4076 1128 4127 iu
1161 4076 1329 4128 literis
1365 4076 1610 4138 otiantur,
1664 4074 1953 4142 plurimum
2009 4073 2248 4140 suspexit
2302 4071 2620 4138 (Itelvolfus)

360 4141 662 4196 Mutianum
695 4143 909 4212 Rufum,
948 4161 1016 4196 ex
1052 4144 1286 4211 epistolis
1313 4147 1366 4195 et
1391 4144 1680 4196 amicorum
1708 4142 2157 4195 commendatione
2184 4141 2453 4207 cognitum
2479 4139 2623 4190 sibi«

433 4211 454 4242 ²¹
492 4200 635 4266 Uber
666 4213 877 4266 friihere
912 4213 1105 4265 Reisen
1140 4214 1238 4264 Ad.
1277 4211 1512 4264 Publius'
1550 4209 1688 4264 nach
1728 4211 1932 4263 Hessen
1965 4210 2069 4277 vgl.
2109 4210 2158 4263 S.
2198 4209 2297 4262 513
2334 4209 2395 4262 A.
2434 4208 2481 4259 2.

433 4279 456 4310 ⁸
491 4280 572 4336 20.
609 4279 768 4332 Μὲὶτκ.
910 4283 931 4314 ⁴
963 4281 1071 4334 Das
1132 4281 1418 4333 besondere
1475 4278 1762 4332 Schreiben
1814 4278 1979 4332 bildet
2026 4279 2126 4332 den
2174 4277 2399 4345 Anhang
2451 4275 2621 4328 dieses

359 4346 450 4401 Bt.
593 4350 614 4381 ⁶
649 4348 699 4404 S.
737 4350 838 4403 515
873 4353 935 4404 A.
973 4349 1023 4404 9.
