3084 4895
1192 397 1407 454 mutiam
1436 413 1512 453 an
1548 396 1806 454 Herbord.
2496 400 2623 468 195

357 586 569 632 errare
609 589 712 632 me
755 571 968 650 pntaS‚
1027 571 1362 652 propterea
1406 571 1579 652 quod
1622 573 1688 634 te
1732 570 2113 634 accusabam
2164 567 2627 638 taciturnitatis

361 658 426 718 et
473 653 826 736 superbiae,
871 657 1010 718 tum
1057 655 1178 719 tibi
1211 657 1545 733 assentiar,
1578 677 1775 736 quum
1806 656 2011 738 magis
2042 657 2335 720 idoneam
2369 679 2627 722 causam

362 738 728 803 reddideris
821 739 1107 803 Excusas
1139 742 1422 804 animum
1456 741 1900 822 perturbatum
1932 746 1995 804 et
2034 743 2171 805 sine
2202 743 2328 806 fine
2358 745 2623 807 anxium

363 829 429 886 et
501 846 878 906 suspensum
949 825 1026 887 de
1093 825 1319 902 salute,
1395 828 1807 903 increment0‚
1878 827 2297 908 amplitudine
2361 829 2625 909 patriae.

366 907 542 972 Esto.
635 909 757 972 Sed
805 909 1157 973 doctissimi
1222 913 1478 975 unicum
1537 910 2038 975 adversariorum
2101 911 2402 975 solatium
2460 917 2627 976 teste

365 993 593 1056 Fabio·
657 994 876 1057 literas
927 999 1332 1077 putaverunt.
1424 995 1625 1058 Nemo
1688 996 1811 1063 nisi
1869 1017 1987 1058 sua
2041 997 2235 1076 culpa
2280 998 2387 1060 diu
2435 998 2624 1061 dolet.

366 1077 693 1142 Fortuitos
739 1099 924 1142 casus
969 1079 1139 1142 hau-d
1201 1099 1436 1160 magno
1493 1080 1710 1142 animo
1770 1082 2085 1144 sustinere
2137 1082 2453 1144 dementis
2509 1087 2623 1145 est.

367 1163 636 1228 Jaceant
701 1163 954 1226 factiosi
1018 1161 1360 1229 Scariotes²
1415 1164 1484 1227 in
1539 1162 1864 1228 Tulliano⁸
1912 1170 1977 1229 et
2019 1165 2278 1230 tandem
2343 1167 2629 1248 pendant

365 1248 612 1329 peccati
657 1269 910 1328 poenas.
1002 1249 1134 1313 Nos
1181 1249 1434 1312 infimae
1481 1251 1672 1312 sortis
1708 1249 2076 1314 homunculi
2113 1249 2173 1314 h.
2210 1273 2261 1313 e.
2296 1248 2619 1316 Musarum

364 1333 560 1396 sacris
592 1333 831 1396 initiati
866 1333 1163 1398 cedamus
1196 1333 1472 1410 furiosae
1508 1334 1679 1416 plebi
1714 1339 1776 1398 et
1806 1335 2099 1416 gloriosis
2139 1335 2623 1402 Thrasonibus.⁴

363 1415 718 1500 Utrobique
749 1419 994 1501 scopuli
1027 1423 1196 1484 sunt.
1263 1419 1325 1482 Is
1350 1420 1600 1484 demum
1635 1421 1903 1502 supinus
1926 1442 2312 1502 securusque
2339 1422 2623 1504 navigat,

363 1503 473 1584 qui
533 1503 871 1586 praecipuo
945 1504 1207 1588 soloque
1277 1505 1393 1567 deo
1463 1505 1661 1568 servit
1726 1505 1861 1568 sine
1936 1507 2214 1568 crimine.
2304 1505 2440 1569 Hac
2505 1529 2624 1589 ego

363 1589 772 1670 persuasione
851 1587 1041 1654 fruor.
1163 1589 1498 1653 Novitates
1587 1589 1819 1654 mando
1909 1591 2174 1654 curiosis
2250 1595 2316 1654 et
2389 1592 2625 1674 quibus

357 1673 710 1737 auctoritas
779 1675 1206 1754 praesentium
1267 1679 1364 1738 est
1425 1675 1627 1738 carior
1687 1697 1877 1756 quam
1941 1697 2089 1739 vera
2144 1675 2365 1758 gloria.
2456 1675 2622 1740 Vale.

359 1755 430 1821 Si
492 1779 647 1836 erro,
714 1758 896 1822 dabis
966 1760 1215 1822 veniam
1279 1759 1667 1824 oscitationi.
1756 1759 1977 1841 Neque
2034 1762 2203 1824 enim
2264 1760 2385 1824 tibi
2446 1784 2624 1843 prae-

351 1843 642 1924 judicare
700 1848 814 1907 aut
874 1844 1052 1920 fer-re,
1117 1845 1226 1908 sed
1289 1844 1498 1909 <dicere
1566 1845 1950 1908 sententiam
2020 1846 2210 1909 volui.
2299 1845 2488 1921 Illud,
2550 1853 2625 1910 ut

361 1949 632 2009 augeam
679 1927 834 1991 haec
881 1929 1154 2010 quadam
1217 1929 1593 2010 adjectione,
1642 1929 1813 1994 furor
1860 1935 1956 1993 est
2000 1935 2065 1994 et
2112 1929 2392 2012 profecto
2451 1931 2625 1994 furor

361 2034 640 2089 censere,
687 2015 862 2078 nasci
909 2019 1160 2078 tantum
1208 2016 1376 2078 viros
1422 2015 1757 2096 principes.
1848 2015 2012 2079 Novi
2058 2015 2349 2080 homines
2386 2015 2624 2080 Marius

358 2103 426 2161 et
471 2096 690 2161 Cicero
751 2098 1010 2162 fuerunt
1053 2101 1120 2162 in
1168 2121 1428 2164 romana
1487 2099 1831 2182 republica.
1925 2100 2121 2182 Atqui
2186 2101 2385 2164 Mario
2451 2103 2624 2183 copi-

359 2205 540 2246 arum
601 2183 750 2246 duci
811 2185 997 2266 pauci
1067 2189 1534 2266 comparantur.
1650 2183 1939 2248 Ciceroni
2006 2207 2191 2249 nemo
2256 2185 2625 2265 eloquentia

357 2268 718 2350 respondet.
807 2267 952 2332 Non
999 2269 1158 2334 satis
1203 2275 1302 2333 est
1345 2271 1524 2334 nasci
1570 2270 1739 2333 claro
1785 2269 1943 2334 loce.
2034 2269 2248 2334 Virtus
2290 2269 2623 2335 illustrat.⁵

359 2353 533 2429 Quot
603 2357 776 2431 sunt,
851 2354 961 2436 qui
1031 2376 1110 2418 ex
1185 2354 1372 2420 claris
1447 2355 1821 2436 parentibus
1894 2355 2033 2419 nati
2108 2356 2624 2438 degenerarunt?

357 2437 652 2503 Meliores
723 2443 938 2505 essent
1011 2461 1210 2521 reges,
1277 2443 1352 2505 ut
1415 2439 1634 2521 inquit
1694 2440 2025 2519 IsocrateS,
2095 2441 2150 2504 si
2216 2462 2324 2505 eos
2400 2439 2624 2505 electio

357 2524 614 2589 faceret.
709 2524 818 2589 Fit
877 2524 1127 2603 Caesar,
1189 2547 1316 2589 non
1365 2528 1663 2589 nascitur.
1754 2524 1865 2589 Fit
1921 2525 2214 2608 pontifex
2258 2548 2449 2603 max„
2496 2547 2625 2591 non

359 2610 666 2673 nascitur.
773 2610 946 2674 Idem
1025 2610 1228 2673 sentio
1305 2610 1381 2673 de
1447 2609 1771 2674 Ludovico
1837 2609 1973 2673 XII.
2056 2632 2202 2690 rege
2273 2610 2622 2687 Gallorum,

359 2694 530 2757 idem
606 2694 682 2757 de
755 2694 1266 2775 arcliiepiscopi8‚
1346 2716 1507 2775 quos
1582 2699 1648 2757 et
1721 2715 2020 2776 praesens
2092 2716 2249 2758 usus
2325 2696 2625 2775 dignatur

359 2779 672 2843 vocabulo
744 2780 1071 2862 principis,
1141 2784 1206 2843 et
1271 2779 1653 2860 antiquitus,
1723 2783 1795 2843 ut
1841 2780 2076 2859 legitur
2134 2782 2196 2844 in
2258 2779 2624 2860 EvangeliO,

359 2864 788 2929 nominabant
875 2866 1192 2949 principes
1279 2864 1701 2938 sacerdotum,
1791 2864 2011 2943 quales
2100 2867 2282 2927 erant
2356 2864 2624 2929 docente

359 2948 616 3013 Christo
663 2949 881 3013 Annas
913 2958 976 3013 et
1007 2948 1302 3031 Caiphae,
1348 2952 1727 3032 procurante
1770 2948 2078 3013 Judaeam
2110 2948 2341 3014 Pontio
2394 2950 2624 3027 Pilato,

360 3036 714 3115 imperante
771 3034 1042 3098 Tiberio,
1135 3034 1302 3111 Quid
1347 3034 1540 3117 igitur
1586 3034 1651 3096 in
1698 3034 1881 3099 cunis
1936 3034 2071 3098 nati
2127 3035 2443 3116 principes
2499 3034 2623 3097 sibi

361 3120 722 3201 arrogant?
831 3119 1079 3203 Religio
1153 3120 1354 3203 praeit
1429 3120 1663 3201 generi.
1774 3118 1869 3182 Ne
1937 3120 2239 3183 Italorum
2308 3118 2625 3182 Gebellini

362 3200 598 3289 repant
639 3205 704 3267 in
764 3202 1169 3269 Germaniam
1217 3208 1281 3269 et
1326 3226 1539 3269 sacros
1602 3203 1794 3267 veluti
1852 3202 2119 3267 Guelfos
2188 3204 2447 3267 licentia
2509 3227 2625 3267 sua

363 3294 677 3373 premant.
771 3288 894 3353 Sed
943 3290 1098 3355 haec
1141 3291 1205 3353 in
1254 3286 1611 3371 principiis⁶
1658 3310 1785 3352 non
1832 3288 2119 3352 dicerem.
2208 3290 2281 3351 In
2316 3290 2624 3353 coenobio

362 3376 560 3439 libere
620 3376 794 3457 loqui
859 3375 956 3439 fas
1001 3380 1116 3441 est.
1205 3376 1276 3437 In
1337 3374 1667 3457 principiis
1728 3373 1879 3453 quid
1940 3375 2182 3447 deceat,
2238 3375 2451 3437 sciunt
2514 3378 2623 3453 qui

363 3462 744 3524 militarunt.
834 3460 1071 3524 Iterum
1119 3460 1256 3523 vale
1299 3464 1366 3523 et
1409 3466 1618 3523 tecum
1668 3458 1907 3520 habita.
1990 3458 2088 3521 Ex
2124 3458 2337 3521 Gotha
2368 3458 2619 3539 oppido,

361 3546 422 3609 M
435 3545 563 3608 DX.

672 3646 794 3699 Cod.
831 3644 963 3697 Frcf.
1000 3643 1118 3698 457.

501 3904 520 3933 ¹
558 3900 864 3966 Quintilian.
973 3902 992 3933 ²
1025 3900 1330 3966 Ischariote‚
1378 3898 1753 3965 Mitschuldige
1801 3895 2024 3948 Kelners
2072 3893 2127 3946 in
2162 3894 2353 3946 Erfurt.
2464 3897 2484 3927 ³
2520 3896 2622 3952 Ge-

356 3970 580 4037 sangnis.
721 3971 742 4001 ⁴
777 3968 971 4021 Thraso
1025 3970 1117 4021 der
1170 3970 1340 4022 Namc
1395 3969 1488 4019 des
1541 3967 1695 4019 miles
1749 3965 2004 4032 gloriosus
2058 3963 2129 4013 im
2184 3962 2476 4015 Eunuchon
2530 3965 2623 4017 des

355 4039 570 4091 Terenz.
679 4040 700 4068 ⁶
734 4037 834 4089 Ein
871 4036 1372 4104 Lieblingsgedanke
1408 4038 1500 4089 der
1535 4034 1899 4087 italicnischeu
1938 4030 2303 4091 Humanisten,
2331 4031 2431 4083 dcn
2458 4032 2619 4085 schon

357 4108 615 4159 Brunetto
651 4104 825 4157 Latini
877 4106 986 4157 und
1041 4107 1210 4159 Dante
1259 4104 1627 4171 aussprecheu.
1702 4102 1819 4169 vgl.
1858 4102 1918 4153 L.
1958 4100 2217 4167 Gcigcr.
2272 4099 2622 4153 Renaissance

355 4175 470 4227 und
505 4174 890 4227 Humanismus
925 4173 980 4225 in
1017 4174 1204 4227 Italien
1241 4173 1347 4225 und
1384 4170 1761 4224 Deutschland.
1834 4170 1883 4221 S.
1927 4169 2005 4219 19.
2079 4168 2342 4245 Zuniichst
2377 4174 2623 4235 angeregt

355 4260 428 4295 zu
467 4242 663 4293 diesem
717 4241 998 4293 Gedanken
1049 4243 1230 4293 wurde
1277 4241 1482 4293 Mutian
1531 4239 1700 4291 durch
1736 4238 1837 4289 den
1873 4236 2060 4301 Dialog
2113 4236 2347 4288 Platinas
2382 4236 2461 4287 De
2497 4253 2624 4289 vera

359 4310 653 4375 nobilitate,
692 4310 784 4361 der
823 4310 955 4361 1510
991 4310 1045 4361 in
1081 4310 1258 4363 Erfurt
1294 4309 1379 4360 bei
1413 4307 1660 4360 Scriblita
1683 4322 1787 4359 neu
1811 4304 2073 4371 ausgelegt
2112 4304 2305 4355 wurdc.
2412 4304 2435 4335 ⁶
2468 4304 2618 4356 Hier:

355 4380 434 4433 im
472 4376 930 4446 Hauptquaiticre.
2074 4442 2154 4504 13
2178 4440 2208 4477 *
2335 4408 2345 4415 -
