3084 4895
1219 395 1427 458 Muti-an
1464 420 1533 459 an
1571 395 1772 461 Urban.
2545 404 2628 474 33

382 594 544 661 quos
584 572 889 661 juventus
950 598 1252 662 magnum
1313 601 1644 645 numerum
1705 603 1996 645 versuum
2055 582 2332 660 edidicit,
2399 604 2639 665 „neque

382 665 479 728 fas
548 687 684 729 esse
751 666 1124 730 existimant
1191 689 1265 730 ea
1329 666 1530 730 literis
1605 667 1996 731 mandare.“¹
2109 668 2233 734 Sed
2307 669 2491 733 redeo
2558 670 2635 732 ad

384 752 823 833 quaestionem
888 752 1123 816 relictis
1180 752 1524 816 Druidibus
1585 755 1820 817 nostris
1876 776 2138 835 eamque
2185 755 2314 818 tuis
2360 755 2637 818 humeris

383 838 660 920 impunc,
728 839 1005 902 maxime
1050 843 1122 902 ut
1166 839 1489 903 literarum
1553 840 1719 903 inter
1778 861 1894 904 nos
1949 842 2321 910 vicissitudo
2389 863 2638 905 conser-

382 931 562 988 vetur
607 930 671 988 et
715 930 1041 1005 augeatur.

586 1011 752 1088 Quid
816 1010 1020 1074 dicam
1085 1010 1163 1074 de
1222 1011 1431 1092 poetis
1498 1011 1784 1093 ineptis?
1873 1011 2022 1076 Tres
2069 1014 2146 1078 ad
2195 1035 2294 1078 me
2355 1015 2632 1078 veniunt.

382 1095 537 1174 Quis
582 1117 797 1161 eorum
830 1097 1346 1178 vaniloquentior
1376 1097 1477 1174 sit,
1511 1098 1722 1161 verbis
1754 1100 2100 1180 exprimere
2133 1122 2394 1182 neque0.
2456 1099 2636 1164 Unus

382 1182 685 1264 pestilens
731 1183 830 1247 fur
877 1189 975 1246 est
1018 1188 1083 1246 et
1128 1183 1470 1265 plagiarius
1517 1184 1751 1263 Ovidii,
1799 1186 2116 1249 secundus
2163 1186 2470 1250 barbarus
2501 1187 2636 1250 bla-

384 1273 641 1345 terator,
686 1270 914 1333 tertius
958 1270 1051 1332 ita
1094 1269 1343 1333 hebetis
1388 1271 1585 1333 animi
1645 1272 2003 1348 homuncio,
2036 1284 2062 1311 ³
2121 1278 2194 1335 ut
2255 1273 2406 1355 quid
2467 1273 2637 1336 dicat

388 1377 573 1419 nemo
621 1361 871 1438 praeter
914 1378 979 1418 se
1024 1357 1231 1438 ipsum
1278 1356 1615 1437 intelligat.
1706 1357 1899 1421 Ponit
1941 1360 2003 1420 in
2053 1358 2259 1422 fronte
2303 1359 2447 1422 libri
2479 1381 2635 1441 qua-

383 1445 529 1505 tuor
572 1442 736 1505 male
780 1442 1065 1506 literatos
1112 1446 1174 1504 et
1218 1441 1517 1505 ridiculos
1565 1465 1799 1519 versus,
1848 1465 2006 1526 quos
2055 1446 2342 1526 equidem
2377 1444 2636 1508 luminis

384 1549 565 1608 egere
624 1549 869 1592 censeO.
961 1528 1196 1593 Omnes
1255 1529 1362 1592 isti
1423 1529 1697 1592 cacozeli
1763 1536 1915 1593 sunt
1959 1536 2022 1594 et
2067 1533 2250 1612 quasi
2312 1532 2636 1595 hirudines

382 1619 683 1696 sugentes
758 1615 987 1678 malum
1060 1615 1453 1696 sanguinem,
1529 1614 1766 1679 bonum
1833 1617 1896 1678 in
1965 1619 2170 1700 poetis
2243 1618 2630 1700 relinquunt.

380 1700 700 1782 Legerunt
748 1705 904 1783 puto
951 1705 1015 1763 et
1059 1699 1427 1764 thesaurum
1476 1703 1928 1782 quaesiverunt.
1971 1705 2034 1766 in
2083 1704 2281 1782 libris,
2343 1706 2452 1767 sed
2497 1727 2632 1767 car-

379 1787 598 1862 boneS,
645 1791 719 1850 ut
762 1787 1012 1864 dicitur,
1060 1809 1184 1850 non
1230 1787 1598 1868 thesaurum
1630 1788 1658 1826 ¹²
1716 1789 2114 1868 invenerunt,
2179 1812 2431 1872 prorsus
2498 1790 2634 1853 ille-

379 1873 532 1954 pidi,
599 1873 805 1952 rudes,
873 1873 1189 1956 loquaces.
1281 1873 1447 1936 Cave
1506 1874 1786 1956 proferas
1846 1877 1964 1938 hoc
2023 1876 2332 1958 judicium
2403 1899 2629 1941 meum.

380 1959 521 2023 Non
569 1983 708 2024 sum
751 1959 1045 2042 publicus
1108 1982 1348 2036 censor,
1409 1961 1644 2024 nullius
1703 1960 1978 2025 hominis
2025 1970 2409 2046 praeceptor.
2503 1962 2634 2026 Nos
2693 1985 2695 1988 ⁴

382 2045 663 2110 colamus
742 2048 1091 2110 doctrinam
1168 2046 1655 2109 remotissimam
1727 2053 1789 2110 et
1863 2070 2104 2112 morum
2144 2047 2629 2131 'praestantiam

381 2133 678 2214 vitaeque
724 2134 1177 2212 integritatem.
1271 2130 1455 2196 Caeci
1504 2129 1776 2198 valeant.
1870 2134 2104 2200 Valete.

688 2233 811 2289 Cod.
848 2232 980 2287 Frcf.
1019 2233 1101 2287 36.

378 2387 611 2457 (eotha.)
1450 2371 1550 2435 27.
2249 2396 2256 2404 ·
2416 2343 2632 2459 (1505.)²

1132 2482 1421 2551 Mutian
1468 2502 1564 2551 an
1609 2481 1885 2551 Urban.
2566 2490 2570 2495 ’

376 2593 505 2660 (Lob
539 2594 630 2646 der
662 2592 718 2645 F
711 2592 1053 2660 reundschaft
1100 2593 1322 2647 Urbans.
1378 2594 1493 2647 Das
1521 2594 1854 2647 Mumvirat
1890 2594 2086 2658 Urbem,
2111 2595 2376 2663 Spalatin,
2397 2594 2627 2647 Mutian.

468 2663 575 2715 Der
607 2664 781 2716 walzre
824 2662 1070 2716 Christus
1104 2663 1251 2715 nicht
1289 2664 1467 2731 Spei-se
1500 2665 1615 2716 und
1650 2664 1837 2728 Promk,
1873 2665 2097 2717 scudem
2140 2664 2524 2733 Gereclztiykaeia

1266 2732 1463 2801 Wiede,
1499 2732 1739 2800 stende.)

398 2848 673 2896 Hem-ico
710 2846 985 2903 Urban0,
1018 2860 1168 2896 vero
1205 2846 1550 2906 Israelitae,
1583 2848 2090 2907 presbyterorum
2125 2848 2585 2905 humanissime,

1095 2944 1207 2981 suo
1242 2936 1526 2992 patrono,
1562 2934 1650 2983 Μ.
1686 2932 1909 2984 Rufus.

585 3040 647 3104 S.
743 3043 875 3123 Ago
942 3044 1183 3123 gratias
1228 3048 1292 3107 et
1336 3044 1436 3125 ajo
1486 3067 1581 3107 me
1628 3050 1807 3108 tuum
1872 3067 2006 3108 esse
2075 3066 2324 3107 nomen.
2417 3043 2626 3106 Debeo

378 3129 545 3191 enim
575 3128 692 3191 tibi
719 3130 949 3206 omnia,
977 3150 1139 3209 quae
1160 3152 1440 3212 possum,
1468 3130 1664 3194 debeo
1693 3133 1880 3194 etiam
1909 3131 2086 3211 plura
2119 3152 2306 3211 quam
2341 3152 2625 3211 possum:

380 3220 564 3278 tanta
596 3221 691 3278 est
725 3218 1085 3278 meritorum
1130 3218 1522 3298 magnitudo.
1614 3217 1921 3280 Procuras
1971 3218 2103 3299 pari
2143 3216 2265 3279 fide
2299 3223 2361 3280 et
2395 3238 2531 3279 mea
2564 3221 2627 3278 et

373 3301 666 3364 'coenobii
710 3301 806 3363 tui
855 3300 1020 3364 bona
1066 3306 1130 3364 et
1175 3325 1339 3365 unus
1384 3303 1604 3367 mult-is
1635 3303 1971 3367 satisfacis.
2050 3303 2202 3379 Quis
2234 3309 2296 3367 te
2330 3302 2456 3366 non
2492 3303 2626 3366 lau-

375 3387 599 3450 daret?
686 3386 848 3449 Novi
894 3388 1245 3469 complures
1290 3394 1353 3452 et
1400 3390 1813 3470 peritissimos
1857 3395 2048 3470 atque
2109 3392 2384 3471 optimos
2438 3410 2622 3451 oeco-

376 3494 619 3557 nomos
687 3475 851 3535 inter
918 3494 1077 3555 quos
1143 3474 1337 3537 frater
1398 3477 1547 3539 olim
1613 3498 1786 3539 meus
1832 3478 1896 3539 in
1943 3476 2180 3558 palatio
2245 3475 2623 3557 Moguntino

375 3560 713 3642 prudentia
757 3560 990 3633 floruit,
1038 3562 1146 3623 sed
1194 3562 1283 3623 ita
1331 3561 1574 3635 doctOS,
1621 3564 1712 3625 ita
1758 3561 2088 3634 humanOS‚
2135 3563 2226 3624 ita
2272 3568 2510 3639 cautOS,
2555 3567 2624 3624 ut

376 3656 583 3712 tecum
632 3647 763 3709 sint
808 3647 1234 3728 comparandi,
1298 3671 1451 3711 sane
1512 3671 1702 3730 quam
1763 3649 2194 3730 paucissimos
2295 3651 2501 3728 Auges
2562 3654 2624 3710 et

375 3732 724 3815 amplificas
770 3754 897 3795 rem
944 3740 1117 3795 tuam
1166 3734 1504 3816 publicam,
1555 3756 1676 3797 non
1725 3734 2085 3809 insolenter,
2149 3754 2272 3795 non
2335 3734 2620 3815 superbe,

380 3819 553 3881 velut
582 3818 962 3881 Federichus
994 3818 1459 3900 magnocuIUS,³
1506 3822 1614 3884 sed
1660 3821 1922 3904 placide,
1956 3821 2254 3899 modeste,
2287 3822 2622 3903 sapienter,

511 3966 539 3994 a
566 3952 854 4008 homuntio.
995 3956 1023 3994 b
1052 3954 1423 4021 quaesiverunt
1460 3998 1470 4009 .
1511 3998 1521 4009 .
1565 3996 1574 4007 .
1612 3956 1918 4007 thesaurum
1954 3954 2081 4020 fehlt
2116 3953 2198 4005 bei
2235 3952 2382 4006 Tem.

517 4025 530 4053 ¹
570 4022 715 4076 Caes,
754 4023 802 4077 b.
840 4040 886 4089 g.
926 4021 1017 4085 VI,
1058 4024 1138 4081 14,
1176 4024 1222 4077 3.
1366 4026 1385 4056 ²
1419 4025 1526 4076 Der
1571 4024 1676 4076 Tou
1726 4025 1817 4075 dcs
1865 4023 1968 4089 Br.,
2017 4024 2101 4075 die
2155 4022 2620 4075 schmeichelhafte

377 4090 769 4159 Vergleichung
806 4092 1014 4143 Urbans
1050 4093 1149 4143 mit
1182 4093 1298 4147 Joh.
1338 4093 1466 4149 Mut.
1507 4094 1622 4145 dem
1651 4092 2089 4160 Kiichenineister
2124 4092 2194 4155 (S.
2240 4095 2300 4144 13
2339 4098 2400 4144 A.
2444 4093 2509 4158 1),
2537 4092 2620 4145 die

375 4159 767 4227 Vei-sicherung
818 4161 999 4213 {ic-litei·
1051 4161 1092 4213 F
1094 4162 1430 4214 reundschaft
1478 4162 1586 4214 und
1623 4163 1706 4213 die
1743 4164 1960 4214 fromme
2015 4166 2318 4228 A'ussemng
2365 4162 2494 4212 iiber
2529 4160 2620 4211 das

375 4228 561 4281 Lamm
600 4230 781 4281 Gottes
817 4230 921 4281 und
962 4231 1148 4282 dessen
1186 4230 1343 4298 Opfer
1378 4233 1600 4283 machon
1638 4229 2089 4293 wahrscheinlich,
2121 4232 2241 4282 dass·
2267 4229 2618 4283 de1·B1·.kurz

374 4314 469 4349 vor
505 4298 690 4351 Ostern
734 4299 863 4351 1505
900 4299 1239 4365 geschricben
1274 4300 1357 4353 ist.
1429 4300 1575 4353 Doch
1627 4298 1979 4367 entschuldigt
2002 4300 2124 4352 sein
2162 4299 2498 4365 allgemeincr
2532 4298 2618 4349 ln-

374 4366 485 4418 halt
522 4369 619 4419 den
664 4369 771 4419 ihm
809 4368 1204 4434 angewiesenen
1242 4368 1405 4422 Platz.
1517 4371 1537 4399 ⁸
1570 4368 1868 4422 Fridericus
1895 4369 2220 4421 Oeconomus
2257 4370 2347 4419 des
2384 4367 2618 4419 Klosters

372 4435 860 4501 Reinhardsbrunn,
896 4454 999 4489 von
1035 4437 1291 4489 walchem
1328 4440 1462 4490 noch
1500 4438 1770 4490 mehrfach
1798 4439 1874 4491 als
1901 4456 2001 4490 von
2030 4439 2197 4490 einen)
2225 4438 2360 4489 nach
2385 4442 2620 4495 {iusserer

424 4527 690 4566 zeitschrift
717 4528 771 4567 N.
798 4528 851 4567 F.
882 4527 1036 4574 Suppl.
1064 4528 1145 4567 1x.
2165 4508 2203 4570 3
