3084 4895
503 434 630 502 374
1353 433 1528 488 Briefe
1566 431 1658 486 des
1692 433 1742 488 J.
1784 433 1930 488 1513.

513 609 917 692 expenderet,
967 610 1038 672 ut
1083 606 1240 670 bene
1286 607 1583 672 restituta
1628 607 1990 690 refectaque
2022 607 2207 672 domo
2242 607 2492 672 vicariis
2524 609 2781 671 deesset

514 697 878 777 importuna
947 693 1221 776 querela.
1335 692 1589 758 Placuit
1662 694 1820 758 mihi
1893 699 2147 777 pactum
2224 700 2629 766 conventum,
2710 697 2780 754 et

513 781 916 846 auctoritatis
977 785 1124 844 tuae
1184 780 1489 863 placitum
1538 784 1611 844 ut
1658 781 1771 844 viri
1818 780 2069 844 solertis
2124 786 2187 844 et
2232 781 2417 846 amici
2478 779 2777 845 fidissimi

511 872 719 932 ratum
789 865 1013 930 habeo.
1104 866 1324 949 Neque
1389 866 1557 930 enim
1627 867 1829 948 magis
1894 868 2099 949 cupio,
2161 889 2351 950 quam
2415 872 2487 931 ut
2544 867 2780 930 domus

515 957 688 1018 sarta
761 957 931 1016 tecta
1006 953 1455 1034 conspiciatur.
1578 951 2045 1016 Satisdationes
2132 959 2343 1018 autem
2421 954 2562 1016 illas
2630 951 2781 1035 jure

515 1039 685 1104 civili
733 1039 1131 1104 introductas
1194 1038 1596 1102 remittimus,
1688 1038 1908 1120 Neque
1954 1039 2117 1102 enim
2172 1039 2405 1104 debent
2465 1039 2782 1103 honestae

516 1147 824 1208 personae
899 1125 1032 1188 sive
1107 1124 1173 1186 in
1249 1123 1478 1188 tutelis
1542 1126 1675 1187 sive
1752 1126 1813 1188 in
1891 1125 2327 1190 contractibus
2402 1125 2779 1189 cautionum

518 1212 764 1276 onerari
831 1211 1143 1274 molestia.
1254 1209 1434 1284 Nam,
1506 1215 1579 1273 ut
1645 1210 2039 1274 Modestinus
2100 1211 2236 1284 ait,¹
2312 1231 2779 1291 nonnunquam

520 1297 860 1379 contingit,
892 1302 963 1359 ut
1000 1296 1309 1379 quaedam
1357 1297 1735 1360 nominatim
1786 1317 2083 1378 expressa
2128 1297 2433 1374 officiant,
2480 1297 2782 1380 quamvis

518 1385 753 1449 omissa
814 1382 1010 1447 tacite
1071 1382 1345 1464 intelligi
1406 1385 1669 1463 possent
1714 1404 1828 1446 nec
1884 1387 2097 1446 essent
2162 1383 2456 1446 offutura.
2553 1383 2783 1446 Cesset

520 1470 714 1551 igitur
777 1473 842 1532 et
901 1468 1286 1532 cancelletur
1339 1469 1709 1532 testamenti
1764 1468 2091 1550 obligatio.
2183 1467 2413 1533 Credat
2480 1468 2780 1567 Mutiano

520 1556 704 1620 Titus
744 1555 1002 1631 MariuS,
1053 1559 1115 1619 et
1159 1575 1276 1634 ego
1321 1561 1577 1636 propter
1620 1555 2037 1618 reverentiam
2082 1556 2617 1638 praestantissimi
2654 1555 2781 1618 viri

522 1642 804 1707 Simonis
867 1637 1142 1705 Fulcini²
1189 1640 1378 1704 nudis
1424 1640 1553 1704 Titi
1600 1640 1807 1705 velbis
1852 1647 1916 1704 et
1958 1641 2106 1704 fidei
2160 1643 2514 1723 acquiescO.
2605 1641 2782 1705 Reli-

521 1751 718 1812 quum
788 1727 936 1791 boni
1002 1728 1122 1792 viri
1187 1727 1497 1790 arbitratu
1563 1749 1641 1790 ex
1703 1727 1869 1791 bono
1927 1732 1991 1791 et
2050 1749 2271 1809 aequo,
2336 1729 2391 1790 si
2450 1727 2781 1792 emerserit

523 1814 953 1879 controversia
997 1813 1196 1895 (quod
1227 1811 1606 1893 abominor),
1641 1813 1989 1878 dirimatur.
2081 1814 2236 1878 Post
2266 1815 2779 1897 quinquennium

523 1901 748 1966 domus
812 1900 877 1964 in
949 1921 1088 1964 mea
1155 1922 1348 1962 manu
1415 1896 1657 1964 εηιιιῒο.3
1749 1901 1903 1976 Hoc,
1971 1901 2057 1964 mi
2124 1900 2398 1978 Urbane,
2464 1901 2639 1964 volui
2704 1905 2782 1962 ut

521 1988 732 2052 scires.
822 1985 992 2050 Vale.
1085 1985 1370 2049 MDXIII.

829 2107 952 2162 Cod.
988 2105 1123 2160 me.
1164 2105 1276 2158 181.

523 2312 753 2383 (Gotha.)
1574 2295 1717 2360 303.
2399 2313 2559 2384 (Sept.
2602 2313 2783 2382 1513.)

1222 2421 1512 2495 Mutian
1556 2443 1655 2495 an
1697 2422 2071 2495 Herbord.

865 2552 1044 2621 (Bittet
1080 2570 1175 2606 um
1209 2552 1362 2606 einen
1396 2552 1741 2607 Rechtscodeae
1774 2554 1859 2606 des
1895 2554 2156 2622 Mayister
2198 2552 2433 2621 Θεάρης.)

628 2668 860 2731 Magno
896 2670 1031 2719 viro
1067 2668 1433 2721 Herebordo
1468 2669 1816 2731 Max-gerite
1855 2669 2113 2729 doctori,
2147 2673 2412 2730 utroque
2442 2669 2583 2729 jure
2620 2672 2685 2720 et

853 2756 1208 2815 eloquentia
1243 2756 1432 2815 clarc,
1467 2756 1665 2836 amico
1701 2756 2062 2807 honorando
2096 2756 2185 2807 M.
2220 2754 2445 2807 Rufus.

736 2866 799 2931 S.
887 2867 1162 2950 Magnus
1231 2872 1292 2932 et
1357 2868 1612 2951 sapiens
1669 2870 1761 2931 vir
1818 2868 2113 2933 Urbanus
2181 2872 2393 2932 noster
2454 2868 2517 2931 in
2590 2865 2781 2931 bonis

532 2952 882 3036 disciplinis
947 2962 1012 3018 et
1075 2954 1439 3030 amicorum,
1515 2962 1590 3018 ut
1662 2955 1851 3029 nosti,
1928 2956 2175 3019 cultura
2249 2953 2783 3035 diligentissimus

493 3040 784 3125 ⁴mittere
849 3042 1003 3106 mihi
1069 3046 1299 3124 potest,
1374 3043 1674 3124 quoniam
1742 3042 2025 3123 aurigam
2097 3063 2265 3104 nunc
2329 3041 2544 3118 habet,
2614 3061 2781 3121 quos

537 3126 881 3207 efflagitavi
926 3128 1139 3192 libros
1230 3128 1452 3210 Itaque
1485 3128 1763 3191 codicem
1799 3128 2183 3192 minutulum
2216 3127 2312 3192 vel
2342 3124 2781 3192 Infortiatum⁸

533 3212 790 3278 Gecusi⁶
839 3236 981 3279 curn
1029 3213 1198 3313 noti-s
1263 3219 1326 3278 et
1384 3214 1911 3278 adnotationibus
1972 3214 2346 3297 nuperrimis
2401 3212 2652 3290 exhibe,
2703 3216 2783 3276 ut

538 3300 802 3364 intuear.
891 3300 1054 3363 Nam
1125 3300 1176 3363 si
1243 3299 1617 3383 placuerint,
1696 3302 1847 3375 scio,
1925 3302 2076 3382 quid
2150 3322 2371 3364 emam.
2462 3299 2777 3380 Quicquid

533 3386 906 3465 ostenderiS,
967 3388 1210 3451 salvum
1272 3389 1648 3450 remittetur.
1739 3352 1888 3451 Vale
1943 3410 2081 3451 cum
2129 3388 2259 3450 tuis
2306 3386 2475 3449 domi
2520 3391 2585 3450 et
2628 3386 2779 3449 foris

534 3473 571 3535 i.
621 3496 670 3536 e.
720 3496 860 3537 cum
907 3473 1280 3556 parentibus
1325 3479 1389 3537 et
1435 3474 1672 3537 amicis.

839 3592 961 3645 Ood.
999 3592 1130 3645 Frcf.
1169 3592 1285 3646 350.

672 3816 690 3846 ¹
725 3814 979 3893 Digesten
1013 3814 1247 3882 XXXV,
1286 3817 1332 3879 1,
1369 3816 1450 3869 52.
1592 3817 1612 3847 ⁹
1648 3815 1825 3869 Simon
1861 3815 2097 3882 Voltzke,
2135 3818 2279 3869 sonst
2314 3815 2593 3869 Vuolscus.
2666 3816 2775 3867 Aus

535 3884 636 3935 den
671 3884 888 3937 WVorten
925 3902 978 3936 m
1013 3884 1098 3939 Br.
1138 3885 1238 3937 ‘233
1272 3885 1404 3937 iiber
1457 3885 1556 3936 den
1606 3884 2041 3952 urspriinglichen
2092 3885 2335 3937 Insassen
2388 3902 2425 3936 v
2428 3902 2493 3937 on
2546 3884 2775 3937 Mutians

533 3952 820 4021 Wohnung
855 3953 1057 4019 erhellt,
1096 3954 1216 4007 dass
1253 3953 1457 4006 Ditmar
1486 3953 1639 4021 jener
1674 3954 1877 4007 Offizial
1913 3970 2037 4020 war,
2075 3954 2173 4006 den
2209 3952 2281 4007 M.
2320 3953 2455 4007 eiust
2482 3953 2655 4007 durch
2679 3954 2777 4005 den

538 4020 741 4075 Offizial
765 4022 1001 4075 Osmund
1021 4022 1317 4075 austreiben
1338 4022 1525 4075 wollte.
1585 4023 1787 4091 Vg1.S.
1827 4023 1926 4076 239
1961 4026 2023 4075 A.
2062 4024 2107 4076 7.
2156 4022 2205 4075 S.
2234 4023 2333 4077 246
2368 4025 2429 4075 Α.
2457 4022 2504 4076 2.
2614 4024 2635 4054 ³
2666 4022 2776 4075 Nm

538 4090 656 4142 hier
691 4091 762 4143 ist
796 4107 900 4143 von
935 4091 1222 4145 »Hauserm
1258 4091 1342 4143 die
1378 4090 1537 4157 Rede,
1582 4093 1715 4145 doch
1751 4108 1850 4143 ιιιιι
1883 4092 1937 4143 in
1972 4093 2091 4144 dem
2128 4091 2285 4145 Sinne
2314 4108 2418 4144 von
2442 4090 2775 4158 Behausung.

537 4160 558 4191 ⁴
591 4157 940 4217 Infertiatum
968 4160 1275 4228 juristische
1310 4133 1681 4229 Bezeiclinung
1727 4160 1869 4213 eines
1914 4160 2049 4214 'se-ils
2097 4162 2189 4213 der
2222 4161 2486 4229 Digesten.
2633 4163 2655 4193 ⁵
2687 4158 2776 4212 Er·-

535 4228 700 4287 furter
733 4218 984 4301 Magister
1018 4230 1126 4286 und
1160 4228 1474 4286 Bakularius
1511 4230 1603 4287 der
1636 4230 1851 4283 Rechts.
1924 4229 2039 4300 Vgl.
2076 4230 2162 4285 Br.
2203 4231 2316 4286 191.
