3084 4895
475 403 602 468 310
1303 400 1480 454 Briofc
1515 397 1609 452 des
1644 399 1695 454 J.
1736 398 1884 455 1513.

483 573 776 657 signibus
820 575 1040 638 adesse
1083 573 1304 638 voluit.
1396 573 1493 636 Ad
1537 595 1676 636 eam
1734 573 2245 638 benevolentiam
2305 577 2499 656 atque
2545 575 2729 640 beni-

477 662 789 744 gnitatem
821 661 978 724 adeo
1009 660 1161 723 mihi
1197 663 1262 723 et
1305 660 1568 723 comiter
1612 664 1676 723 et
1720 659 1952 724 blande
1984 673 2013 702 ⁸
2056 661 2441 744 significavit
2470 663 2729 746 scriptis

477 749 558 812 ad
587 769 687 810 me
716 747 918 810 literis
964 747 1361 810 humanitate
1393 749 1457 809 et
1490 746 1697 828 gratia
1730 746 2174 824 refertissimiS,
2219 752 2293 810 ut
2338 747 2727 813 erubescam.

483 834 672 918 „Esse
717 834 870 914 quid
901 831 1346 910 hoc-dicam“,¹
1396 829 1566 914 quod
1614 853 1711 894 me
1754 833 2047 918 princeps
2093 855 2310 916 parum
2358 837 2729 913 merentem,

478 921 667 985 sortis
742 919 1012 999 infimae,
1091 919 1338 1001 exiguis
1411 919 1829 983 facultatibus
1896 921 2148 997 invitat,
2217 921 2343 983 imo
2410 926 2597 1002 urget
2662 927 2733 986 et

477 1006 750 1071 evocat?
839 1005 1316 1068 Nobilissimum
1384 1025 1615 1086 equum
1662 1008 1727 1068 et
1770 1006 2067 1085 equitem,
2116 1028 2196 1069 ne
2241 1006 2549 1070 desiderio
2610 1029 2731 1072 suo

480 1113 716 1157 moram
786 1090 1034 1169 faciam,
1103 1091 1441 1155 missurum
1511 1113 1579 1154 se
1638 1091 1989 1172 pollicetur.
2082 1091 2245 1168 Quid
2312 1113 2542 1156 causae
2601 1099 2731 1170 est,

479 1179 648 1260 quod
717 1181 967 1240 tantum
1043 1199 1141 1242 me
1214 1176 1487 1257 diligat?
1608 1175 1805 1240 Favet
1880 1178 2147 1242 eruditis
2236 1179 2725 1244 eruditissimus.

477 1265 659 1328 Novi.
750 1263 1086 1344 perspecta
1127 1263 1465 1360 ‘siquidem
1527 1265 1626 1325 est
1685 1261 1960 1327 hominis
2030 1264 2337 1340 doctrina,
2408 1263 2729 1344 facundia,

427 1353 434 1361 '
477 1351 698 1414 virtue.
791 1349 876 1412 At
917 1353 1012 1426 tu,
1055 1349 1144 1410 mi
1191 1347 1398 1423 Crete,
1443 1352 1666 1412 auctor
1711 1371 1797 1426 es,
1842 1353 1916 1412 ut
1961 1351 2126 1413 tanti
2174 1350 2291 1412 sim
2338 1351 2509 1432 apud
2563 1373 2729 1414 eum.

480 1437 578 1500 Tu
600 1435 983 1518 praedica-5,
1028 1438 1102 1497 tu
1146 1432 1542 1515 magnifacis‚
1590 1439 1661 1497 tu
1708 1436 1788 1498 ad
1834 1435 2041 1499 sidera
2106 1436 2277 1498 levas
2343 1435 2727 1500 Matianum

478 1521 686 1586 Tuisb
752 1524 930 1604 pater
997 1517 1202 1584 Jesse²
1271 1520 1591 1602 suffragiis
1661 1521 1999 1585 candidum
2066 1522 2376 1585 calculum
2440 1523 2727 1605 apponit.

477 1607 576 1672 Ita
608 1607 898 1689 decipitis
945 1627 1326 1688 quamquam
1376 1608 1940 1688 prudentissimum
1987 1608 2353 1706 principem.
2444 1609 2727 1672 Primum

483 1717 596 1759 vos
661 1715 835 1757 amor
901 1692 1083 1756 fallit.
1172 1692 1314 1756 Non
1381 1715 1520 1756 sum
1590 1694 1752 1756 enim
1820 1694 1987 1769 talis,
2043 1715 2079 1756 o
2140 1694 2329 1758 amici
2396 1695 2727 1774 amabileS,

483 1780 732 1864 qualem
778 1800 891 1842 vos
936 1779 1208 1844 creditis.
1300 1779 1557 1842 Praeter
1601 1801 1791 1843 unam
1860 1779 2213 1844 modestiae
2275 1780 2527 1846 laudem
2594 1803 2731 1846 non

477 1887 754 1950 agnosco
801 1869 1010 1930 vestra
1067 1865 1598 1948 praedicamenta.
1691 1865 1864 1942 Quae
1925 1888 2065 1930 cum
2111 1869 2204 1931 ita
2247 1866 2548 1945 habeant,
2614 1889 2731 1932 vos

476 1955 621 2036 lego
663 1955 946 2016 oratores
1004 1952 1084 2016 ad
1147 1952 1521 2017 antistitem.
1614 1951 1834 2016 Vestra
1898 1953 2085 2034 culpa
2150 1954 2407 2030 factum,
2470 1957 2546 2018 ut
2606 1955 2729 2018 sim

480 2039 945 2117 exstimulatae,
1020 2037 1318 2102 adhibete
1391 2038 1753 2102 remedium.
1872 2038 2190 2104 Excusate
2256 2039 2728 2122 philosophum,

479 2126 670 2191 dicite
730 2146 828 2188 me
886 2124 1063 2208 parvi
1117 2124 1320 2188 facere
1388 2125 1765 2202 convivium,
1836 2126 2286 2206 spectaculum,
2316 2138 2343 2166 ⁰
2408 2148 2727 2211 pompam.

482 2213 698 2295 Neque
753 2210 1046 2276 decorum
1111 2233 1248 2275 esse
1307 2211 1532 2285 alienis
1592 2210 1804 2274 volare
1867 2212 2113 2293 penniS.
2205 2212 2367 2276 Illud
2438 2212 2728 2278 futurum

478 2305 552 2364 ut
579 2299 608 2340 ‘¹
653 2299 730 2362 de
774 2319 872 2361 me
919 2297 1264 2362 diceretur:
1319 2298 1481 2379 „Iste
1525 2296 1731 2362 Rufus
1776 2319 1891 2361 sua
1935 2299 2223 2382 negligit,
2278 2299 2485 2363 aliena
2546 2305 2729 2364 curat

479 2389 545 2451 et
615 2387 872 2468 repente
946 2383 1153 2468 prodit
1226 2383 1555 2466 gloriosus.
1669 2384 1883 2460 Errat,
1960 2406 2086 2449 non
2160 2385 2463 2469 intelligit
2536 2387 2731 2451 verba

483 2473 760 2537 honoris
845 2472 1174 2536 Ridiculus
1219 2472 1357 2535 abit
1387 2470 1645 2535 sublimi
1676 2476 1893 2535 vectus
1924 2493 2107 2553 equo,
2148 2472 2380 2537 redibit
2425 2474 2557 2537 suis
2602 2474 2731 2537 sibi

485 2559 772 2643 pedibus
784 2556 810 2587 “
921 2558 1144 2621 Verum
1217 2557 1270 2621 si
1337 2559 1563 2621 vestris
1631 2558 2151 2640 persuasionibus
2216 2581 2341 2623 non
2412 2560 2731 2642 patebunt

478 2667 660 2709 aures
705 2644 1036 2728 propitiae,
1089 2642 1458 2727 „nobiscum
1506 2643 1639 2707 est“
1700 2643 1891 2707 dicite
1943 2644 2322 2725 „Mutianus
2336 2644 2363 2675 “
2469 2646 2553 2710 Et
2586 2669 2727 2711 sum

481 2737 650 2796 certe
717 2731 1042 2795 vobiscum
1089 2695 1334 2812 ”meque
1405 2729 1597 2793 semel
1664 2729 1849 2793 vobis
1914 2731 2269 2813 iterumque
2334 2733 2727 2799 commendo.

485 2816 748 2883 Cursim.
783 2828 807 2857 ⁰
894 2816 1159 2880 Eidibus
1203 2816 1379 2879 Junii
1423 2816 1709 2879 MDXIII.
1741 2816 1763 2855 f

788 2916 908 2973 Cod.
947 2917 1077 2971 Frcf.
1116 2918 1229 2972 160.
1266 2917 1382 2971 307.

482 3107 711 3177 (Gotha.)
1525 3090 1669 3155 252.
2158 3108 2227 3175 (n.
2266 3109 2345 3163 13.
2382 3107 2509 3177 Juni
2548 3108 2727 3177 1513.)

1019 3248 1026 3255 ·
1136 3218 1425 3288 Mutian
1470 3238 1568 3287 an
1613 3218 2081 3288 Hartmann.³

483 3348 672 3415 (Dant,
709 3350 833 3402 dass
867 3350 958 3402 der
993 3348 1094 3401 Abt
1141 3348 1284 3401 aeine
1329 3348 1785 3415 Entschuldiyuny
1830 3364 2222 3415 mayenommem
2271 3348 2386 3401 und
2440 3346 2734 3417 W‘idmuny

1129 3418 1274 3471 einer
1305 3417 1733 3485 nacktrc'iylicken
1780 3417 2079 3483 Peschrede.)

573 3532 979 3584 sacrosancto
1019 3535 1082 3582 et
1117 3532 1601 3583 celebratissimo
1636 3532 1907 3591 principi
1940 3532 2351 3591 HartmannO,
2383 3532 2637 3591 primati

604 3617 932 3668 Fuldensis
968 3618 1283 3676 ecclesiae,
1317 3630 1452 3667 meo
1483 3617 1929 3677 jucundissimo
1962 3620 2227 3677 patrono
2262 3617 2349 3666 Μ.
2385 3615 2605 3669 Rufus.

688 3726 752 3791 S.
864 3728 1046 3803 Quod
1091 3728 1637 3809 auspicatissimae
1698 3728 2127 3791 coronationis
2174 3731 2321 3791 tuae
2369 3728 2552 3806 diem,
2600 3750 2731 3810 quo

483 3815 802 3895 egregiam
846 3815 1095 3877 laudem
1160 3820 1536 3878 consecutus
1600 3818 1993 3895 praestantes
2058 3814 2225 3877 viros
2286 3812 2729 3879 liberalissime

617 4032 644 4059 a
671 4020 724 4071 et
756 4018 946 4072 blande
981 4022 1035 4073 et
1069 4021 1290 4075 comiter
1347 4019 1464 4073 God.
1510 4018 1588 4071 30
1600 4020 1641 4072 7.
1781 4023 1809 4060 b
1836 4018 1975 4071 Tuus
2022 4017 2297 4073 verdndert
2346 4016 2410 4068 in
2444 4016 2550 4069 tuis
2608 4017 2730 4071 Cod.

480 4088 602 4139 160.
659 4087 782 4141 Tuis
826 4088 942 4142 Cod.
979 4091 1056 4142 30
1069 4091 1110 4142 7.
1241 4105 1266 4132 ο
1296 4088 1654 4157 spectaculum
1692 4088 1995 4141 convivium
2039 4085 2155 4139 Ood.
2195 4087 2273 4137 30
2285 4087 2328 4137 7.
2455 4090 2484 4127 d
2510 4089 2571 4139 ut
2603 4086 2733 4153 fehlt

480 4156 544 4208 in
598 4157 882 4210 Cod.160.
1022 4159 1280 4213 eomsim
1328 4158 1452 4226 fehlt
1499 4158 1563 4209 in
1616 4158 1732 4212 God.
1782 4157 1900 4209 160.
2050 4158 2072 4195 f
2094 4155 2209 4207 Das
2244 4155 2449 4208 Datwm
2493 4154 2619 4221 fehlt
2666 4156 2734 4209 in

491 4224 606 4280 0οά
622 4226 1116 4363 ¹3gx3id.Am0121,
1157 4297 1202 4362 2,
1243 4296 1287 4347 1.
1395 4296 1414 4327 2
1450 4294 1551 4347 Ein
1580 4294 1771 4347 Monch
1808 4294 1899 4345 des
1933 4292 2169 4345 Klosters
2196 4292 2379 4345 Fulda.
2488 4291 2509 4323 ³
2541 4291 2731 4345 Dieser

481 4363 590 4416 und
627 4365 718 4417 der
752 4338 1202 4433 folg.Br.f01gen'
1235 4366 1352 4417 hier
1384 4364 1460 4415 im
1495 4364 1978 4429 Zusammenhange
2014 4361 2113 4413 mit
2137 4362 2256 4414 dem
2282 4360 2510 4428 vorigen.
2572 4361 2731 4417 Nach

484 4431 784 4503 Rommel,
820 4416 1031 4502 Philipp
1067 4436 1115 4487 d.
1156 4434 1383 4487 Glossm.
1423 4431 1472 4485 S.
1511 4432 1580 4486 50
1614 4433 1735 4487 fand
1772 4431 1857 4484 die
1890 4430 2158 4484 feierliche
2193 4430 2387 4485 Weihe
2404 4429 2731 4488 Hmtmanns

2317 4894 2344 4895 ,
2379 4894 2445 4895 ἦ
2472 4815 3031 4895 -Q-j.
