3084 4895
1242 363 1450 424 Mutian
1489 387 1558 424 an
1594 370 1796 426 Urban.
2563 371 2644 436 99

407 546 715 629 Cytherea
754 546 939 628 jubet
982 569 1097 610 sua
1141 545 1310 610 furta
1354 544 1610 625 taceri“‚
1659 549 1722 610 et
1761 545 1942 610 alibi:
1995 545 2262 629 „Perfer‚
2309 545 2428 608 erit
2470 545 2644 608 lucro

405 635 624 714 lingua
690 637 937 696 retenta
992 631 1163 696 tu0.“
1256 631 1370 696 Sin
1430 636 1640 708 autem
1713 633 1855 713 quis
1921 631 2274 696 clanculum
2345 631 2646 694 Morianis

404 719 664 783 auribus
709 720 1045 782 instillaret
1093 719 1245 782 haec
1289 719 1505 782 verba:
1575 719 1818 802 „Pater,
1865 718 2135 802 peccavi,
2185 717 2536 781 Mutianum
2585 721 2648 780 et

406 806 803 889 Spalatinum
850 812 914 868 et
956 805 1275 869 Urbanum
1326 805 1532 880 derisi,
1589 806 1889 868 conviciis
1949 804 2122 867 falsis
2173 803 2458 880 adobrui,
2511 825 2646 884 per-

406 892 549 955 dere
594 898 659 955 et
705 892 952 973 exigere
998 891 1231 968 volui“,
1278 894 1409 955 tum
1458 891 1694 954 diceret
1737 891 1954 954 tardus
1999 890 2336 954 abdomine
2397 895 2644 952 venter:

412 978 622 1059 „Nihil
670 979 964 1060 peccasti,
1010 976 1310 1040 invenisti
1355 978 1624 1059 gratiam
1681 977 1849 1058 apud
1906 973 2284 1040 dominum.“
2380 975 2431 1039 O
2479 974 2647 1038 frau-

410 1066 547 1127 dem
598 1064 943 1127 sacrorum!
1041 1065 1335 1126 Horatius
1369 1064 1700 1146 praecipit:
1755 1063 2102 1145 „Arcanum
2139 1083 2342 1142 neque
2371 1066 2442 1124 tu
2476 1083 2648 1124 scru-

406 1151 643 1214 taberis
692 1151 879 1214 ullius
923 1148 1261 1230 unquam.“
1356 1148 1450 1212 Tu
1497 1150 1592 1211 vis
1647 1151 1804 1212 scire
1863 1154 2102 1212 secreta
2169 1148 2516 1224 hominum,
2578 1153 2648 1210 ut

410 1258 639 1300 noceas
686 1243 751 1300 et
796 1240 1127 1317 quaestum
1176 1235 1387 1298 facias
1430 1235 1605 1308 ,Non
1655 1236 1836 1299 credo
1885 1234 2116 1298 Stoicis
2155 1235 2312 1297 istis.
2395 1233 2649 1315 „Fronti

410 1323 584 1386 nulla
612 1323 785 1385 fides,
835 1322 987 1398 Quis
1020 1322 1185 1404 enim
1219 1343 1342 1385 non
1378 1323 1553 1384 vicus
1578 1323 1860 1384 abundat
1890 1320 2204 1384 Tristibus
2229 1321 2558 1383 obscoenis
2574 1317 2643 1381 ‘?“

410 1409 564 1485 Quis
610 1431 723 1472 sua
767 1409 1125 1470 committat
1184 1409 1295 1470 tali
1358 1407 1692 1471 furcifero?
1781 1407 1930 1470 Plus
1992 1428 2210 1488 peccas
2271 1405 2646 1469 confitendo.

412 1495 575 1570 Quid
624 1494 790 1558 hunc
835 1494 1090 1576 putabis
1136 1494 1495 1570 taciturum,
1547 1495 1656 1576 qui
1701 1493 1949 1575 publice
2002 1493 2261 1556 damnat
2305 1513 2421 1555 nos
2466 1493 2650 1578 inno-

410 1587 625 1644 centes
656 1605 693 1646 a
726 1579 949 1661 tergo?
1009 1580 1335 1643 Neminem
1371 1585 1638 1655 veretur,
1687 1580 2037 1643 contemnit
2067 1601 2304 1656 omneS,
2338 1578 2649 1640 neminem

411 1667 623 1748 diligit
667 1668 791 1730 nisi
836 1667 1157 1729 conscium
1220 1667 1385 1728 vitae
1444 1666 2016 1746 inquinatissimae.
2107 1664 2260 1742 Quis
2318 1664 2647 1727 mirabitur

408 1755 595 1816 istam
661 1751 968 1834 gloriam?
1036 1753 1088 1815 si
1152 1772 1275 1814 non
1340 1753 1559 1832 potius·
1615 1756 1710 1814 est
1770 1751 2193 1814 ostentanda
2281 1749 2490 1813 Facile
2557 1756 2654 1813 est

410 1840 662 1902 rusticis
696 1840 1032 1920 imponere,
1066 1839 1299 1919 quibus
1331 1843 1548 1919 pastor
1592 1837 1880 1919 praefuit.
1956 1837 2245 1901 Urbanos
2290 1836 2653 1916 Mutiosque

413 1947 538 1988 non
602 1926 693 1988 ita
752 1925 946 1988 fallet.
1038 1922 1389 1987 Contrahat
1456 1947 1604 1987 suas
1670 1924 1951 2004 legiones
2011 1928 2074 1986 et
2130 1922 2388 2000 auxilia,
2451 1924 2653 1984 minor

414 2018 625 2074 tamen
674 2013 791 2074 erit
836 2011 1145 2092 praesidio
1202 2014 1438 2073 nostro,
1532 2011 1880 2092 Arripietur
1934 2010 2190 2072 tandem
2235 2009 2296 2070 in
2346 2007 2656 2090 praejudi-

412 2099 578 2159 cium
625 2101 688 2160 et
733 2119 875 2160 reus
920 2097 1289 2159 sententia⁸
1335 2096 1642 2160 bonorum
1677 2099 2028 2178 peragetur.
2117 2095 2248 2158 Nos
2289 2116 2654 2157 maneamus

414 2184 478 2245 in
542 2182 771 2268 officie,
841 2183 1175 2262 diligamus
1240 2205 1352 2246 nos
1412 2189 1652 2246 mutuo.
1745 2182 1810 2246 Si
1865 2181 2301 2268 jusjurandum
2370 2180 2572 2260 exigis
2619 2203 2656 2242 a

414 2292 531 2346 me,
561 2269 701 2350 juro
734 2275 1018 2332 sanctam
1058 2268 1447 2342 fidelitatem,
1487 2269 1910 2350 quamquamb
1949 2268 2102 2330 fides
2141 2267 2494 2330 amicit-iaea
2530 2286 2653 2328 non

414 2357 631 2436 exigat
676 2353 1117 2436 syngrapham,
1166 2360 1237 2418 ut
1282 2355 1501 2418 scribit
1549 2357 1612 2416 in
1660 2355 1944 2435 epistolis
1995 2352 2426 2434 Symmachus
2460 2363 2485 2390 0

617 2441 851 2505 Incidit
893 2442 955 2505 in
1006 2464 1229 2504 manus
1276 2463 1445 2505 meas
1487 2439 1786 2503 chiliani·
1825 2462 2003 2521 opuS,
2038 2441 2288 2521 plenum
2323 2437 2654 2513 erroribuS,

414 2528 709 2592 refertum
776 2529 968 2605 vitiis,
1024 2533 1272 2591 scatens
1319 2528 1746 2591 barbarismis.
1835 2527 2055 2608 Neque
2110 2526 2240 2589 fieri
2303 2530 2532 2606 potest,
2589 2530 2656 2586 ut

416 2616 601 2697 culpa
659 2614 1075 2679 transferatur
1121 2614 1184 2676 in
1239 2614 1550 2691 librariOS,
1607 2634 1872 2694 quorum
1929 2618 2142 2675 tamen
2201 2611 2500 2673 notabilis
2563 2616 2658 2673 est

415 2702 666 2764 interim
715 2700 927 2763 nescio
974 2700 1232 2782 perfidia
1278 2700 1479 2763 dicam
1526 2722 1606 2761 an
1654 2699 2058 2780 negligentia.
2149 2696 2386 2760 Scribit
2429 2697 2505 2760 ad
2561 2718 2660 2759 me

416 2788 574 2851 satis
620 2793 870 2849 temere.
961 2786 1117 2849 Nam
1167 2786 1434 2849 laudans
1478 2786 1812 2867 vituperat.
1907 2783 2314 2847 Malefaciunt
2346 2784 2529 2845 amici
2561 2782 2656 2845 vel

420 2874 805 2955 Argentinae
852 2870 948 2934 vel
996 2872 1475 2953 Vuyttenburgi,
1525 2872 1788 2934 nimium
1837 2870 1990 2933 mihi
2037 2870 2406 2932 tribuentes.
2500 2868 2662 2931 Hinc

416 2960 631 3022 odium
677 2963 741 3021 et
784 2958 1041 3035 invidia,
1103 2979 1228 3020 non
1292 2979 1465 3021 amor
1522 2961 1586 3020 et
1630 2957 1785 3019 laus,
1879 2956 2130 3020 Stultus
2187 2955 2311 3033 ille,
2373 2954 2660 3036 quisquis

415 3046 560 3115 fuit,
595 3046 703 3126 qui
737 3045 1022 3125 scripsit:
1077 3043 1436 3124 „Mutianus
1483 3043 1888 3107 doctissimus
1920 3039 2466 3107 Germanorum.“²
2542 3040 2678 3104 Lo·-

414 3133 589 3195 cutio
620 3142 648 3170 ⁸
692 3130 904 3212 proba.
980 3129 1154 3192 Nihil
1200 3131 1363 3193 enim
1410 3130 1582 3193 aliud
1617 3128 1952 3210 significat,
2001 3150 2186 3209 quam
2222 3149 2319 3190 me
2352 3150 2484 3190 esse
2517 3127 2662 3190 doc-

418 3218 731 3282 tissimum
780 3221 845 3278 et
888 3216 1289 3279 Germanum.
1384 3215 1508 3279 Sed
1569 3216 1753 3296 pauci
1799 3216 1888 3277 sic
1935 3216 2271 3295 accipiunt,
2329 3212 2488 3276 falso
2544 3234 2659 3293 pu-

418 3310 629 3367 tantes
661 3302 854 3365 tribui
890 3303 1072 3365 nobis
1110 3303 1523 3383 principatum
1562 3302 1901 3363 doctrinae.
1981 3300 2210 3363 Eodem
2245 3300 2430 3361 modo
2463 3298 2662 3361 falsus

419 3397 518 3452 est
567 3388 914 3464 Chilianus,
976 3393 1045 3451 ut
1091 3388 1276 3470 palpo
1324 3410 1438 3450 nos
1483 3389 1821 3449 incesseret
1885 3392 2314 3466 pungeretque
2374 3386 2659 3447 latenter.

385 3476 647 3564 *Vellem
698 3475 930 3537 scirent
975 3475 1223 3550 eruditi,
1282 3497 1405 3555 qua
1465 3495 1601 3536 sum
1635 3474 1663 3511 ἃ
1717 3472 2138 3553 simplicitate,
2198 3493 2382 3553 quam
2446 3492 2661 3551 parum
2763 3534 2766 3537 ,

418 3562 572 3626 mihi
623 3584 883 3624 sumam.
975 3560 1043 3622 In
1092 3561 1358 3642 epistola
1418 3560 1730 3641 Spalatini
1777 3559 1855 3621 ad
1902 3580 2032 3634 nOS,
2099 3580 2260 3637 quae
2316 3562 2410 3619 est
2467 3578 2664 3638 nuper

421 3646 641 3725 edita,³
689 3648 921 3727 legitur
966 3670 997 3708 c
1045 3669 1153 3728 pro
1201 3652 1229 3709 t
1273 3648 1335 3709 in
1384 3648 1606 3709 sentio,
1701 3645 1832 3708 Hoc
1888 3648 2158 3706 erratum
2216 3664 2505 3723 expunge
2566 3644 2660 3706 vel

421 3757 655 3797 excusa
704 3734 991 3795 mendam
1039 3736 1418 3796 auctoritate
1464 3730 1748 3794 Caesaris
1797 3730 2087 3811 Augusti,
2141 3730 2247 3811 qui
2295 3734 2457 3792 teste
2505 3727 2662 3791 Sue-

558 3886 585 3913 a
614 3873 659 3923 ci
695 3876 757 3922 st.
794 3870 849 3922 ti.
974 3874 1001 3910 b
1030 3884 1342 3936 quanquam.
1484 3882 1507 3908 ο
1536 3866 1844 3933 Symachus.
1986 3868 2015 3905 d
2045 3864 2128 3925 Sc,
2165 3863 2311 3915 nicht
2345 3863 2459 3915 sim.

562 3944 576 3973 ²
617 3940 913 3993 »Chilianus
947 3944 1126 3990 reuter
1160 3939 1225 3989 de
1260 3936 1562 3995 Mellerstat,
1600 3952 1700 3987 arc.
1738 3951 1870 4002 mag.
1911 3934 2109 3987 Colon.‹<
2145 3933 2370 3984 inimatr.
2409 3932 2661 3987 Wittenb.

424 4012 556 4063 1505
616 4010 948 4077 (Forstein.
988 4025 1033 4074 p.
1078 4008 1177 4075 18).
1252 4006 1373 4058 Scin
1428 4004 1617 4056 Werk:
1670 4004 1938 4055 Chilianus
1992 4019 2151 4069 eques
2206 4001 2664 4053 Mellerstadiensis

420 4079 705 4132 Comoedia
741 4077 1031 4131 Dor-othcae
1066 4075 1361 4143 passionem
1400 4074 1694 4140 depingens.
1748 4073 1886 4139 Lips.
1928 4073 2071 4125 1507.
2181 4073 2200 4101 ²
2235 4070 2342 4123 Ulr.
2383 4070 2563 4122 Zasius
2599 4087 2664 4122 an

418 4149 602 4201 Thoni.
652 4148 796 4199 Wolf
844 4147 1004 4198 1506:
1054 4146 1310 4197 »Mutiano
1359 4143 1526 4196 Ruffo.
1577 4140 1947 4193 Germanorum
1987 4140 2286 4193 doctissimo
2323 4143 2373 4190 et
2411 4140 2498 4205 qui
2536 4139 2666 4191 alter

420 4218 588 4269 Varro
626 4217 673 4268 in
714 4216 989 4281 omnigena
1013 4215 1081 4265 sit
1106 4214 1339 4265 doctrina
1360 4209 1852 4279 perspectissimus«
1911 4209 2045 4262 Zasii
2082 4210 2208 4275 Epp.
2248 4209 2325 4262 ed.
2370 4208 2661 4274 Riegger.

420 4286 549 4339 Ulm
592 4287 739 4345 1774.
779 4303 823 4352 p.
863 4284 977 4335 390.
1086 4284 1105 4313 ³
1140 4284 1197 4334 In
1238 4283 1355 4334 dein
1400 4297 1497 4330 von
1534 4278 1767 4345 Spalatin
1803 4280 2106 4346 hei-ausgeg.
2143 4278 2222 4329 33.
2251 4277 2457 4329 Psalme
2482 4278 2664 4342 Wolfs,

421 4357 529 4407 Erf.
572 4346 735 4407 1507(
773 4352 1185 4405 Dedikationsbr.
1224 4368 1273 4405 V.
1314 4349 1390 4402 18.
1430 4349 1570 4415 Sept.
1613 4350 1758 4413 1506,
1795 4348 1921 4415 folgt
1955 4351 2032 4400 als
2067 4347 2157 4400 Nr.
2195 4349 2308 4399 566.
2366 4350 2476 4397 Aus
2520 4347 2664 4398 dem·

422 4426 605 4477 selben
642 4423 727 4477 Br.
766 4423 941 4475 citici-t
974 4421 1043 4473 M.
1082 4422 1133 4472 in
1171 4421 1260 4473 Nr.
1303 4420 1400 4469 144
1436 4419 1519 4469 die
1556 4416 1940 4485 Vergleichung
1974 4417 2071 4470 mit
2105 4415 2308 4467 Plinius
2343 4416 2449 4466 und
2485 4415 2663 4467 Varro.

2167 4485 2258 4547 7*
