<?xml version="1.0" encoding="UTF-8"?>
<!DOCTYPE html PUBLIC "-//W3C//DTD XHTML 1.0 Transitional//EN"
    "http://www.w3.org/TR/xhtml1/DTD/xhtml1-transitional.dtd">
<html xmlns="http://www.w3.org/1999/xhtml" xml:lang="en" lang="en">
 <head>
  <title>
</title>
<meta http-equiv="Content-Type" content="text/html;charset=utf-8" />
  <meta name='ocr-system' content='tesseract 3.04.00' />
  <meta name='ocr-capabilities' content='ocr_page ocr_carea ocr_par ocr_line ocrx_word'/>
</head>
<body>
  <div class='ocr_page' id='page_1' title='image "./derbriefwechsel02kraugoog_0400.png"; bbox 0 0 3084 4895; ppageno 0'>
   <div class='ocr_carea' id='block_1_1' title="bbox 460 397 1858 461">
    <p class='ocr_par' dir='ltr' id='par_1_1' title="bbox 460 397 1858 461">
     <span class='ocr_line' id='line_1_1' title="bbox 460 397 1858 461; baseline -0.006 0"><span class='ocrx_word' id='word_1_1' title='bbox 460 397 585 461; x_wconf 87' lang='lat'>314</span> <span class='ocrx_word' id='word_1_2' title='bbox 1285 399 1460 454; x_wconf 84' lang='lat' dir='ltr'>Briefe</span> <span class='ocrx_word' id='word_1_3' title='bbox 1495 400 1589 454; x_wconf 85' lang='lat' dir='ltr'>des</span> <span class='ocrx_word' id='word_1_4' title='bbox 1622 400 1672 455; x_wconf 85' lang='lat' dir='ltr'>J.</span> <span class='ocrx_word' id='word_1_5' title='bbox 1712 399 1858 455; x_wconf 87' lang='lat'><strong>1513.</strong></span> 
     </span>
    </p>
   </div>
   <div class='ocr_carea' id='block_1_2' title="bbox 458 571 2711 1087">
    <p class='ocr_par' dir='ltr' id='par_1_2' title="bbox 458 571 2711 1087">
     <span class='ocr_line' id='line_1_2' title="bbox 464 571 2711 653; baseline 0.004 -22"><span class='ocrx_word' id='word_1_6' title='bbox 464 571 528 632; x_wconf 84' lang='lat' dir='ltr'>et</span> <span class='ocrx_word' id='word_1_7' title='bbox 581 572 645 633; x_wconf 88' lang='lat' dir='ltr'>te</span> <span class='ocrx_word' id='word_1_8' title='bbox 705 591 931 653; x_wconf 89' lang='lat' dir='ltr'>meque</span> <span class='ocrx_word' id='word_1_9' title='bbox 977 576 1394 636; x_wconf 72' lang='lat' dir='ltr'>contemnere.</span> <span class='ocrx_word' id='word_1_10' title='bbox 1485 573 1647 650; x_wconf 85' lang='lat' dir='ltr'>Quid</span> <span class='ocrx_word' id='word_1_11' title='bbox 1709 573 2059 638; x_wconf 80' lang='lat' dir='ltr'>faciemus?</span> <span class='ocrx_word' id='word_1_12' title='bbox 2146 573 2356 639; x_wconf 89' lang='lat' dir='ltr'>Habet</span> <span class='ocrx_word' id='word_1_13' title='bbox 2413 575 2711 641; x_wconf 86' lang='lat' dir='ltr'>Bibantis</span> 
     </span>
     <span class='ocr_line' id='line_1_3' title="bbox 462 655 2711 740; baseline 0.004 -23"><span class='ocrx_word' id='word_1_14' title='bbox 462 655 757 732; x_wconf 86' lang='lat' dir='ltr'>favorem,</span> <span class='ocrx_word' id='word_1_15' title='bbox 826 657 943 720; x_wconf 88' lang='lat' dir='ltr'>etsi</span> <span class='ocrx_word' id='word_1_16' title='bbox 1011 660 1242 740; x_wconf 86' lang='lat' dir='ltr'>pagani</span> <span class='ocrx_word' id='word_1_17' title='bbox 1313 680 1436 722; x_wconf 92' lang='lat' dir='ltr'>non</span> <span class='ocrx_word' id='word_1_18' title='bbox 1507 659 1781 724; x_wconf 84' lang='lat' dir='ltr'>faveant.</span> <span class='ocrx_word' id='word_1_19' title='bbox 1887 661 2089 725; x_wconf 86' lang='lat' dir='ltr'>Janus</span> <span class='ocrx_word' id='word_1_20' title='bbox 2156 661 2453 725; x_wconf 89' lang='lat' dir='ltr'>Urbicus¹</span> <span class='ocrx_word' id='word_1_21' title='bbox 2525 664 2711 726; x_wconf 86' lang='lat' dir='ltr'>valde</span> 
     </span>
     <span class='ocr_line' id='line_1_4' title="bbox 463 740 2710 829; baseline 0.004 -26"><span class='ocrx_word' id='word_1_22' title='bbox 463 740 617 804; x_wconf 92' lang='lat' dir='ltr'>mihi</span> <span class='ocrx_word' id='word_1_23' title='bbox 687 743 908 824; x_wconf 84' lang='lat' dir='ltr'>placet.</span> <span class='ocrx_word' id='word_1_24' title='bbox 1008 743 1122 808; x_wconf 91' lang='lat' dir='ltr'>Est</span> <span class='ocrx_word' id='word_1_25' title='bbox 1189 745 1412 819; x_wconf 86' lang='grc'><strong>3100113,</strong></span> <span class='ocrx_word' id='word_1_26' title='bbox 1483 745 1648 828; x_wconf 86' lang='lat' dir='ltr'>frugi</span> <span class='ocrx_word' id='word_1_27' title='bbox 1717 748 2070 820; x_wconf 81' lang='lat' dir='ltr'>continenS,</span> <span class='ocrx_word' id='word_1_28' title='bbox 2148 747 2428 829; x_wconf 84' lang='lat' dir='ltr'><strong>impiger.</strong></span> <span class='ocrx_word' id='word_1_29' title='bbox 2536 749 2710 813; x_wconf 89' lang='lat' dir='ltr'>Bene</span> 
     </span>
     <span class='ocr_line' id='line_1_5' title="bbox 461 827 2707 913; baseline 0.004 -23"><span class='ocrx_word' id='word_1_30' title='bbox 461 827 679 891; x_wconf 86' lang='lat' dir='ltr'>stabit.</span> <span class='ocrx_word' id='word_1_31' title='bbox 770 828 896 893; x_wconf 86' lang='lat' dir='ltr'>Sed</span> <span class='ocrx_word' id='word_1_32' title='bbox 962 833 1150 908; x_wconf 91' lang='lat' dir='ltr'>nosti,</span> <span class='ocrx_word' id='word_1_33' title='bbox 1220 831 1369 913; x_wconf 90' lang='lat' dir='ltr'>quid</span> <span class='ocrx_word' id='word_1_34' title='bbox 1443 831 1887 896; x_wconf 83' lang='lat' dir='ltr'><strong>mandaverim.</strong></span> <span class='ocrx_word' id='word_1_35' title='bbox 1978 832 2349 897; x_wconf 85' lang='lat' dir='ltr'>Timendum</span> <span class='ocrx_word' id='word_1_36' title='bbox 2420 836 2557 909; x_wconf 80' lang='lat' dir='ltr'>erit,</span> <span class='ocrx_word' id='word_1_37' title='bbox 2626 859 2707 898; x_wconf 90' lang='lat' dir='ltr'>ne</span> 
     </span>
     <span class='ocr_line' id='line_1_6' title="bbox 462 913 2703 1002; baseline 0.004 -26"><span class='ocrx_word' id='word_1_38' title='bbox 462 913 779 978; x_wconf 85' lang='lat' dir='ltr'>Duronius</span> <span class='ocrx_word' id='word_1_39' title='bbox 846 937 1097 998; x_wconf 83' lang='lat' dir='ltr'>gregem</span> <span class='ocrx_word' id='word_1_40' title='bbox 1165 915 1548 981; x_wconf 87' lang='lat' dir='ltr'>Schonatem</span> <span class='ocrx_word' id='word_1_41' title='bbox 1622 917 1935 1002; x_wconf 86' lang='lat' dir='ltr'>Spalatini</span> <span class='ocrx_word' id='word_1_42' title='bbox 2010 918 2303 984; x_wconf 80' lang='lat' dir='ltr'>subulco²</span> <span class='ocrx_word' id='word_1_43' title='bbox 2378 922 2703 986; x_wconf 86' lang='lat' dir='ltr'>concedat.</span> 
     </span>
     <span class='ocr_line' id='line_1_7' title="bbox 458 999 1885 1087; baseline 0.004 -23"><span class='ocrx_word' id='word_1_44' title='bbox 458 999 528 1064; x_wconf 93' lang='lat' dir='ltr'>In</span> <span class='ocrx_word' id='word_1_45' title='bbox 573 1006 684 1064; x_wconf 89' lang='lat' dir='ltr'>tua</span> <span class='ocrx_word' id='word_1_46' title='bbox 731 1002 1041 1084; x_wconf 81' lang='lat' dir='ltr'>sapientia</span> <span class='ocrx_word' id='word_1_47' title='bbox 1087 1003 1624 1087; x_wconf 75' lang='lat' dir='ltr'>conquiescemus.</span> <span class='ocrx_word' id='word_1_48' title='bbox 1717 1005 1885 1070; x_wconf 86' lang='lat' dir='ltr'>Vale.</span> 
     </span>
    </p>
   </div>
   <div class='ocr_carea' id='block_1_3' title="bbox 771 1103 1213 1160">
    <p class='ocr_par' dir='ltr' id='par_1_3' title="bbox 771 1103 1213 1160">
     <span class='ocr_line' id='line_1_8' title="bbox 771 1103 1213 1160; baseline 0.009 -4"><span class='ocrx_word' id='word_1_49' title='bbox 771 1103 891 1158; x_wconf 82' lang='lat' dir='ltr'>Cod.</span> <span class='ocrx_word' id='word_1_50' title='bbox 929 1103 1061 1160; x_wconf 80' lang='lat' dir='ltr'>Fref.</span> <span class='ocrx_word' id='word_1_51' title='bbox 1099 1104 1213 1160; x_wconf 76' lang='lat'>299.</span> 
     </span>
    </p>
   </div>
   <div class='ocr_carea' id='block_1_4' title="bbox 459 1243 2702 1331">
    <p class='ocr_par' dir='ltr' id='par_1_4' title="bbox 459 1243 2702 1331">
     <span class='ocr_line' id='line_1_9' title="bbox 459 1243 2702 1331; baseline 0.004 -26"><span class='ocrx_word' id='word_1_52' title='bbox 459 1252 688 1321; x_wconf 80' lang='lat' dir='ltr'>(Gotha.)</span> <span class='ocrx_word' id='word_1_53' title='bbox 1501 1243 1645 1309; x_wconf 78' lang='lat'>255.</span> <span class='ocrx_word' id='word_1_54' title='bbox 2226 1262 2305 1314; x_wconf 86' lang='lat'>15.</span> <span class='ocrx_word' id='word_1_55' title='bbox 2342 1261 2469 1315; x_wconf 84' lang='lat' dir='ltr'>Juni</span> <span class='ocrx_word' id='word_1_56' title='bbox 2506 1263 2702 1331; x_wconf 86' lang='lat'>(1513).</span> 
     </span>
    </p>
   </div>
   <div class='ocr_carea' id='block_1_5' title="bbox 1187 1361 1967 1434">
    <p class='ocr_par' dir='ltr' id='par_1_5' title="bbox 1187 1361 1967 1434">
     <span class='ocr_line' id='line_1_10' title="bbox 1187 1361 1967 1434; baseline -0.001 -2"><span class='ocrx_word' id='word_1_57' title='bbox 1187 1361 1473 1434; x_wconf 85' lang='lat' dir='ltr'>Mutia-n</span> <span class='ocrx_word' id='word_1_58' title='bbox 1518 1383 1615 1432; x_wconf 88' lang='lat' dir='ltr'>an</span> <span class='ocrx_word' id='word_1_59' title='bbox 1658 1362 1967 1434; x_wconf 77' lang='lat' dir='ltr'>Urban.⁸</span> 
     </span>
    </p>
   </div>
   <div class='ocr_carea' id='block_1_6' title="bbox 447 1477 2707 3829">
    <p class='ocr_par' dir='ltr' id='par_1_6' title="bbox 458 1477 2707 1808">
     <span class='ocr_line' id='line_1_11' title="bbox 458 1477 2707 1544; baseline 0.004 -14"><span class='ocrx_word' id='word_1_60' title='bbox 458 1477 586 1544; x_wconf 88' lang='lat' dir='ltr'>(Lob</span> <span class='ocrx_word' id='word_1_61' title='bbox 638 1496 738 1532; x_wconf 79' lang='lat' dir='ltr'>von</span> <span class='ocrx_word' id='word_1_62' title='bbox 801 1480 1008 1534; x_wconf 55' lang='grc' dir='ltr'>[θύα-ηε</span> <span class='ocrx_word' id='word_1_63' title='bbox 1059 1482 1323 1536; x_wconf 76' lang='lat' dir='ltr'>Marulus.</span> <span class='ocrx_word' id='word_1_64' title='bbox 1425 1483 1651 1538; x_wconf 78' lang='lat' dir='ltr'>Warum</span> <span class='ocrx_word' id='word_1_65' title='bbox 1709 1483 1980 1538; x_wconf 78' lang='lat' dir='ltr'>Eberbach</span> <span class='ocrx_word' id='word_1_66' title='bbox 2040 1483 2186 1536; x_wconf 75' lang='lat' dir='ltr'>Ioeine</span> <span class='ocrx_word' id='word_1_67' title='bbox 2240 1483 2419 1536; x_wconf 63' lang='lat' dir='ltr'>Palen</span> <span class='ocrx_word' id='word_1_68' title='bbox 2466 1485 2665 1538; x_wconf 65' lang='lat' dir='ltr'>sema-kt</span> <span class='ocrx_word' id='word_1_69' title='bbox 2679 1485 2707 1538; x_wconf 72' lang='lat'>‚9</span> 
     </span>
     <span class='ocr_line' id='line_1_12' title="bbox 546 1547 2617 1622; baseline 0.001 -20"><span class='ocrx_word' id='word_1_70' title='bbox 546 1547 879 1618; x_wconf 65' lang='lat' dir='ltr'>Schemkafte</span> <span class='ocrx_word' id='word_1_71' title='bbox 912 1551 1158 1620; x_wconf 73' lang='lat' dir='ltr'>Deutuny</span> <span class='ocrx_word' id='word_1_72' title='bbox 1191 1553 1277 1604; x_wconf 80' lang='lat' dir='ltr'>des</span> <span class='ocrx_word' id='word_1_73' title='bbox 1321 1552 1615 1606; x_wconf 72' lang='lat' dir='ltr'>Chorliecles</span> <span class='ocrx_word' id='word_1_74' title='bbox 1650 1553 1760 1620; x_wconf 73' lang='lat' dir='ltr'>auf</span> <span class='ocrx_word' id='word_1_75' title='bbox 1782 1553 1866 1608; x_wconf 74' lang='lat' dir='ltr'>die</span> <span class='ocrx_word' id='word_1_76' title='bbox 1899 1552 2200 1622; x_wconf 74' lang='lat' dir='ltr'>Puryation</span> <span class='ocrx_word' id='word_1_77' title='bbox 2232 1553 2319 1605; x_wconf 79' lang='lat' dir='ltr'>des</span> <span class='ocrx_word' id='word_1_78' title='bbox 2353 1551 2617 1622; x_wconf 72' lang='lat' dir='ltr'>Korpers.)</span> 
     </span>
     <span class='ocr_line' id='line_1_13' title="bbox 556 1655 2603 1722; baseline 0.003 -18"><span class='ocrx_word' id='word_1_79' title='bbox 556 1655 708 1705; x_wconf 84' lang='lat' dir='ltr'>Cato</span> <span class='ocrx_word' id='word_1_80' title='bbox 755 1656 1118 1718; x_wconf 79' lang='lat' dir='ltr'>eruditoque</span> <span class='ocrx_word' id='word_1_81' title='bbox 1163 1660 1460 1722; x_wconf 74' lang='lat' dir='ltr'>magistro</span> <span class='ocrx_word' id='word_1_82' title='bbox 1506 1661 1725 1712; x_wconf 79' lang='lat' dir='ltr'>Errico</span> <span class='ocrx_word' id='word_1_83' title='bbox 1774 1660 2029 1718; x_wconf 74' lang='lat' dir='ltr'>Urbano</span> <span class='ocrx_word' id='word_1_84' title='bbox 2074 1659 2503 1720; x_wconf 81' lang='lat' dir='ltr'>philosophiae</span> <span class='ocrx_word' id='word_1_85' title='bbox 2539 1663 2603 1710; x_wconf 77' lang='lat' dir='ltr'>et</span> 
     </span>
     <span class='ocr_line' id='line_1_14' title="bbox 555 1740 2598 1808; baseline 0.001 -14"><span class='ocrx_word' id='word_1_86' title='bbox 555 1740 752 1794; x_wconf 80' lang='lat' dir='ltr'>divini</span> <span class='ocrx_word' id='word_1_87' title='bbox 800 1744 1007 1796; x_wconf 79' lang='lat' dir='ltr'>cultus</span> <span class='ocrx_word' id='word_1_88' title='bbox 1053 1745 1275 1798; x_wconf 78' lang='lat' dir='ltr'>studiis</span> <span class='ocrx_word' id='word_1_89' title='bbox 1321 1747 1569 1808; x_wconf 75' lang='lat' dir='ltr'>insigni,</span> <span class='ocrx_word' id='word_1_90' title='bbox 1617 1747 1771 1797; x_wconf 84' lang='lat' dir='ltr'>mihi</span> <span class='ocrx_word' id='word_1_91' title='bbox 1806 1760 1947 1798; x_wconf 83' lang='lat' dir='ltr'>cum</span> <span class='ocrx_word' id='word_1_92' title='bbox 1980 1746 2197 1807; x_wconf 79' lang='lat' dir='ltr'>primis</span> <span class='ocrx_word' id='word_1_93' title='bbox 2231 1747 2598 1798; x_wconf 80' lang='lat' dir='ltr'>amicissimo</span> 
     </span>
    </p>

    <p class='ocr_par' dir='ltr' id='par_1_7' title="bbox 1378 1829 1770 1901">
     <span class='ocr_line' id='line_1_15' title="bbox 1378 1829 1770 1901; baseline 0.003 -18"><span class='ocrx_word' id='word_1_94' title='bbox 1378 1829 1488 1900; x_wconf 73' lang='grc'><strong>(111.</strong></span> <span class='ocrx_word' id='word_1_95' title='bbox 1523 1830 1770 1901; x_wconf 62' lang='lat' dir='ltr'>Rufum).</span> 
     </span>
    </p>

    <p class='ocr_par' dir='ltr' id='par_1_8' title="bbox 447 1930 2707 3829">
     <span class='ocr_line' id='line_1_16' title="bbox 658 1930 2706 2018; baseline 0.001 -23"><span class='ocrx_word' id='word_1_96' title='bbox 658 1930 722 1996; x_wconf 90' lang='lat' dir='ltr'>S.</span> <span class='ocrx_word' id='word_1_97' title='bbox 813 1933 998 1997; x_wconf 82' lang='lat' dir='ltr'>Venit</span> <span class='ocrx_word' id='word_1_98' title='bbox 1040 1934 1120 1998; x_wconf 88' lang='lat' dir='ltr'>ad</span> <span class='ocrx_word' id='word_1_99' title='bbox 1165 1955 1265 1998; x_wconf 88' lang='lat' dir='ltr'>me</span> <span class='ocrx_word' id='word_1_100' title='bbox 1308 1935 1585 2000; x_wconf 79' lang='lat' dir='ltr'>Rhanis⁴</span> <span class='ocrx_word' id='word_1_101' title='bbox 1626 1936 1747 2000; x_wconf 87' lang='lat' dir='ltr'>hac</span> <span class='ocrx_word' id='word_1_102' title='bbox 1792 1934 1945 2002; x_wconf 85' lang='lat' dir='ltr'>hora</span> <span class='ocrx_word' id='word_1_103' title='bbox 1988 1936 2259 2018; x_wconf 85' lang='lat' dir='ltr'>septima</span> <span class='ocrx_word' id='word_1_104' title='bbox 2308 1938 2373 1998; x_wconf 89' lang='lat' dir='ltr'>et</span> <span class='ocrx_word' id='word_1_105' title='bbox 2403 1938 2706 1998; x_wconf 86' lang='lat' dir='ltr'>cenaturo</span> 
     </span>
     <span class='ocr_line' id='line_1_17' title="bbox 451 2017 2703 2104; baseline 0.002 -23"><span class='ocrx_word' id='word_1_106' title='bbox 451 2017 604 2081; x_wconf 87' lang='lat' dir='ltr'>mihi</span> <span class='ocrx_word' id='word_1_107' title='bbox 652 2019 818 2083; x_wconf 84' lang='lat' dir='ltr'>dixit</span> <span class='ocrx_word' id='word_1_108' title='bbox 863 2041 929 2083; x_wconf 85' lang='lat' dir='ltr'>se</span> <span class='ocrx_word' id='word_1_109' title='bbox 975 2041 1112 2085; x_wconf 89' lang='lat' dir='ltr'>cras</span> <span class='ocrx_word' id='word_1_110' title='bbox 1173 2021 1406 2085; x_wconf 88' lang='lat' dir='ltr'>iturum</span> <span class='ocrx_word' id='word_1_111' title='bbox 1468 2021 1884 2104; x_wconf 86' lang='lat' dir='ltr'>Erphordiam</span> <span class='ocrx_word' id='word_1_112' title='bbox 1945 2027 2095 2086; x_wconf 90' lang='lat' dir='ltr'>ante</span> <span class='ocrx_word' id='word_1_113' title='bbox 2161 2020 2319 2085; x_wconf 89' lang='lat' dir='ltr'>solis</span> <span class='ocrx_word' id='word_1_114' title='bbox 2378 2023 2703 2100; x_wconf 81' lang='lat' dir='ltr'>exortum3</span> 
     </span>
     <span class='ocr_line' id='line_1_18' title="bbox 455 2104 2707 2190; baseline 0 -22"><span class='ocrx_word' id='word_1_115' title='bbox 455 2104 508 2168; x_wconf 88' lang='lat' dir='ltr'>si</span> <span class='ocrx_word' id='word_1_116' title='bbox 555 2106 706 2188; x_wconf 87' lang='lat' dir='ltr'>quid</span> <span class='ocrx_word' id='word_1_117' title='bbox 755 2105 1078 2171; x_wconf 84' lang='lat' dir='ltr'>literarum</span> <span class='ocrx_word' id='word_1_118' title='bbox 1128 2108 1276 2172; x_wconf 87' lang='lat' dir='ltr'>dare</span> <span class='ocrx_word' id='word_1_119' title='bbox 1323 2109 1564 2188; x_wconf 90' lang='lat' dir='ltr'>vellem,</span> <span class='ocrx_word' id='word_1_120' title='bbox 1628 2109 1895 2190; x_wconf 89' lang='lat' dir='ltr'>obsequi</span> <span class='ocrx_word' id='word_1_121' title='bbox 1940 2131 2009 2172; x_wconf 89' lang='lat' dir='ltr'>se</span> <span class='ocrx_word' id='word_1_122' title='bbox 2051 2107 2209 2171; x_wconf 88' lang='lat' dir='ltr'>velle</span> <span class='ocrx_word' id='word_1_123' title='bbox 2256 2110 2320 2171; x_wconf 90' lang='lat' dir='ltr'>et</span> <span class='ocrx_word' id='word_1_124' title='bbox 2368 2108 2707 2171; x_wconf 83' lang='lat' dir='ltr'>commissa</span> 
     </span>
     <span class='ocr_line' id='line_1_19' title="bbox 453 2191 2705 2277; baseline 0.001 -23"><span class='ocrx_word' id='word_1_125' title='bbox 453 2191 574 2255; x_wconf 89' lang='lat' dir='ltr'>sibi</span> <span class='ocrx_word' id='word_1_126' title='bbox 634 2192 945 2274; x_wconf 82' lang='lat' dir='ltr'>perficere.</span> <span class='ocrx_word' id='word_1_127' title='bbox 1036 2193 1170 2276; x_wconf 87' lang='lat' dir='ltr'>Ego</span> <span class='ocrx_word' id='word_1_128' title='bbox 1232 2195 1500 2258; x_wconf 88' lang='lat' dir='ltr'>salutem</span> <span class='ocrx_word' id='word_1_129' title='bbox 1561 2195 1682 2259; x_wconf 88' lang='lat' dir='ltr'>tibi</span> <span class='ocrx_word' id='word_1_130' title='bbox 1744 2197 1983 2277; x_wconf 88' lang='lat' dir='ltr'>precari</span> <span class='ocrx_word' id='word_1_131' title='bbox 2040 2194 2211 2257; x_wconf 87' lang='lat' dir='ltr'>soleo</span> <span class='ocrx_word' id='word_1_132' title='bbox 2260 2197 2325 2257; x_wconf 90' lang='lat' dir='ltr'>et</span> <span class='ocrx_word' id='word_1_133' title='bbox 2371 2194 2592 2257; x_wconf 86' lang='lat' dir='ltr'>merito</span> <span class='ocrx_word' id='word_1_134' title='bbox 2640 2197 2705 2257; x_wconf 91' lang='lat' dir='ltr'>et</span> 
     </span>
     <span class='ocr_line' id='line_1_20' title="bbox 453 2279 2705 2362; baseline 0.001 -22"><span class='ocrx_word' id='word_1_135' title='bbox 453 2299 672 2360; x_wconf 85' lang='lat' dir='ltr'>precor</span> <span class='ocrx_word' id='word_1_136' title='bbox 741 2280 1099 2342; x_wconf 84' lang='lat' dir='ltr'>maximam.</span> <span class='ocrx_word' id='word_1_137' title='bbox 1190 2281 1419 2345; x_wconf 81' lang='lat' dir='ltr'>Paucis</span> <span class='ocrx_word' id='word_1_138' title='bbox 1486 2286 1637 2345; x_wconf 77' lang='lat' dir='ltr'>ante</span> <span class='ocrx_word' id='word_1_139' title='bbox 1704 2282 1928 2345; x_wconf 88' lang='lat' dir='ltr'>diebus</span> <span class='ocrx_word' id='word_1_140' title='bbox 1992 2279 2343 2355; x_wconf 84' lang='lat' dir='ltr'>admonui,⁵</span> <span class='ocrx_word' id='word_1_141' title='bbox 2412 2284 2486 2342; x_wconf 89' lang='lat' dir='ltr'>ut</span> <span class='ocrx_word' id='word_1_142' title='bbox 2544 2301 2705 2362; x_wconf 88' lang='lat' dir='ltr'>opus</span> 
     </span>
     <span class='ocr_line' id='line_1_21' title="bbox 457 2365 2703 2449; baseline 0 -21"><span class='ocrx_word' id='word_1_143' title='bbox 457 2386 688 2428; x_wconf 90' lang='lat' dir='ltr'>novum</span> <span class='ocrx_word' id='word_1_144' title='bbox 737 2365 1160 2449; x_wconf 84' lang='lat' dir='ltr'>exemplorum</span> <span class='ocrx_word' id='word_1_145' title='bbox 1209 2368 1564 2431; x_wconf 70' lang='lat' dir='ltr'>invest-ires</span> <span class='ocrx_word' id='word_1_146' title='bbox 1654 2369 1791 2431; x_wconf 82' lang='lat' dir='ltr'>Erit</span> <span class='ocrx_word' id='word_1_147' title='bbox 1838 2369 1899 2430; x_wconf 85' lang='lat' dir='ltr'>id</span> <span class='ocrx_word' id='word_1_148' title='bbox 1948 2367 2099 2430; x_wconf 90' lang='lat' dir='ltr'>mihi</span> <span class='ocrx_word' id='word_1_149' title='bbox 2160 2367 2493 2447; x_wconf 87' lang='lat' dir='ltr'>voluptati,</span> <span class='ocrx_word' id='word_1_150' title='bbox 2542 2372 2605 2428; x_wconf 90' lang='lat' dir='ltr'>et</span> <span class='ocrx_word' id='word_1_151' title='bbox 2648 2366 2703 2428; x_wconf 90' lang='lat' dir='ltr'>si</span> 
     </span>
     <span class='ocr_line' id='line_1_22' title="bbox 455 2452 2703 2534; baseline 0.001 -19"><span class='ocrx_word' id='word_1_152' title='bbox 455 2452 642 2534; x_wconf 86' lang='lat' dir='ltr'>nugis</span> <span class='ocrx_word' id='word_1_153' title='bbox 708 2453 1007 2525; x_wconf 82' lang='lat' dir='ltr'>abundet,</span> <span class='ocrx_word' id='word_1_154' title='bbox 1080 2455 1198 2519; x_wconf 90' lang='lat' dir='ltr'>erit</span> <span class='ocrx_word' id='word_1_155' title='bbox 1244 2460 1310 2517; x_wconf 86' lang='lat' dir='ltr'>et</span> <span class='ocrx_word' id='word_1_156' title='bbox 1353 2456 1473 2518; x_wconf 83' lang='lat' dir='ltr'>tibi</span> <span class='ocrx_word' id='word_1_157' title='bbox 1519 2456 1664 2519; x_wconf 89' lang='lat' dir='ltr'>usui</span> <span class='ocrx_word' id='word_1_158' title='bbox 1729 2456 1793 2517; x_wconf 91' lang='lat' dir='ltr'>in</span> <span class='ocrx_word' id='word_1_159' title='bbox 1855 2454 2139 2519; x_wconf 87' lang='lat' dir='ltr'>docendo</span> <span class='ocrx_word' id='word_1_160' title='bbox 2207 2455 2397 2515; x_wconf 86' lang='lat' dir='ltr'>verbo</span> <span class='ocrx_word' id='word_1_161' title='bbox 2464 2453 2703 2526; x_wconf 84' lang='lat' dir='ltr'>divinO,</span> 
     </span>
     <span class='ocr_line' id='line_1_23' title="bbox 452 2538 2705 2620; baseline 0 -17"><span class='ocrx_word' id='word_1_162' title='bbox 452 2539 706 2620; x_wconf 90' lang='lat' dir='ltr'>quando</span> <span class='ocrx_word' id='word_1_163' title='bbox 781 2538 1008 2603; x_wconf 82' lang='lat' dir='ltr'>fratres</span> <span class='ocrx_word' id='word_1_164' title='bbox 1083 2542 1182 2605; x_wconf 89' lang='lat' dir='ltr'>vel</span> <span class='ocrx_word' id='word_1_165' title='bbox 1259 2542 1507 2605; x_wconf 86' lang='lat' dir='ltr'>blandis</span> <span class='ocrx_word' id='word_1_166' title='bbox 1583 2541 2141 2605; x_wconf 86' lang='lat' dir='ltr'>exhortationibus</span> <span class='ocrx_word' id='word_1_167' title='bbox 2214 2538 2531 2603; x_wconf 81' lang='lat' dir='ltr'>demulces</span> <span class='ocrx_word' id='word_1_168' title='bbox 2602 2540 2705 2603; x_wconf 60' lang='lat' dir='ltr'>rel</span> 
     </span>
     <span class='ocr_line' id='line_1_24' title="bbox 451 2625 2705 2708; baseline 0 -19"><span class='ocrx_word' id='word_1_169' title='bbox 451 2626 870 2689; x_wconf 88' lang='lat' dir='ltr'>severioribus</span> <span class='ocrx_word' id='word_1_170' title='bbox 933 2627 1122 2690; x_wconf 87' lang='lat' dir='ltr'>minis</span> <span class='ocrx_word' id='word_1_171' title='bbox 1181 2629 1456 2705; x_wconf 79' lang='lat' dir='ltr'>territaS‚</span> <span class='ocrx_word' id='word_1_172' title='bbox 1501 2628 1602 2691; x_wconf 87' lang='lat' dir='ltr'>uti</span> <span class='ocrx_word' id='word_1_173' title='bbox 1645 2628 1778 2691; x_wconf 86' lang='lat' dir='ltr'>fieri</span> <span class='ocrx_word' id='word_1_174' title='bbox 1844 2628 2021 2692; x_wconf 87' lang='lat' dir='ltr'>solet.</span> <span class='ocrx_word' id='word_1_175' title='bbox 2111 2627 2273 2689; x_wconf 88' lang='lat' dir='ltr'>Nam</span> <span class='ocrx_word' id='word_1_176' title='bbox 2340 2626 2491 2708; x_wconf 81' lang='lat' dir='ltr'>quid</span> <span class='ocrx_word' id='word_1_177' title='bbox 2560 2625 2705 2707; x_wconf 86' lang='lat' dir='ltr'>plus</span> 
     </span>
     <span class='ocr_line' id='line_1_25' title="bbox 449 2711 2707 2797; baseline 0 -22"><span class='ocrx_word' id='word_1_178' title='bbox 449 2712 516 2775; x_wconf 89' lang='lat' dir='ltr'>in</span> <span class='ocrx_word' id='word_1_179' title='bbox 562 2711 969 2776; x_wconf 86' lang='lat' dir='ltr'>contionibus</span> <span class='ocrx_word' id='word_1_180' title='bbox 1032 2715 1320 2797; x_wconf 83' lang='lat' dir='ltr'>energiae</span> <span class='ocrx_word' id='word_1_181' title='bbox 1375 2714 1628 2791; x_wconf 83' lang='lat' dir='ltr'>habeat,</span> <span class='ocrx_word' id='word_1_182' title='bbox 1695 2736 1823 2777; x_wconf 93' lang='lat' dir='ltr'>non</span> <span class='ocrx_word' id='word_1_183' title='bbox 1882 2712 2187 2794; x_wconf 84' lang='lat' dir='ltr'>intelligo.</span> <span class='ocrx_word' id='word_1_184' title='bbox 2278 2711 2421 2775; x_wconf 87' lang='lat' dir='ltr'>Cito</span> <span class='ocrx_word' id='word_1_185' title='bbox 2494 2712 2707 2776; x_wconf 85' lang='lat' dir='ltr'>influit</span> 
     </span>
     <span class='ocr_line' id='line_1_26' title="bbox 449 2798 2705 2880; baseline 0 -19"><span class='ocrx_word' id='word_1_186' title='bbox 449 2799 826 2880; x_wconf 84' lang='lat' dir='ltr'>exemplum,</span> <span class='ocrx_word' id='word_1_187' title='bbox 884 2799 1067 2863; x_wconf 84' lang='lat' dir='ltr'>facile</span> <span class='ocrx_word' id='word_1_188' title='bbox 1125 2804 1399 2876; x_wconf 87' lang='lat' dir='ltr'>tenetur,</span> <span class='ocrx_word' id='word_1_189' title='bbox 1447 2806 1511 2863; x_wconf 89' lang='lat' dir='ltr'>et</span> <span class='ocrx_word' id='word_1_190' title='bbox 1555 2802 1825 2865; x_wconf 85' lang='lat' dir='ltr'>libenter</span> <span class='ocrx_word' id='word_1_191' title='bbox 1891 2800 2231 2872; x_wconf 79' lang='lat' dir='ltr'>imitamur,</span> <span class='ocrx_word' id='word_1_192' title='bbox 2302 2820 2465 2880; x_wconf 87' lang='lat' dir='ltr'>quae</span> <span class='ocrx_word' id='word_1_193' title='bbox 2532 2798 2705 2861; x_wconf 85' lang='lat' dir='ltr'>facta</span> 
     </span>
     <span class='ocr_line' id='line_1_27' title="bbox 449 2882 2705 2969; baseline -0 -22"><span class='ocrx_word' id='word_1_194' title='bbox 449 2884 531 2947; x_wconf 89' lang='lat' dir='ltr'>ab</span> <span class='ocrx_word' id='word_1_195' title='bbox 592 2885 734 2948; x_wconf 89' lang='lat' dir='ltr'>aliis</span> <span class='ocrx_word' id='word_1_196' title='bbox 799 2885 1110 2949; x_wconf 69' lang='lat' dir='ltr'>audimus</span> <span class='ocrx_word' id='word_1_197' title='bbox 1199 2887 1444 2951; x_wconf 80' lang='lat' dir='ltr'>Instare</span> <span class='ocrx_word' id='word_1_198' title='bbox 1499 2890 1822 2969; x_wconf 85' lang='lat' dir='ltr'>praeterea</span> <span class='ocrx_word' id='word_1_199' title='bbox 1879 2886 2197 2949; x_wconf 87' lang='lat' dir='ltr'>nundinas</span> <span class='ocrx_word' id='word_1_200' title='bbox 2244 2882 2593 2964; x_wconf 77' lang='lat' dir='ltr'>Neoburgi⁶</span> <span class='ocrx_word' id='word_1_201' title='bbox 2639 2888 2705 2947; x_wconf 88' lang='lat' dir='ltr'>et</span> 
     </span>
     <span class='ocr_line' id='line_1_28' title="bbox 449 2970 2703 3054; baseline 0 -21"><span class='ocrx_word' id='word_1_202' title='bbox 449 2972 524 3034; x_wconf 89' lang='lat' dir='ltr'>de</span> <span class='ocrx_word' id='word_1_203' title='bbox 581 2973 958 3054; x_wconf 87' lang='lat' dir='ltr'>purgatione</span> <span class='ocrx_word' id='word_1_204' title='bbox 1005 2972 1158 3036; x_wconf 84' lang='lat' dir='ltr'>dixi.</span> <span class='ocrx_word' id='word_1_205' title='bbox 1248 2972 1441 3036; x_wconf 84' lang='lat' dir='ltr'>Miror</span> <span class='ocrx_word' id='word_1_206' title='bbox 1504 2980 1737 3049; x_wconf 86' lang='lat' dir='ltr'>autem,</span> <span class='ocrx_word' id='word_1_207' title='bbox 1798 2994 1909 3035; x_wconf 84' lang='lat' dir='ltr'>cur</span> <span class='ocrx_word' id='word_1_208' title='bbox 1953 2972 2056 3035; x_wconf 89' lang='lat' dir='ltr'>ille</span> <span class='ocrx_word' id='word_1_209' title='bbox 2100 2970 2513 3034; x_wconf 66' lang='lat' dir='ltr'>Podaliriusa</span> <span class='ocrx_word' id='word_1_210' title='bbox 2574 2970 2703 3033; x_wconf 89' lang='lat' dir='ltr'>imo</span> 
     </span>
     <span class='ocr_line' id='line_1_29' title="bbox 450 3055 2703 3142; baseline -0.001 -22"><span class='ocrx_word' id='word_1_211' title='bbox 450 3057 864 3140; x_wconf 87' lang='lat' dir='ltr'>Aesculapius</span> <span class='ocrx_word' id='word_1_212' title='bbox 931 3057 1136 3142; x_wconf 80' lang='lat' dir='ltr'>pater⁷</span> <span class='ocrx_word' id='word_1_213' title='bbox 1183 3081 1308 3122; x_wconf 90' lang='lat' dir='ltr'>non</span> <span class='ocrx_word' id='word_1_214' title='bbox 1359 3060 1603 3123; x_wconf 86' lang='lat' dir='ltr'>miserit</span> <span class='ocrx_word' id='word_1_215' title='bbox 1654 3059 1799 3140; x_wconf 83' lang='lat' dir='ltr'>jura</span> <span class='ocrx_word' id='word_1_216' title='bbox 1858 3058 2227 3121; x_wconf 85' lang='lat' dir='ltr'>cathartica.</span> <span class='ocrx_word' id='word_1_217' title='bbox 2318 3055 2388 3119; x_wconf 84' lang='lat' dir='ltr'>Si</span> <span class='ocrx_word' id='word_1_218' title='bbox 2433 3057 2703 3139; x_wconf 83' lang='lat' dir='ltr'>pessime</span> 
     </span>
     <span class='ocr_line' id='line_1_30' title="bbox 449 3142 2705 3222; baseline -0.001 -15"><span class='ocrx_word' id='word_1_219' title='bbox 449 3144 809 3222; x_wconf 85' lang='lat' dir='ltr'>valuissem,</span> <span class='ocrx_word' id='word_1_220' title='bbox 879 3144 1106 3209; x_wconf 87' lang='lat' dir='ltr'>fuisset</span> <span class='ocrx_word' id='word_1_221' title='bbox 1169 3146 1246 3208; x_wconf 90' lang='lat' dir='ltr'>de</span> <span class='ocrx_word' id='word_1_222' title='bbox 1313 3167 1412 3208; x_wconf 91' lang='lat' dir='ltr'>me</span> <span class='ocrx_word' id='word_1_223' title='bbox 1479 3150 1711 3209; x_wconf 87' lang='lat' dir='ltr'>actum.</span> <span class='ocrx_word' id='word_1_224' title='bbox 1826 3144 1997 3207; x_wconf 84' lang='lat' dir='ltr'>Adeo</span> <span class='ocrx_word' id='word_1_225' title='bbox 2064 3149 2275 3207; x_wconf 89' lang='lat' dir='ltr'>tamen</span> <span class='ocrx_word' id='word_1_226' title='bbox 2344 3142 2510 3205; x_wconf 86' lang='lat' dir='ltr'>male</span> <span class='ocrx_word' id='word_1_227' title='bbox 2574 3164 2705 3205; x_wconf 92' lang='lat' dir='ltr'>non</span> 
     </span>
     <span class='ocr_line' id='line_1_31' title="bbox 447 3227 2703 3312; baseline -0.001 -19"><span class='ocrx_word' id='word_1_228' title='bbox 447 3230 643 3308; x_wconf 87' lang='lat' dir='ltr'>valeo,</span> <span class='ocrx_word' id='word_1_229' title='bbox 715 3236 786 3293; x_wconf 86' lang='lat' dir='ltr'>ut</span> <span class='ocrx_word' id='word_1_230' title='bbox 847 3231 985 3294; x_wconf 91' lang='lat' dir='ltr'>sine</span> <span class='ocrx_word' id='word_1_231' title='bbox 1063 3229 1413 3312; x_wconf 85' lang='lat' dir='ltr'>salagmate</span> <span class='ocrx_word' id='word_1_232' title='bbox 1479 3232 1613 3294; x_wconf 86' lang='lat' dir='ltr'>sive</span> <span class='ocrx_word' id='word_1_233' title='bbox 1678 3230 1937 3312; x_wconf 90' lang='lat' dir='ltr'>potione</span> <span class='ocrx_word' id='word_1_234' title='bbox 2000 3228 2343 3311; x_wconf 88' lang='lat' dir='ltr'>producere</span> <span class='ocrx_word' id='word_1_235' title='bbox 2408 3227 2703 3308; x_wconf 84' lang='lat' dir='ltr'>spiritum</span> 
     </span>
     <span class='ocr_line' id='line_1_32' title="bbox 452 3314 2704 3399; baseline -0.001 -20"><span class='ocrx_word' id='word_1_236' title='bbox 452 3338 780 3399; x_wconf 87' lang='lat' dir='ltr'>nequeam.</span> <span class='ocrx_word' id='word_1_237' title='bbox 872 3316 1072 3394; x_wconf 78' lang='lat' dir='ltr'>ValeS,</span> <span class='ocrx_word' id='word_1_238' title='bbox 1107 3318 1246 3381; x_wconf 90' lang='lat' dir='ltr'>laus</span> <span class='ocrx_word' id='word_1_239' title='bbox 1283 3317 1428 3380; x_wconf 86' lang='lat' dir='ltr'>Jovi</span> <span class='ocrx_word' id='word_1_240' title='bbox 1477 3322 1540 3381; x_wconf 88' lang='lat' dir='ltr'>et</span> <span class='ocrx_word' id='word_1_241' title='bbox 1583 3317 1841 3380; x_wconf 85' lang='lat' dir='ltr'>Junoni.</span> <span class='ocrx_word' id='word_1_242' title='bbox 1937 3316 2021 3378; x_wconf 81' lang='lat' dir='ltr'>At</span> <span class='ocrx_word' id='word_1_243' title='bbox 2052 3314 2371 3397; x_wconf 87' lang='lat' dir='ltr'>quoniam,</span> <span class='ocrx_word' id='word_1_244' title='bbox 2407 3320 2482 3377; x_wconf 87' lang='lat' dir='ltr'>ut</span> <span class='ocrx_word' id='word_1_245' title='bbox 2512 3314 2704 3391; x_wconf 90' lang='lat' dir='ltr'>nosti,</span> 
     </span>
     <span class='ocr_line' id='line_1_33' title="bbox 449 3400 2705 3485; baseline -0.001 -19"><span class='ocrx_word' id='word_1_246' title='bbox 449 3403 690 3467; x_wconf 86' lang='lat' dir='ltr'>desidia</span> <span class='ocrx_word' id='word_1_247' title='bbox 737 3408 924 3467; x_wconf 88' lang='lat' dir='ltr'>nocet</span> <span class='ocrx_word' id='word_1_248' title='bbox 967 3409 1032 3466; x_wconf 90' lang='lat' dir='ltr'>et</span> <span class='ocrx_word' id='word_1_249' title='bbox 1075 3406 1274 3466; x_wconf 89' lang='lat' dir='ltr'>otium</span> <span class='ocrx_word' id='word_1_250' title='bbox 1321 3409 1717 3485; x_wconf 81' lang='lat' dir='ltr'>perpetuum,</span> <span class='ocrx_word' id='word_1_251' title='bbox 1762 3402 2107 3484; x_wconf 84' lang='lat' dir='ltr'>impeditur</span> <span class='ocrx_word' id='word_1_252' title='bbox 2152 3402 2317 3464; x_wconf 90' lang='lat' dir='ltr'>enim</span> <span class='ocrx_word' id='word_1_253' title='bbox 2376 3400 2705 3463; x_wconf 86' lang='lat' dir='ltr'>concoctio</span> 
     </span>
     <span class='ocr_line' id='line_1_34' title="bbox 450 3486 2707 3571; baseline -0.002 -18"><span class='ocrx_word' id='word_1_254' title='bbox 450 3490 778 3566; x_wconf 79' lang='lat' dir='ltr'>naturaliS,</span> <span class='ocrx_word' id='word_1_255' title='bbox 836 3489 974 3552; x_wconf 90' lang='lat' dir='ltr'>ideo</span> <span class='ocrx_word' id='word_1_256' title='bbox 1040 3488 1389 3553; x_wconf 82' lang='lat' dir='ltr'>exinanitio</span> <span class='ocrx_word' id='word_1_257' title='bbox 1449 3488 1760 3554; x_wconf 87' lang='lat' dir='ltr'>stomachi</span> <span class='ocrx_word' id='word_1_258' title='bbox 1818 3487 2154 3571; x_wconf 78' lang='lat' dir='ltr'>profuerit3</span> <span class='ocrx_word' id='word_1_259' title='bbox 2204 3508 2397 3567; x_wconf 88' lang='lat' dir='ltr'>quare</span> <span class='ocrx_word' id='word_1_260' title='bbox 2443 3488 2494 3549; x_wconf 91' lang='lat' dir='ltr'>si</span> <span class='ocrx_word' id='word_1_261' title='bbox 2539 3486 2707 3569; x_wconf 86' lang='lat' dir='ltr'>pilu-</span> 
     </span>
     <span class='ocr_line' id='line_1_35' title="bbox 449 3571 2707 3657; baseline -0.002 -18"><span class='ocrx_word' id='word_1_262' title='bbox 449 3576 643 3641; x_wconf 86' lang='lat' dir='ltr'>larius</span> <span class='ocrx_word' id='word_1_263' title='bbox 687 3574 1000 3639; x_wconf 83' lang='lat' dir='ltr'>Machaon</span> <span class='ocrx_word' id='word_1_264' title='bbox 1049 3574 1304 3656; x_wconf 87' lang='lat' dir='ltr'>parabit</span> <span class='ocrx_word' id='word_1_265' title='bbox 1334 3576 1678 3657; x_wconf 75' lang='lat' dir='ltr'>catapotia,</span> <span class='ocrx_word' id='word_1_266' title='bbox 1706 3575 1735 3614; x_wconf 63' lang='grc'>1)</span> <span class='ocrx_word' id='word_1_267' title='bbox 1781 3573 1963 3639; x_wconf 86' lang='lat' dir='ltr'>dabis</span> <span class='ocrx_word' id='word_1_268' title='bbox 1992 3573 2176 3652; x_wconf 82' lang='grc' dir='ltr'><strong>11111ος</strong></span> <span class='ocrx_word' id='word_1_269' title='bbox 2209 3573 2263 3635; x_wconf 87' lang='grc'>31</span> <span class='ocrx_word' id='word_1_270' title='bbox 2296 3595 2421 3635; x_wconf 86' lang='grc'><strong>11011</strong></span> <span class='ocrx_word' id='word_1_271' title='bbox 2455 3571 2707 3653; x_wconf 88' lang='lat' dir='ltr'>paravit</span> 
     </span>
     <span class='ocr_line' id='line_1_36' title="bbox 449 3659 2706 3743; baseline -0.002 -18"><span class='ocrx_word' id='word_1_272' title='bbox 449 3684 676 3743; x_wconf 89' lang='lat' dir='ltr'>meque</span> <span class='ocrx_word' id='word_1_273' title='bbox 757 3663 1127 3736; x_wconf 86' lang='lat' dir='ltr'>contemnit,</span> <span class='ocrx_word' id='word_1_274' title='bbox 1220 3661 1448 3725; x_wconf 87' lang='lat' dir='ltr'>valeat.</span> <span class='ocrx_word' id='word_1_275' title='bbox 1568 3661 1789 3724; x_wconf 85' lang='lat' dir='ltr'>Emam</span> <span class='ocrx_word' id='word_1_276' title='bbox 1862 3660 1987 3723; x_wconf 89' lang='lat' dir='ltr'>alio</span> <span class='ocrx_word' id='word_1_277' title='bbox 2061 3659 2199 3722; x_wconf 91' lang='lat' dir='ltr'>loco</span> <span class='ocrx_word' id='word_1_278' title='bbox 2274 3662 2339 3721; x_wconf 88' lang='lat' dir='ltr'>et</span> <span class='ocrx_word' id='word_1_279' title='bbox 2412 3659 2706 3740; x_wconf 83' lang='lat' dir='ltr'>pituosos</span> 
     </span>
     <span class='ocr_line' id='line_1_37' title="bbox 448 3744 2704 3829; baseline -0.002 -18"><span class='ocrx_word' id='word_1_280' title='bbox 448 3749 744 3812; x_wconf 89' lang='lat' dir='ltr'>humores</span> <span class='ocrx_word' id='word_1_281' title='bbox 790 3770 868 3810; x_wconf 88' lang='lat' dir='ltr'>ex</span> <span class='ocrx_word' id='word_1_282' title='bbox 916 3747 1238 3810; x_wconf 90' lang='lat' dir='ltr'>intestinis</span> <span class='ocrx_word' id='word_1_283' title='bbox 1285 3747 1547 3811; x_wconf 90' lang='lat' dir='ltr'>educam</span> <span class='ocrx_word' id='word_1_284' title='bbox 1583 3746 1862 3829; x_wconf 84' lang='lat' dir='ltr'>etquasi</span> <span class='ocrx_word' id='word_1_285' title='bbox 1909 3745 2403 3809; x_wconf 86' lang='lat' dir='ltr'>tumultuantem</span> <span class='ocrx_word' id='word_1_286' title='bbox 2440 3744 2704 3807; x_wconf 89' lang='lat' dir='ltr'>militem</span> 
     </span>
    </p>
   </div>
   <div class='ocr_carea' id='block_1_7' title="bbox 447 3880 2719 4435">
    <p class='ocr_par' dir='ltr' id='par_1_9' title="bbox 447 3880 2719 4435">
     <span class='ocr_line' id='line_1_38' title="bbox 585 3880 2706 4027; baseline -0.003 -23"><span class='ocrx_word' id='word_1_287' title='bbox 585 3883 994 4005; x_wconf 46' lang='lat' dir='ltr'>fflfficgallgingsgit</span> <span class='ocrx_word' id='word_1_288' title='bbox 1047 3880 1268 4003; x_wconf 57' lang='lat' dir='ltr'>Ogteiirin</span> <span class='ocrx_word' id='word_1_289' title='bbox 1293 3881 1487 4003; x_wconf 49' lang='grc' dir='ltr'>ἧξῗέάθ</span> <span class='ocrx_word' id='word_1_290' title='bbox 1499 3898 1591 4002; x_wconf 52' lang='lat' dir='ltr'>Bli.</span> <span class='ocrx_word' id='word_1_291' title='bbox 1626 3880 1919 4003; x_wconf 47' lang='lat' dir='ltr'>gsssslilhssa}</span> <span class='ocrx_word' id='word_1_292' title='bbox 1937 3948 2072 4000; x_wconf 89' lang='lat' dir='ltr'>Dem</span> <span class='ocrx_word' id='word_1_293' title='bbox 2124 3946 2289 3999; x_wconf 83' lang='lat' dir='ltr'>Vikar</span> <span class='ocrx_word' id='word_1_294' title='bbox 2338 3962 2441 4027; x_wconf 63' lang='lat' dir='ltr'>yon</span> <span class='ocrx_word' id='word_1_295' title='bbox 2486 3946 2706 3999; x_wconf 91' lang='lat' dir='ltr'>Hohen-</span> 
     </span>
     <span class='ocr_line' id='line_1_39' title="bbox 450 4015 2706 4075; baseline -0.002 -2"><span class='ocrx_word' id='word_1_296' title='bbox 450 4021 685 4075; x_wconf 83' lang='lat' dir='ltr'>kirchen.</span> <span class='ocrx_word' id='word_1_297' title='bbox 757 4020 863 4073; x_wconf 74' lang='lat' dir='ltr'>Fiir</span> <span class='ocrx_word' id='word_1_298' title='bbox 916 4021 1016 4073; x_wconf 85' lang='lat' dir='ltr'>den</span> <span class='ocrx_word' id='word_1_299' title='bbox 1070 4020 1184 4071; x_wconf 80' lang='lat' dir='ltr'>Fan</span> <span class='ocrx_word' id='word_1_300' title='bbox 1219 4020 1312 4072; x_wconf 88' lang='lat' dir='ltr'>des</span> <span class='ocrx_word' id='word_1_301' title='bbox 1346 4019 1511 4072; x_wconf 80' lang='lat' dir='ltr'>Todes</span> <span class='ocrx_word' id='word_1_302' title='bbox 1548 4020 1641 4072; x_wconf 87' lang='lat' dir='ltr'>des</span> <span class='ocrx_word' id='word_1_303' title='bbox 1677 4019 1817 4071; x_wconf 84' lang='lat' dir='ltr'>alten</span> <span class='ocrx_word' id='word_1_304' title='bbox 1866 4017 2051 4069; x_wconf 87' lang='lat' dir='ltr'>Pastor</span> <span class='ocrx_word' id='word_1_305' title='bbox 2084 4032 2188 4068; x_wconf 90' lang='lat' dir='ltr'>von</span> <span class='ocrx_word' id='word_1_306' title='bbox 2228 4015 2473 4068; x_wconf 85' lang='lat' dir='ltr'>Schonau</span> <span class='ocrx_word' id='word_1_307' title='bbox 2530 4015 2706 4069; x_wconf 86' lang='lat' dir='ltr'>wollte</span> 
     </span>
     <span class='ocr_line' id='line_1_40' title="bbox 450 4083 2708 4155; baseline -0.003 -12"><span class='ocrx_word' id='word_1_308' title='bbox 450 4090 520 4143; x_wconf 81' lang='grc' dir='ltr'>Μ.</span> <span class='ocrx_word' id='word_1_309' title='bbox 561 4091 646 4143; x_wconf 87' lang='lat' dir='ltr'>die</span> <span class='ocrx_word' id='word_1_310' title='bbox 680 4090 910 4143; x_wconf 76' lang='lat' dir='ltr'>Pfri&#39;mde</span> <span class='ocrx_word' id='word_1_311' title='bbox 945 4091 1028 4141; x_wconf 79' lang='lat' dir='ltr'>fiir</span> <span class='ocrx_word' id='word_1_312' title='bbox 1063 4089 1229 4141; x_wconf 85' lang='lat' dir='ltr'>Janus</span> <span class='ocrx_word' id='word_1_313' title='bbox 1264 4089 1547 4141; x_wconf 83' lang='lat' dir='ltr'>erwerben.</span> <span class='ocrx_word' id='word_1_314' title='bbox 1602 4088 1719 4155; x_wconf 88' lang='lat' dir='ltr'>Vgl.</span> <span class='ocrx_word' id='word_1_315' title='bbox 1757 4086 1843 4139; x_wconf 91' lang='lat' dir='ltr'>Br.</span> <span class='ocrx_word' id='word_1_316' title='bbox 1882 4086 1998 4138; x_wconf 82' lang='lat'>239.</span> <span class='ocrx_word' id='word_1_317' title='bbox 2093 4086 2114 4117; x_wconf 79' lang='lat'>³</span> <span class='ocrx_word' id='word_1_318' title='bbox 2147 4084 2373 4151; x_wconf 88' lang='lat' dir='ltr'>Wenige</span> <span class='ocrx_word' id='word_1_319' title='bbox 2407 4083 2543 4151; x_wconf 84' lang='lat' dir='ltr'>Tage</span> <span class='ocrx_word' id='word_1_320' title='bbox 2568 4086 2708 4137; x_wconf 88' lang='lat' dir='ltr'>nach</span> 
     </span>
     <span class='ocr_line' id='line_1_41' title="bbox 449 4152 2705 4230; baseline -0.002 -20"><span class='ocrx_word' id='word_1_321' title='bbox 449 4176 556 4213; x_wconf 83' lang='lat' dir='ltr'>vor.</span> <span class='ocrx_word' id='word_1_322' title='bbox 593 4159 679 4211; x_wconf 88' lang='lat' dir='ltr'>Br.</span> <span class='ocrx_word' id='word_1_323' title='bbox 719 4158 1072 4227; x_wconf 67' lang='lat' dir='ltr'>geschsieben.</span> <span class='ocrx_word' id='word_1_324' title='bbox 1181 4159 1202 4189; x_wconf 69' lang='lat'><em>4</em></span> <span class='ocrx_word' id='word_1_325' title='bbox 1237 4158 1464 4210; x_wconf 86' lang='lat' dir='ltr'>Gothaer</span> <span class='ocrx_word' id='word_1_326' title='bbox 1497 4157 1719 4209; x_wconf 83' lang='lat' dir='ltr'>Freund.</span> <span class='ocrx_word' id='word_1_327' title='bbox 1781 4156 1830 4208; x_wconf 82' lang='lat' dir='ltr'>S.</span> <span class='ocrx_word' id='word_1_328' title='bbox 1870 4154 1971 4207; x_wconf 84' lang='lat'>302</span> <span class='ocrx_word' id='word_1_329' title='bbox 1996 4156 2056 4206; x_wconf 75' lang='lat' dir='ltr'>A.</span> <span class='ocrx_word' id='word_1_330' title='bbox 2080 4155 2123 4205; x_wconf 86' lang='lat'>1.</span> <span class='ocrx_word' id='word_1_331' title='bbox 2232 4156 2253 4185; x_wconf 85' lang='lat'>⁵</span> <span class='ocrx_word' id='word_1_332' title='bbox 2286 4152 2509 4230; x_wconf 73' lang='lat' dir='ltr'>Voriger</span> <span class='ocrx_word' id='word_1_333' title='bbox 2546 4152 2705 4205; x_wconf 85' lang='lat' dir='ltr'>Brief.</span> 
     </span>
     <span class='ocr_line' id='line_1_42' title="bbox 447 4221 2707 4291; baseline -0.003 -11"><span class='ocrx_word' id='word_1_334' title='bbox 447 4229 554 4281; x_wconf 87' lang='lat' dir='ltr'>Das</span> <span class='ocrx_word' id='word_1_335' title='bbox 601 4230 868 4281; x_wconf 66' lang='lat' dir='ltr'>erwz&#39;ihnte</span> <span class='ocrx_word' id='word_1_336' title='bbox 914 4226 1066 4279; x_wconf 85' lang='lat' dir='ltr'>Buch</span> <span class='ocrx_word' id='word_1_337' title='bbox 1111 4226 1182 4278; x_wconf 84' lang='lat' dir='ltr'>ist</span> <span class='ocrx_word' id='word_1_338' title='bbox 1232 4228 1324 4279; x_wconf 88' lang='lat' dir='ltr'>der</span> <span class='ocrx_word' id='word_1_339' title='bbox 1369 4226 1607 4279; x_wconf 80' lang='lat' dir='ltr'>Marulus</span> <span class='ocrx_word' id='word_1_340' title='bbox 1651 4225 1875 4291; x_wconf 75' lang='lat' dir='ltr'>Urbans,</span> <span class='ocrx_word' id='word_1_341' title='bbox 1931 4223 2023 4274; x_wconf 86' lang='lat' dir='ltr'>der</span> <span class='ocrx_word' id='word_1_342' title='bbox 2066 4222 2175 4275; x_wconf 84' lang='lat' dir='ltr'>also</span> <span class='ocrx_word' id='word_1_343' title='bbox 2226 4221 2496 4274; x_wconf 78' lang='lat' dir='ltr'>viellelcht</span> <span class='ocrx_word' id='word_1_344' title='bbox 2542 4222 2707 4274; x_wconf 86' lang='lat' dir='ltr'>schon</span> 
     </span>
     <span class='ocr_line' id='line_1_43' title="bbox 452 4290 2719 4363; baseline -0.003 -14"><span class='ocrx_word' id='word_1_345' title='bbox 452 4298 581 4350; x_wconf 80' lang='lat'>1513</span> <span class='ocrx_word' id='word_1_346' title='bbox 639 4298 711 4349; x_wconf 90' lang='lat' dir='ltr'>im</span> <span class='ocrx_word' id='word_1_347' title='bbox 766 4296 974 4350; x_wconf 86' lang='lat' dir='ltr'>Drucke</span> <span class='ocrx_word' id='word_1_348' title='bbox 1031 4295 1226 4362; x_wconf 84' lang='lat' dir='ltr'>vorlag.</span> <span class='ocrx_word' id='word_1_349' title='bbox 1286 4294 1403 4363; x_wconf 83' lang='lat' dir='ltr'>Vgl.</span> <span class='ocrx_word' id='word_1_350' title='bbox 1451 4295 1537 4347; x_wconf 87' lang='lat' dir='ltr'>Br.</span> <span class='ocrx_word' id='word_1_351' title='bbox 1590 4295 1704 4348; x_wconf 83' lang='lat'>250.</span> <span class='ocrx_word' id='word_1_352' title='bbox 1896 4293 1918 4324; x_wconf 63' lang='grc' dir='ltr'><strong>θ</strong></span> <span class='ocrx_word' id='word_1_353' title='bbox 1952 4292 2104 4345; x_wconf 88' lang='lat' dir='ltr'>Nach</span> <span class='ocrx_word' id='word_1_354' title='bbox 2154 4292 2272 4344; x_wconf 87' lang='lat' dir='ltr'>dem</span> <span class='ocrx_word' id='word_1_355' title='bbox 2322 4306 2429 4343; x_wconf 86' lang='lat' dir='ltr'>vor.</span> <span class='ocrx_word' id='word_1_356' title='bbox 2481 4290 2566 4343; x_wconf 90' lang='lat' dir='ltr'>Br.</span> <span class='ocrx_word' id='word_1_357' title='bbox 2619 4292 2719 4342; x_wconf 83' lang='lat' dir='ltr'>auf</span> 
     </span>
     <span class='ocr_line' id='line_1_44' title="bbox 448 4360 2702 4435; baseline -0.003 -17"><span class='ocrx_word' id='word_1_358' title='bbox 448 4366 604 4418; x_wconf 85' lang='lat' dir='ltr'>Peter</span> <span class='ocrx_word' id='word_1_359' title='bbox 641 4384 692 4418; x_wconf 88' lang='grc'>11.</span> <span class='ocrx_word' id='word_1_360' title='bbox 730 4366 864 4418; x_wconf 84' lang='lat' dir='ltr'>Paul</span> <span class='ocrx_word' id='word_1_361' title='bbox 900 4366 1004 4435; x_wconf 87' lang='grc'><strong>(29.</strong></span> <span class='ocrx_word' id='word_1_362' title='bbox 1041 4365 1074 4417; x_wconf 87' lang='lat' dir='ltr'><strong>J</strong></span> <span class='ocrx_word' id='word_1_363' title='bbox 1076 4364 1206 4434; x_wconf 89' lang='lat' dir='ltr'>uni).</span> <span class='ocrx_word' id='word_1_364' title='bbox 1351 4366 1370 4397; x_wconf 82' lang='lat'>⁷</span> <span class='ocrx_word' id='word_1_365' title='bbox 1405 4362 1585 4417; x_wconf 90' lang='lat' dir='ltr'>Heinr.</span> <span class='ocrx_word' id='word_1_366' title='bbox 1642 4361 1931 4427; x_wconf 82' lang='lat' dir='ltr'>Eberbach,</span> <span class='ocrx_word' id='word_1_367' title='bbox 1986 4360 2217 4413; x_wconf 83' lang='lat' dir='ltr'>Mutians</span> <span class='ocrx_word' id='word_1_368' title='bbox 2268 4360 2505 4413; x_wconf 82' lang='lat' dir='ltr'>Erfurter</span> <span class='ocrx_word' id='word_1_369' title='bbox 2556 4362 2702 4412; x_wconf 83' lang='lat' dir='ltr'>Arzt.</span> 
     </span>
    </p>
   </div>
   <div class='ocr_carea' id='block_1_8' title="bbox 449 4434 834 4503">
    <p class='ocr_par' dir='ltr' id='par_1_10' title="bbox 449 4434 834 4503">
     <span class='ocr_line' id='line_1_45' title="bbox 449 4434 834 4503; baseline -0.005 -15"><span class='ocrx_word' id='word_1_370' title='bbox 449 4434 565 4503; x_wconf 89' lang='lat' dir='ltr'>Vgl.</span> <span class='ocrx_word' id='word_1_371' title='bbox 605 4452 710 4490; x_wconf 85' lang='lat' dir='ltr'>vor.</span> <span class='ocrx_word' id='word_1_372' title='bbox 746 4434 834 4487; x_wconf 72' lang='grc' dir='ltr'>ΒΥ.</span> 
     </span>
    </p>
   </div>
   <div class='ocr_carea' id='block_1_9' title="bbox 449 3854 857 3861">
    <p class='ocr_par' dir='ltr' id='par_1_11' title="bbox 449 3854 857 3861">
     <span class='ocr_line' id='line_1_46' title="bbox 449 3854 857 3861; baseline 0 1034"><span class='ocrx_word' id='word_1_373' title='bbox 449 3854 857 3861; x_wconf 95' lang='lat' dir='ltr'> </span> 
     </span>
    </p>
   </div>
   <div class='ocr_carea' id='block_1_10' title="bbox 3014 2438 3020 3495">
    <p class='ocr_par' dir='ltr' id='par_1_12' title="bbox 3014 2438 3020 3495">
     <span class='ocr_line' id='line_1_47' title="bbox 3014 2438 3020 3495; baseline 0 0"><span class='ocrx_word' id='word_1_374' title='bbox 3014 2438 3020 3495; x_wconf 95' lang='lat' dir='ltr'> </span> 
     </span>
    </p>
   </div>
  </div>
 </body>
</html>
