3084 4895
451 432 581 497 210
1289 425 1466 483 Briofe
1501 425 1595 482 des
1632 428 1680 483 J.
1722 428 1870 485 1512.

1553 978 1624 1045 V.

990 1131 1289 1211 Briefe
1345 1131 1510 1211 des
1563 1132 1893 1213 Jahres
1946 1128 2183 1213 1512.

457 1263 805 1358 (Ur-ban
875 1262 1081 1341 und
1149 1260 1594 1339 Herbord
1645 1259 1744 1336 in
1795 1258 2138 1350 Erfurt,
2213 1256 2723 1337 Musardus

963 1391 1316 1468 Lehrer
1367 1388 1467 1466 in
1521 1386 2210 1487 Georgenthal.)

459 1724 694 1793 (Gotha.)
1517 1709 1662 1772 162.
2504 1720 2662 1787 (1512
2674 1718 2721 1788 Ρ)

1075 1814 1103 1833 ὲ
1151 1834 1442 1905 Mutian
1487 1854 1588 1907 an
1631 1834 2031 1923 Pyr-rhus,¹

463 1962 643 2029 (Dank
676 1961 771 2027 fiir
807 1961 1112 2029 Mitteilunq
1145 1963 1232 2015 des
1280 1963 1620 2015 Verbreehens
1650 1980 1811 2030 yeyen
1845 1963 1999 2015 einen
2032 1958 2494 2027 embisohiifliohen
2545 1958 2723 2019 Βοωη,

463 2030 636 2096 zcofic'r
653 2030 915 2098 Pyrrhus’
957 2031 1305 2100 Voryesetxter
1329 2032 1483 2084 Dudo
1506 2032 1637 2083 ohne
1660 2031 1872 2097 Zweifel
1900 2030 2287 2097 Genuqthuunq
2303 2028 2534 2080 erhalten
2553 2026 2725 2093 m‘rd.)

667 2145 912 2205 Pyrrho
973 2145 1290 2195 Tuberoni
1344 2134 1707 2195 formulario
1766 2144 1968 2196 literis
2032 2142 2431 2203 politioribus
2486 2141 2726 2191 imbuto

1400 2228 1509 2297 (M.
1545 2228 1792 2300 Rufus).

673 2340 878 2403 Salve.
970 2341 1107 2423 Ago
1155 2342 1272 2404 tibi
1321 2343 1582 2423 gratiae,
1617 2342 1787 2423 quod
1820 2342 2279 2405 immanissima
2310 2339 2481 2403 facta
2515 2337 2727 2399 nes‹·io

467 2427 648 2508 cujus
716 2427 870 2490 mihi
917 2450 1024 2509 per
1079 2427 1296 2490 literas
1364 2430 1725 2492 insinuasti.
1818 2427 2134 2491 Admonet
2202 2427 2366 2489 enim
2439 2424 2550 2489 illa
2616 2428 2727 2485 tua

469 2515 748 2576 narratio
818 2514 1074 2576 minime
1140 2513 1460 2578 fidendum
1532 2537 1669 2578 esse
1733 2514 2028 2594 gloriosis
2094 2513 2476 2594 proceribus».
2568 2509 2727 2571 Nam

472 2603 716 2679 quanta
761 2599 1030 2662 saevitia
1074 2605 1434 2675 grassatum
1485 2601 1589 2676 sit,
1637 2621 1825 2680 quam
1875 2599 2173 2662 atrociter
2216 2598 2483 2662 affectus
2517 2615 2731 2658 cursor

471 2683 795 2766 episcopii,
865 2684 1072 2766 palam
1149 2689 1263 2748 est.
1358 2685 1519 2760 Quid
1590 2686 1978 2765 privatorum
2050 2683 2400 2746 tabellariis
2475 2681 2727 2750 facient,

469 2771 578 2849 qui
624 2769 1008 2851 principales
1053 2769 1402 2834 annunties
1449 2771 1661 2833 inedia
1709 2774 2052 2846 macerant,
2100 2768 2376 2847 stimulis
2432 2771 2731 2850 pungunt

471 2860 538 2917 et.
587 2855 759 2916 omni
806 2855 1193 2918 contumelia
1239 2856 1568 2932 infestant,
1609 2861 1823 2919 notam
1858 2855 2075 2918 buccis
2110 2855 2436 2918 inurentes
2469 2851 2729 2917 auribus

473 2941 854 3021 perforat-is?
951 2940 1088 3022 „Dii
1159 2942 1422 3004 meliora
1467 2942 1589 3023 piis
1634 2962 2031 3022 erroremque
2098 2939 2394 3004 hostibus
2459 2933 2727 3002 illum.“²

473 3026 655 3106 Apud
703 3047 921 3088 omnes
968 3031 1192 3106 gentes
1240 3033 1302 3089 et
1345 3028 1617 3109 populos
1662 3025 2053 3090 sacrosancti
2100 3025 2416 3088 habentur
2448 3025 2730 3102 insignes

469 3117 535 3174 et
593 3110 789 3191 jurati
855 3111 1084 3174 nuntii.
1199 3113 1322 3175 Eos
1390 3112 1625 3176 violare
1692 3111 1905 3190 nefaS,
1983 3111 2287 3192 impedire
2362 3109 2731 3190 ignominia,

472 3197 721 3278 pulsare
771 3198 1124 3278 proximum
1175 3197 1530 3275 latrocinio,
1590 3198 1924 3261 crudeliter
1978 3196 2226 3260 afficere
2290 3197 2620 3277 piraticum
2670 3199 2733 3255 et

477 3283 750 3362 capitale
820 3287 882 3344 et
948 3283 1133 3363 plane
1206 3283 1467 3364 dignum
1539 3283 1924 3346 carnificina.
2026 3281 2167 3345 Non
2239 3282 2436 3364 igitur
2502 3279 2733 3360 injuria

475 3367 798 3430 sceleratis
865 3373 928 3430 et
995 3368 1206 3449 impiis
1277 3368 1532 3450 publico
1602 3369 1854 3431 decreto
1922 3368 2118 3432 sacris
2186 3367 2613 3439 interdictum,
2661 3369 2733 3427 ut

474 3454 650 3534 pravi
698 3454 986 3535 exemplo
1033 3453 1377 3517 reddantur
1423 3454 1502 3516 ad
1552 3454 1845 3534 injuriam
1902 3453 2257 3516 faciendam
2316 3453 2624 3514 tardiores
2671 3455 2735 3511 et

471 3539 672 3602 tutior
714 3539 911 3619 spiret
956 3539 1124 3601 inter
1170 3544 1369 3602 tet-ros
1437 3539 1822 3602 innocentia.
1913 3538 2167 3602 Nemini
2232 3537 2517 3614 dubium,
2578 3535 2731 3616 quin

619 3740 636 3770 ¹
672 3738 912 3805 Pyrrhus
947 3739 1148 3792 Tubero
1186 3739 1311 3792 oder
1343 3739 1377 3792 J
1379 3755 1510 3792 anus
1548 3740 1843 3807 Campegus
1891 3740 2051 3808 (auch
2086 3739 2253 3792 Janus
2296 3738 2536 3790 Burrhus
2582 3735 2735 3789 Cam-

478 3806 1488 3929 ἓξὲξ»1,ἷωέῗὲὲῐῗωὸψἓῗθὲῑέᾞῗὲι-
1515 3808 2168 3930 ᾗδὲἰὲἓᾈῒὲῗῂὶῖίῗέηὲῐι
2200 3803 2737 3927 ῗὲἛέεὲἕὲΠἯίἏίἓ

480 3944 578 3994 wir
612 3944 703 3995 ihn
743 3945 907 3995 sehon
949 3917 1080 3998 1508
1119 3945 1285 3996 uoben
1321 3945 1575 4010 Herbord,
1613 3945 1811 4010 Trebel,
1849 3946 2026 3998 Eoban
2066 3917 2145 3998 als
2180 3943 2609 4011 Stegreifdichter
2645 3957 2737 3992 an-

478 4013 679 4064 treffen.
754 4013 870 4079 Vgl.
911 4013 961 4065 S.
999 4015 1065 4085 95
1105 4016 1163 4066 A.
1204 4014 1250 4078 ⁶2,
1289 4016 1335 4066 5.
1408 4014 1479 4065 Er
1513 4014 1767 4065 studierte
1804 4014 1859 4065 in
1892 4014 2070 4066 Erfurt
2105 4013 2189 4066 die
2228 4013 2391 4064 bonae
2416 4011 2615 4075 literae,
2636 4009 2736 4076 gab

480 4081 604 4132 aber
640 4082 806 4132 durch
844 4081 958 4133 sein
994 4080 1279 4133 Verhalten
1318 4083 1411 4134 der
1446 4083 1633 4148 philos
1672 4083 1915 4134 Fakulu‘it
1952 4082 2102 4133 einen
2142 4083 2378 4143 Anstoss,
2424 4095 2533 4130 was
2568 4077 2740 4129 seiner

475 4147 833 4216 Beffirderung
880 4166 1002 4201 zum
1059 4149 1308 4216 Magister
1343 4151 1417 4202 im
1454 4152 1622 4218 Wege
1670 4151 1835 4204 stand.
1909 4150 2025 4218 Vgl.
2064 4150 2151 4202 ΒΥ.
2190 4149 2305 4202 216.
2345 4149 2447 4202 276
2484 4149 2576 4199 des
2612 4145 2734 4198 Cod.

476 4217 548 4269 Er
584 4218 739 4284 gieng
778 4221 930 4269 unter
965 4217 1049 4270 die
1088 4218 1380 4284 Selii-siber,
1419 4221 1525 4271 und
1562 4219 1768 4272 Mutian
1805 4219 1947 4270 hiitte
1972 4236 2097 4286 gern
2124 4219 2197 4268 im
2226 4218 2415 4269 Verein
2440 4216 2539 4267 mit
2559 4215 2738 4267 Urban

476 4285 588 4335 ihm
647 4287 730 4337 die
790 4286 1078 4354 Naehfolge
1115 4287 1166 4338 in
1207 4288 1298 4338 der
1353 4287 1512 4340 Stelle
1568 4287 1738 4340 seines
1790 4287 2167 4354 Vorgesetzten
2220 4287 2373 4338 Dudo
2433 4283 2735 4336 verschafft.

477 4353 661 4419 Spiiter
711 4355 946 4406 bediento
991 4355 1106 4407 sich
1153 4355 1231 4440 114.
1277 4357 1449 4408 seiner
1496 4356 1767 4408 mehifaoh
1824 4372 1947 4408 zum
2000 4355 2240 4408 Ankaufe
2296 4370 2458 4406 neuer
2510 4352 2738 4404 Biicher.

548 4423 567 4452 ²
603 4422 758 4489 Verg.
798 4423 978 4492 Georg.
1017 4424 1112 4491 ΠΙ,
1150 4425 1266 4476 013.
