3084 4895
502 429 628 495 346
1355 427 1530 481 Briefe
1565 425 1657 482 des
1692 428 1741 483 J.
1782 427 1928 485 1513.

509 605 794 668 retardas
861 607 1154 668 sanctum
1221 599 1689 664 sacrificium‘?¹
1792 601 2039 684 Petrejo
2100 602 2281 666 dabis
2336 606 2599 687 pretium
2664 607 2745 669 ab

508 712 580 753 eo
616 687 1056 771 postulatum.²
1127 687 1289 760 Tibi,
1337 687 1637 769 quicquid
1685 688 2057 766 erogaveris,
2106 689 2269 754 bona
2302 692 2423 754 fide
2469 694 2752 756 reddam.

504 776 653 840 Vale
706 781 770 840 et
815 777 1005 840 salve.
1098 775 1224 837 VII.
1272 774 1420 837 Idus
1468 773 1745 837 Sextiles
1789 773 2075 838 MDXIll.

813 876 936 932 Cod.
972 876 1105 931 Frof.
1144 875 1256 929 195.

503 1063 736 1136 (eotha.)
1546 1047 1689 1113 283.
2293 1067 2339 1118 7.
2376 1068 2508 1136 Aug.
2548 1067 2743 1138 (1513.)

1201 1175 1489 1246 Mutian
1533 1191 1631 1246 an
1675 1175 2046 1264 Petrejus,
2082 1157 2091 1170 ’

497 1305 756 1369 (Tilonin,
792 1305 881 1357 ein
917 1305 1222 1373 Playiator;
1260 1305 1388 1358 doch
1421 1305 1494 1357 ist
1533 1305 1775 1358 Schalbes
1798 1305 2148 1375 Bekauptuny
2188 1307 2317 1358 iiber
2336 1306 2421 1359 die
2445 1306 2547 1359 Art
2574 1307 2753 1359 seiner

499 1373 872 1442 Kompilation
929 1375 1075 1427 nicht
1125 1391 1199 1426 zu
1243 1374 1502 1426 erwezsm.
1581 1375 1795 1438 Cordus,
1852 1376 1943 1427 der
1991 1378 2138 1428 seins
2191 1373 2265 1428 ΕΙ
2263 1377 2409 1442 loqen
2460 1376 2753 1429 iiberret'cht

498 1442 602 1498 hat
659 1443 732 1495 ist
783 1443 958 1510 strenq
1008 1443 1304 1511 yexic‘clztiyt
1353 1443 1573 1497 worden.
1664 1443 1823 1496 Dank
1862 1443 1957 1510 fiir
2003 1444 2229 1512 Spwyels
2275 1443 2623 1498 Kommentar
2674 1461 2753 1497 zu

497 1511 786 1569 Reuohlins
824 1513 951 1578 Scry
953 1512 1042 1564 ius
1077 1512 1192 1564 und
1212 1511 1352 1567 thte
1385 1529 1482 1564 mn
1503 1512 1727 1564 Simlers
1760 1529 1833 1565 κη
1852 1513 1951 1565 den
1974 1513 2147 1581 Proyy
2146 1519 2470 1566 wonasmata.
2507 1513 2752 1567 Dielder-

859 1581 1099 1652 krb'nuny
1132 1582 1218 1633 des
1253 1580 1432 1634 Loriti
1473 1581 1788 1634 Glareanus.
1866 1581 2033 1635 Glu'ck
2064 1599 2167 1635 xm·
2200 1583 2353 1636 Reise
2357 1586 2389 1650 .)

1224 1695 1473 1755 Petrejo
1509 1707 1623 1746 suo
1657 1696 1745 1745 Μ.
1781 1694 2002 1746 Rufus.

705 1803 769 1870 S.
860 1803 948 1870 Ut
979 1804 1286 1887 profectui
1331 1811 1444 1870 tuo
1477 1829 1737 1889 semper,
1774 1808 1865 1870 ita
1899 1828 2067 1870 nunc
2101 1803 2501 1889 profectioni³
2535 1805 2751 1870 fausta

505 1913 739 1974 precor,
786 1895 850 1956 et
893 1891 1062 1973 apud
1107 1892 1332 1956 altaria
1375 1892 1530 1955 locis
1589 1894 1980 1956 consecratis
2034 1893 2219 1956 deum
2265 1912 2393 1970 oro,
2455 1897 2526 1955 ut
2572 1915 2752 1974 prae-

500 1983 742 2042 sentem
788 1976 1025 2042 habeas
1072 1977 1305 2061 ubique
1352 1979 1659 2059 gentium.
1750 1979 1841 2042 De
1872 1980 2009 2061 ipso
2043 1977 2337 2042 Tilonino
2378 1979 2752 2057 gravissime

491 2064 757 2148 judicas
871 2062 1121 2127 Gloriae
1179 2064 1394 2128 studet
1450 2063 1720 2128 Neronis
1780 2065 2087 2146 exempIO,
2156 2065 2410 2128 tametsi
2468 2086 2593 2128 non
2655 2065 2755 2128 ita

502 2151 676 2214 dirus
723 2154 788 2214 et
831 2151 1294 2232 sanguinarius.
1372 2149 1607 2214 Notavi
1638 2151 2126 2235 suppilationem
2176 2149 2513 2214 furunculi.
2592 2151 2753 2228 Quis

499 2237 664 2300 enim
715 2237 1051 2301 manifesta
1097 2258 1221 2300 non
1272 2236 1485 2300 videat
1545 2235 1795 2301 Homeri
1858 2235 2265 2318 sacrilegia?⁴
2354 2235 2478 2300 Sed
2524 2238 2753 2302 huma—

499 2323 720 2387 nitatis
753 2330 1041 2406 respectu
1074 2327 1146 2386 ut
1178 2323 1384 2387 bonus
1408 2324 1620 2386 fautor
1652 2324 1943 2388 nolebam
1974 2345 2251 2386 asserere
2280 2322 2525 2387 liberali
2556 2345 2755 2388 causa

500 2409 808 2477 manum*
901 2409 1228 2494 Praecepit
1277 2409 1633 2492 Apostolus,
1681 2431 1759 2474 ne
1792 2412 2022 2493 pugnis
2067 2418 2211 2474 aera
2257 2410 2749 2483 verberari-emus,

507 2503 570 2561 et
613 2496 913 2561 Solonion
957 2497 1166 2579 jussit,
1215 2520 1292 2559 ne
1323 2496 1649 2560 fabriceris
1680 2497 1743 2559 in
1780 2498 2047 2561 amicum
2082 2504 2259 2560 tuum
2296 2498 2477 2561 mala.
2547 2498 2752 2561 David

495 2605 752 2665 quoque
797 2604 908 2646 rex
956 2583 1410 2666 deprehensum
1459 2583 1520 2645 in
1557 2584 1859 2664 spelunca
1890 2583 2062 2661 Saul,
2096 2606 2237 2646 cum
2271 2588 2504 2664 posset,
2542 2584 2753 2647 noluit

493 2670 802 2753 jugulare,
829 2670 939 2732 sed
975 2669 1260 2733 bonitate
1293 2670 1691 2732 conservavit
1722 2670 1912 2734 etiam
1944 2670 2189 2733 hostem
2224 2669 2749 2733 crudelissimum.

503 2756 674 2833 Esto,
724 2756 777 2819 si
822 2756 955 2818 fieri
1006 2760 1238 2837 potest,
1294 2755 1494 2818 factor
1557 2756 1961 2820 concordiae:
2027 2756 2290 2819 dicerem
2365 2756 2752 2839 pacificator,

508 2842 630 2906 nisi
675 2845 839 2906 esset
883 2842 1050 2905 inter
1093 2842 1375 2925 privatos
1420 2843 1865 2906 controversia.
1960 2840 2247 2906 Schalbi⁶
2284 2842 2585 2905 indicium
2638 2866 2752 2906 ne-

501 2950 623 3011 que
668 2928 906 2992 tabulis
950 2949 1156 3010 neque
1199 2927 1476 2992 testibus
1521 2950 1728 3011 neque
1756 2929 2089 2993 tormentis
2133 2928 2409 2992 evictum
2440 2932 2555 2993 est.
2626 2929 2752 2993 Po-

506 3016 635 3078 tuit
667 3014 999 3079 Tiloninus
1045 3015 1168 3077 alio
1201 3014 1390 3079 modo
1433 3012 1649 3079 Ranas
1694 3015 2057 3097 compilare:
2122 3014 2192 3076 In
2226 3035 2299 3077 eo
2332 3020 2541 3094 tamen
2575 3019 2751 3080 statu

514 3122 612 3164 res
658 3105 771 3176 est,
817 3104 892 3164 ut
935 3101 1297 3183 conjectura
1341 3099 1679 3181 plurimum
1727 3099 2129 3165 auctoritatis
2176 3099 2411 3165 habeat
2452 3108 2516 3165 et
2562 3122 2751 3165 verus

503 3186 837 3265 Schalbus‚
902 3186 1000 3250 uti
1070 3187 1393 3250 modestus
1458 3191 1576 3263 est,
1642 3208 1779 3250 esse
1846 3187 2152 3251 videatur.
2265 3186 2400 3250 Hoc
2445 3188 2752 3270 temporis

501 3274 811 3356 punctulo
859 3273 1036 3337 dedit
1081 3274 1157 3337 ad
1205 3296 1307 3337 me
1353 3270 1598 3336 Cordus
1644 3294 1826 3336 suurn
1878 3273 2131 3336 foenum
2194 3273 2560 3347 serotinum,
2621 3273 2751 3338 imo

498 3359 828 3443 praecocia
877 3359 1310 3441 ejectamenta.
1325 3357 1345 3391 ⁷
1415 3356 1811 3440 Responsum
1846 3360 2109 3442 accepit,
2157 3378 2282 3421 non
2318 3359 2504 3441 quale
2536 3360 2751 3423 forsan

639 3515 656 3545 ¹
692 3513 762 3567 Μ.
801 3512 989 3578 wollte
1025 3511 1127 3564 wie
1163 3512 1326 3565 sehon
1363 3511 1558 3565 einmal
1595 3513 1743 3573 1510
1781 3512 1895 3565 sein
1930 3515 2094 3565 eistes
2132 3512 2173 3566 Ο
2180 3515 2288 3581 pfer
2322 3513 2652 3581 darm-ingen
2690 3530 2750 3567 es

492 3582 616 3634 kam
652 3582 844 3649 J'edoch
879 3583 986 3634 erst
1021 3580 1094 3632 im
1130 3580 1279 3648 April
1316 3582 1450 3635 1514
1487 3582 1635 3634 dazu
1676 3580 1757 3649 Vb
1740 3582 1793 3635 rl.
1832 3578 1917 3633 Br.
1958 3582 2056 3633 148
2089 3599 2141 3636 11.
2169 3582 2219 3636 S.
2242 3582 2422 3635 228A.
2450 3584 2498 3635 4.
2605 3582 2753 3635 'Fur

498 3651 592 3703 (las
635 3650 913 3718 Speculum
952 3648 1301 3703 Selestanum.
1358 3648 1409 3703 S.
1447 3649 1566 3717 folg.
1604 3648 1690 3703 Br.
1832 3652 1853 3682 ³
1886 3650 2125 3718 Petrejus
2171 3650 2343 3704 wollte
2392 3651 2537 3704 seine
2591 3650 2750 3703 Reise

500 3735 586 3771 am
626 3722 705 3773 16.
731 3721 864 3798 Aug.
903 3722 1156 3785 antreten,
1193 3719 1292 3771 wie
1331 3735 1387 3771 er
1423 3734 1509 3771 am
1519 3666 1627 3773 813.
1666 3734 1732 3772 an
1767 3718 1997 3786 Spalatin
2034 3719 2279 3773 schreibt.
2352 3719 2581 3781 Hekel,
2618 3720 2748 3788 Epp.

492 3788 689 3909 {1³33ss
721 3788 982 3911 'Katiss’p
939 3788 982 3854 ³
1002 3803 1050 3889 13
1059 3789 1278 3909 Ῑὰνξῗιῗξ.
1327 3788 1430 3908 nm*
1465 3787 1655 3908 3251?
1656 3787 2501 3923 ἒῗὲιῗξθὶὲῗιῗὲῗὲῃΒἪὲξὲἛὲ
2502 3789 2751 3911 Οέἷὲὲἶῧί

526 3926 758 3979 eschont.
834 3928 856 3959 θ
875 3924 1070 3991 Caspai·
1089 3924 1312 3978 Schalbe
1341 3940 1436 3977 aus
1455 3924 1731 3988 Eisenach‚
1754 3924 1810 3977 in
1827 3924 1929 3977 Erf.
1951 3924 2176 3978 immatr.
2201 3926 2351 3993 1504,
2388 3926 2567 3980 Bacul.
2594 3927 2745 3995 1506,

491 3942 626 4063 §lag
667 3994 813 4049 1510.
890 3994 1000 4046 Auf
1031 3994 1144 4046 sein
1179 3994 1285 4047 viel
1324 3994 1769 4061 versprechendes
1806 3993 2188 4072 Dichtertalent
2222 3996 2407 4048 reimte
2445 3995 2676 4049 Mutian:

909 4062 1221 4115 »Bessorum
1259 4064 1362 4116 duo
1399 4065 1526 4115 sunt
1562 4062 1838 4130 praelustri
1873 4062 2081 4115 nomine
2116 4067 2281 4128 vateS‚

974 4132 1161 4185 tertius
1201 4132 1266 4183 ad
1305 4147 1603 4197 numerum
1642 4130 1881 4194 Schalbe
1919 4132 2185 4184 vocandus
2222 4132 2366 4184 eris«

500 4202 629 4267 Opp.
669 4199 843 4265 Cordi,
894 4216 979 4251 am
1015 4200 1160 4253 Ende
1212 4202 1306 4253 der
1341 4201 1585 4253 Defensio
1631 4202 1809 4253 contra
1853 4200 2198 4253 Thiloninum.
2270 4200 2405 4253 Bald
2449 4200 2659 4253 uiteilte
2696 4218 2755 4253 er

497 4268 689 4320 kiihler
723 4268 852 4320 uber
887 4268 978 4319 ihn
1019 4268 1097 4320 als
1134 4270 1284 4321 einen
1327 4269 1746 4324 Reuchlinfeind.
1819 4269 2043 4347 Schalbe
2088 4270 2231 4321 hatte
2268 4270 2382 4322 eine
2418 4270 2757 4338 Vermutung

499 4338 634 4389 iiber
666 4336 895 4389 Tilonins
930 4336 1136 4405 Plagiat
1181 4337 1493 4405 ausgestellt,
1547 4339 1747 4392 welche
1782 4338 1983 4390 Mutian
2020 4338 2073 4389 in
2109 4338 2195 4392 ΒΥ.
2234 4338 2330 4391 281
2388 4339 2757 4391 anzunehmen

496 4404 1585 4528 ξ6111611ἑῒ.327386ὲ1164Β11601163.»Βρὲίὓιθωι
1618 4406 2059 4476 mitAnsplelung
2077 4407 2169 4459 auf
2182 4406 2283 4459 den
2308 4407 2514 4460 Namen
2535 4408 2753 4461 Gordus,

549 4490 582 4541 g
925 4490 949 4526 x
1025 4514 1037 4526 .
