3084 4895
491 376 620 442 482
1327 376 1504 430 Briefe
1538 374 1633 428 des
1668 375 1718 430 J.
1759 376 1905 430 1514.

547 547 964 600 solertissimo
1002 547 1318 606 quaestori
1353 547 1847 608 Georgivallium
1881 548 2158 600 Hem-ico
2195 550 2475 610 Urbano,
2512 552 2735 612 philo-

772 633 988 692 sopho,
1025 632 1417 692 presbytero,
1453 633 1652 682 amieo
1688 631 2119 684 benemerenti
2151 635 2241 685 M.
2276 636 2502 687 Rufus.

705 742 769 807 S.
864 742 1182 819 Jusseras‚
1229 746 1304 805 ut
1346 741 1673 806 Publium·
1721 743 2067 824 relegarem
2113 745 2177 806 in
2226 743 2524 810 Pontum.
2614 746 2787 809 Hem

495 829 706 912 qualis
769 827 1014 892 Urbani
1080 827 1424 909 asperitas!
1525 827 1747 892 Mitius
1813 834 1912 891 est
1976 830 2317 911 agendum.
2417 832 2782 896 Remittam

495 917 712 998 potius
775 913 856 977 ad
900 917 966 977 te
1010 918 1358 976 amatorem
1421 934 1629 976 suum.
1718 913 1818 978 Ita
1876 914 2125 979 solutus
2170 919 2269 978 est
2313 919 2599 980 amasius
2660 921 2821 980 tua.

494 1001 789 1066 bonitate
836 1002 898 1062 et
943 997 1371 1080 indulgentia,
1405 1003 1479 1062 ut
1508 997 1745 1062 Rufum
1780 1003 2154 1064 contemnat
2182 1006 2524 1084 tecumque
2558 1004 2787 1066 vivere

495 1087 791 1151 destinet.
882 1083 1046 1148 Nam
1116 1084 1241 1148 nisi
1311 1085 1403 1147 sic
1470 1088 1659 1162 esset,
1729 1105 1856 1148 non
1923 1085 2117 1150 isthic
2182 1087 2396 1151 triduo
2462 1089 2783 1153 continuo

495 1172 857 1248 mansisset,
926 1169 1103 1234 nulla
1170 1169 1430 1251 penitus
1493 1169 1745 1232 culinae
1811 1171 2060 1236 ratione
2117 1171 2363 1250 habita,
2420 1178 2491 1237 ut
2534 1174 2781 1238 mirum

496 1257 653 1322 mihi
698 1255 1007 1333 videatur,
1063 1276 1178 1318 cur
1221 1253 1510 1337 potueris
1556 1276 1809 1318 servum
1854 1255 1975 1318 hoc
2020 1277 2215 1337 pecus
2244 1261 2379 1321 tam
2415 1259 2525 1322 diu
2556 1258 2784 1323 soluto

496 1343 672 1408 freno
720 1341 940 1424 vagari
988 1341 1127 1422 pati
1171 1345 1236 1404 et
1281 1340 1502 1404 deesse
1546 1361 1663 1406 suo
1708 1341 2087 1406 ministerio.
2179 1341 2355 1408 Tuus
2408 1345 2498 1408 sit
2550 1345 2783 1426 igitur,

496 1427 754 1513 quando
817 1447 1000 1492 meus
1061 1447 1197 1490 esse
1252 1429 1547 1512 recusat„
1615 1424 1840 1507 Neque
1905 1427 2074 1490 enim
2131 1425 2283 1506 fer0,
2344 1431 2457 1510 qui
2517 1429 2783 1493 duobus

499 1513 777 1579 dominis
824 1515 1048 1576 contra
1090 1511 1553 1594 praescriptum
1598 1510 2037 1592 evangelicum
2082 1513 2217 1577 sive
2263 1519 2491 1598 suapte
2536 1518 2781 1580 natura

497 1601 631 1664 sive
677 1597 946 1663 aliorum
994 1618 1188 1660 suasu
1234 1597 1447 1660 servit.
1541 1595 1708 1672 Quid
1754 1597 2019 1660 multis?
2108 1598 2239 1662 Aut
2266 1601 2587 1681 pessimus
2617 1621 2782 1682 puer

499 1689 598 1750 est
663 1687 780 1748 aut
841 1683 1126 1746 omnium
1193 1681 1634 1746 stultissimus.
1725 1682 1900 1758 Quae
1966 1683 2313 1765 praecipio,
2380 1706 2510 1749 non
2580 1685 2779 1764 faeit3

497 1792 660 1855 quae
727 1774 897 1847 vet0,
943 1767 1126 1846 facit3
1201 1767 1487 1832 moribus
1546 1767 1808 1832 omnino
1872 1770 2315 1850 praeposteris.
2405 1771 2777 1852 Responde.

498 1853 851 1938 Objurgavi
925 1852 1384 1931 Herebordum,
1459 1853 1572 1916 sed
1646 1853 2007 1935 prudenter.
2122 1853 2261 1918 Hoc
2329 1855 2519 1920 velim
2597 1857 2779 1920 dicas

495 1943 703 2007 amico
771 1936 1032 2004 vicino.²
1125 1937 1308 2014 Quod
1371 1937 1719 2002 nonnullos
1780 1940 2001 2003 taxavi
2069 1943 2133 2003 et
2198 1939 2451 2004 interim
2502 1943 2776 2022 corrigo,

497 2027 579 2092 ad
623 2031 688 2091 te
735 2025 938 2107 magis
985 2023 1263 2106 pertinet
1309 2045 1502 2106 quam
1548 2024 1632 2088 ad
1676 2045 1795 2088 me.
1887 2023 2105 2089 Timeo
2160 2026 2329 2090 enim
2375 2027 2500 2090 tibi
2542 2031 2778 2109 utpote

500 2113 694 2176 nimis
739 2109 1011 2175 credule.
1102 2108 1273 2172 Vale.

806 2211 930 2265 Cod.
965 2210 1099 2264 hof.
1136 2210 1257 2262 411.

499 2400 728 2472 (Gotha.)
1556 2382 1701 2449 416.
1937 2369 2055 2467 (z'w.
2084 2399 2165 2455 17.
2202 2415 2255 2453 u.
2294 2398 2375 2455 26.
2414 2398 2555 2469 sept.
2596 2400 2775 2490 ¹5.14·)

1200 2508 1496 2579 Mutian
1539 2528 1637 2579 an
1682 2508 2054 2580 Herbord.

500 2640 804 2708 (Vonoiierfe
854 2656 1025 2709 weyen
1075 2638 1250 2691 seiner
1302 2637 1578 2692 Habsueht
1628 2638 1746 2691 und
1776 2636 1898 2691 weil
1928 2655 1987 2691 er
2018 2639 2161 2693 nach
2190 2639 2284 2693 der
2318 2639 2637 2707 Etffihlunq
2680 2639 2775 2692 des

497 2709 892 2777 Psorxheimers
925 2708 1030 2761 mit
1063 2708 1181 2760 dem
1216 2706 1358 2775 May.
1407 2706 1577 2770 Kane,
1626 2707 1992 2775 Enqelmanns
2053 2708 2408 2772 Vmandten,
2446 2706 2773 2775 Misshelhy-

498 2779 669 2831 keiten
701 2778 811 2831 hat.
884 2776 965 2829 Er
998 2776 1099 2829 soll
1130 2776 1338 2829 human
1372 2776 1503 2839 sein,
1539 2775 1731 2828 Eoban
1764 2780 2128 2829 unterslic‘txen
2152 2777 2270 2828 und
2290 2775 2393 2829 mit
2414 2776 2598 2828 seinen
2646 2774 2773 2829 nr-

979 2844 1238 2908 wandten,
1275 2844 1374 2896 den
1409 2844 1725 2907 Eberbath,
1761 2843 1826 2896 ‘in
1860 2844 2091 2897 Frieden
2125 2844 2299 2910 leben.)

549 2961 865 3011 Gener-oso
903 2962 967 3009 et
1002 2958 1238 3009 celebri
1265 2958 1426 3019 juris
1461 2958 1791 3019 utriusque
1827 2959 2112 3009 consulto
2147 2957 2515 3009 Herebordo
2549 2958 2723 3007 Mar-

636 3046 858 3107 gar-ito,
893 3044 1138 3105 patriae
1171 3047 1460 3104 patrono,
1495 3056 1609 3094 suo
1646 3044 2234 3095 benevolentis-simo
2280 3044 2370 3095 M.
2405 3042 2631 3093 Ruffis.

710 3156 774 3221 S.
865 3155 1006 3221 Etsi
1050 3157 1118 3220 in
1163 3178 1238 3220 ea
1306 3159 1499 3220 natus
1560 3178 1627 3219 es
1688 3155 1951 3234 familia,
2017 3178 2184 3237 quae
2251 3155 2363 3220 diu
2424 3154 2643 3218 floruit
2702 3158 2775 3216 et

500 3241 690 3307 hodie
749 3264 816 3306 se
871 3242 1168 3307 laudibus
1223 3241 1528 3318 illustrat,
1574 3242 1667 3305 ita
1723 3242 2032 3305 educatus
2075 3265 2114 3305 a
2159 3246 2338 3322 patre
2404 3239 2773 3322 magnifico,

499 3333 574 3393 ut
628 3328 908 3393 alienum
955 3350 993 3391 a
1037 3327 1332 3391 sordibus
1376 3330 1442 3390 te
1487 3350 1625 3391 esse
1688 3327 1927 3404 deceat,
1986 3328 2079 3390 ita
2135 3328 2381 3404 doctus,
2428 3330 2501 3389 ut
2544 3326 2772 3405 singu-

502 3414 654 3479 laris
710 3414 1026 3497 professor
1065 3414 1227 3494 juris
1271 3411 1564 3490 habeare,
1620 3415 1713 3477 ita
1771 3414 2048 3495 denique
2107 3413 2423 3495 cognituS,
2485 3415 2563 3473 ut
2614 3410 2771 3474 boni

502 3502 672 3565 cives
716 3507 782 3565 te
827 3500 990 3563 bene
1035 3504 1359 3579 gesturum
1425 3498 1881 3581 rempublicam
1944 3520 2019 3561 ac
2076 3498 2347 3562 fideliter
2402 3496 2771 3577 patrocina-

500 3591 716 3650 turum
769 3585 1014 3669 patriae
1073 3584 1462 3648 arbitrentur
1517 3590 1583 3648 et
1635 3585 2001 3666 praedicent
2061 3584 2164 3664 (de
2220 3603 2348 3663 qua
2406 3588 2523 3645 tua
2567 3580 2771 3661 gloria

501 3694 704 3753 nuper
747 3671 870 3734 tibi
917 3691 1027 3752 pro
1074 3691 1286 3734 amore
1341 3673 1561 3733 nostro
1618 3666 2046 3751 gratulabar?
2101 3669 2373 3732 amicum
2437 3668 2603 3730 enim
2666 3687 2771 3727 me

507 3758 703 3821 fuisse
749 3760 813 3821 et
859 3778 1000 3820 esse
1048 3759 1112 3819 et
1155 3755 1439 3819 futurum
1475 3755 1802 3818 existimes
1834 3751 2071 3835 velim),
2104 3775 2245 3817 cum
2278 3757 2496 3816 tamen
2528 3751 2772 3832 superi-

503 3843 720 3907 oribus
781 3842 1006 3907 diebus
1067 3841 1325 3921 quidam
1388 3839 1771 3905 Phoreensis
1827 3838 2277 3903 scholasticus*
2322 3860 2360 3901 a
2403 3860 2506 3901 me
2550 3837 2770 3900 literas

503 3930 819 4011 acciperet
903 3928 1175 4009 scriptas
1248 3927 1329 3990 ad
1405 3927 1845 3990 doctissimum
1936 3926 2113 3989 illum
2204 3921 2627 4007 Capnionem⁵
2700 3925 2771 3985 et

646 4114 663 4146 ¹
697 4110 906 4168 Diener.
962 4113 1012 4167 S.
1033 4114 1137 4168 407
1159 4114 1221 4168 A.
1243 4113 1290 4167 2.
1345 4112 1418 4165 Er
1440 4128 1552 4165 war
1574 4128 1678 4164 von
1713 4111 1914 4163 seinem
1950 4112 2155 4180 gestren
2192 4126 2259 4163 en
2293 4108 2466 4163 Herm
2502 4106 2637 4161 ohne
2668 4104 2765 4159 Er-

505 4182 715 4237 laubnis
751 4200 820 4235 zu
853 4183 1036 4236 Urban
1073 4198 1356 4251 gegangen.
1429 4180 1550 4248 Vgl.
1589 4180 1675 4233 die
1708 4179 1875 4247 Klage
1910 4180 1967 4231 in
2002 4178 2089 4233 Br.
2126 4179 2161 4230 4
2200 4181 2245 4232 1.
2388 4178 2409 4209 ²
2442 4176 2765 4245 Engelmann

505 4253 632 4305 oder
667 4252 854 4305 dessen
890 4252 1235 4304 Verwandter
1267 4250 1404 4317 Mag.
1443 4248 1636 4314 Conon,
1674 4248 1759 4301 die
1796 4248 1913 4301 sich
1947 4248 2078 4300 iiber
2133 4246 2373 4299 Herbord
2410 4263 2479 4299 zu
2514 4244 2763 4311 beklagen

504 4320 701 4376 hatten.
775 4320 894 4389 Vgl.
950 4319 1036 4373 Br.
1094 4322 1212 4375 416.
1357 4322 1376 4350 ³
1409 4318 1494 4372 ΒΓ.
1546 4318 1665 4371 413.
1808 4319 1829 4348 ⁴
1863 4316 1915 4371 S.
1951 4318 2054 4369 479
2100 4318 2161 4369 A.
2201 4317 2249 4368 3.
2392 4318 2413 4347 ⁵
2446 4314 2633 4367 Dieser
2676 4310 2762 4366 ΒΓ.

505 4390 714 4443 scheint
743 4390 890 4441 nicht
923 4389 1176 4457 erhalten,
1213 4389 1280 4440 da
1315 4404 1372 4439 es
1409 4388 1501 4439 der
1535 4387 1591 4439 in
1624 4384 1705 4440 111.
1746 4385 1847 4439 vir.
1883 4401 1998 4452 epp.
2038 4386 2103 4437 ad
2140 4383 2203 4436 R.
2242 4401 2269 4436 z
2306 4384 2399 4437 32.
2426 4400 2478 4436 v.
2518 4384 2598 4437 13.
2623 4380 2761 4447 Sept.
