3084 4895
673 428 886 483 Mutian
923 444 993 482 an
1029 427 1229 484 Urban.
1304 426 1516 482 Mutia-n
1554 444 1623 482 an
1666 428 1977 483 Erzbischof
2006 429 2283 482 Albrecht.
2478 428 2607 493 559

357 624 566 667 coram
615 601 756 665 dixi
799 600 1186 664 mittendum
1222 623 1360 665 esse
1388 600 1656 666 Romam
1692 599 2167 684 Nepotianum.¹
2259 600 2358 665 Ita
2389 604 2618 682 sentio,

353 688 446 751 ita
477 686 740 750 consulo
787 691 854 748 et
897 685 1230 749 admoneo,
1320 686 1478 749 Nam
1529 688 1657 751 ista
1694 686 1953 767 ingenia
1983 687 2145 749 bene
2174 691 2327 749 sunt
2356 686 2616 764 Romae.

351 774 486 835 sive
519 771 862 834 mulotriba
893 770 1086 833 fuerit
1116 772 1248 834 sive
1289 774 1538 853 copista
1565 784 1593 811 ⁸
1637 772 1771 835 sive
1817 771 1991 834 aliud
2036 771 2271 834 animal
2319 794 2396 834 ex
2442 794 2617 837 more

353 856 873 921 Romanensium.
965 856 1122 919 Post
1165 854 1404 920 Julium
1467 878 1746 919 mensem
1810 856 2191 920 observandi
2252 862 2405 919 sunt
2462 860 2614 923 ituri

353 942 618 1005 Romam
655 940 750 1002 vel
785 939 1031 1021 pedites
1063 940 1160 1002 vel
1194 942 1461 1021 equites,
1495 943 1731 1024 quibus
1765 964 1833 1004 se
1862 942 2173 1023 adjungat
2198 942 2613 1023 Nepotianus

357 1027 608 1089 Interea
653 1046 799 1087 vero
846 1026 1099 1107 saepius
1145 1025 1271 1089 huc
1317 1032 1550 1100 currat,
1597 1029 1933 1090 auditurus
1980 1048 2106 1089 non
2154 1027 2415 1091 inutiles
2474 1052 2614 1111 per·-

353 1110 816 1186 suasiunculaS‚
884 1130 991 1189 per
1059 1132 1218 1193 quas
1283 1111 1713 1175 valetudinem
1781 1112 2131 1175 retentabit
2176 1116 2239 1175 et.
2284 1116 2423 1176 tute
2484 1136 2616 1177 am-

355 1196 606 1259 bulabit
649 1199 715 1258 et
759 1194 1003 1257 utiliter
1049 1200 1198 1277 aget
1243 1200 1306 1258 et
1349 1218 1572 1259 secure
1632 1196 1919 1279 proficiet
1979 1196 2231 1261 favente
2293 1198 2427 1261 deo.
2520 1199 2613 1263 Tu

351 1302 484 1345 una
549 1301 690 1343 cum
757 1278 1226 1361 Engelmanno²
1303 1280 1750 1345 exstimulabis
1826 1286 2205 1345 cessatorem
2273 1283 2612 1349 aurariam.

350 1366 488 1447 Ego
549 1369 722 1429 certo
781 1366 911 1427 scio
979 1367 1258 1428 vestrum
1330 1366 1454 1429 imo
1525 1372 1811 1430 nostrum
1886 1389 2021 1430 esse
2087 1366 2613 1447 Engelmannum.

354 1450 520 1527 Quid
544 1452 682 1531 agit
707 1450 1028 1529 magister,
1061 1450 1263 1531 ipsius
1295 1450 1506 1514 affinis
1523 1450 1587 1513 ‘?³
1655 1452 1816 1527 Quid
1855 1450 2336 1515 Hereb01·dus‘?⁸
2401 1453 2614 1534 Tacet,

352 1536 519 1614 silet,
552 1540 730 1599 totus
762 1540 859 1597 est
890 1540 1126 1611 mutue,
1183 1557 1319 1615 „me
1365 1542 1577 1600 tamen
1626 1538 1756 1601 urit
1800 1536 2067 1609 amor“,⁵
2115 1560 2188 1599 ea
2233 1559 2371 1599 sum
2418 1540 2618 1605 stabi-

352 1621 553 1684 litate.
647 1619 818 1687 Vale.
865 1620 1190 1682 carissime
1236 1618 1510 1683 Urbane.
1603 1620 1700 1684 VI.
1752 1622 1883 1685 Cal.
1931 1622 2056 1685 Jul.
2104 1621 2355 1684 MDXV.

659 1718 784 1772 Cod.
823 1716 954 1772 Fref.
991 1718 1112 1771 489.

353 1906 589 1974 (Gothia)
1407 1891 1554 1955 495.
2010 1908 2126 1975 (vor
2160 1908 2242 1961 30.
2278 1908 2406 1961 Juni
2445 1912 2617 1980 1515.)

793 2014 1082 2084 Mutian
1127 2030 1226 2084 an
1269 2015 1719 2085 Erzbischof
1756 2015 2181 2086 Albrecht.⁶

355 2150 376 2208 (
387 2141 602 2194 Gedieht
641 2158 718 2195 an
754 2140 1084 2210 Erxb‘e‘schof
1108 2140 1351 2195 Albrecht
1384 2159 1484 2196 von
1517 2142 1712 2196 Ma‘e'nx
1734 2142 1829 2209 fiir
1850 2142 2169 2212 Aufbebuny
2194 2145 2281 2197 des
2303 2146 2620 2212 Inter-dade.)

441 2254 545 2305 Ad
581 2257 681 2305 ter
712 2256 1050 2305 maximum
1084 2255 1443 2315 pontificem
1482 2260 1547 2305 et
1581 2256 1889 2316 inclytum
1923 2258 2270 2317 principem
2305 2260 2528 2311 Alber-

442 2343 578 2393 tum
632 2339 1196 2401 Brandeburgium,
1257 2342 1416 2401 Imp.
1470 2342 1653 2393 Rom.
1710 2341 2107 2399 delectorem,
2162 2343 2533 2397 Germaniae

441 2426 792 2487 primatem,
828 2430 901 2475 ut
936 2424 1292 2486 ademptam
1325 2426 1618 2478 Gothano
1656 2427 1849 2478 choro
1886 2428 2184 2478 musicam
2219 2431 2531 2491 propitius

700 2511 1034 2561 restituere
1070 2509 1382 2573 fflgnetur,
1419 2513 1695 2562 mutiani
1728 2513 1835 2573 pia
1871 2512 2267 2573 supplicatio.

565 2619 762 2696 Quale
806 2621 1226 2686 ministerium
1275 2621 1530 2704 templis
1580 2645 1789 2686 arcere
1836 2622 2136 2704 profanos

565 2706 900 2789 sopitoque
944 2711 1156 2787 patres
1203 2707 1463 2790 longum
1509 2731 1754 2772 cessare
1802 2710 1999 2772 boatu

565 2793 756 2855 unius
798 2793 1130 2858 interitum
1176 2804 1432 2876 propter
1477 2796 1751 2876 pastoris
1796 2794 2137 2858 acerbum?

568 2875 815 2958 Aspice,
863 2897 1054 2958 quam
1103 2879 1337 2942 clausis
1381 2880 1712 2943 obmutuit
1756 2901 1863 2943 ore
1910 2880 2157 2943 sacellis

571 2961 895 3026 sacrificus
940 2983 1297 3044 raucusque
1343 2963 1574 3028 chorus
1620 2965 1727 3046 pia
1772 2986 2095 3027 murmura
2141 2967 2403 3047 pressim

569 3046 850 3128 perlegat
893 3053 959 3111 et
1000 3053 1246 3112 moesto
1292 3049 1567 3112 celebret
1613 3049 1921 3112 libamina
1966 3050 2165 3113 vultu.

569 3131 640 3195 Id
684 3136 902 3195 tamen
947 3135 1239 3206 occurrit,
1290 3135 1433 3215 pius
1479 3139 1551 3198 ut
1600 3141 1936 3215 praecepta
1981 3139 2283 3216 sequatur

571 3217 890 3300 pontificis
936 3219 1173 3296 nostri3
1201 3221 1230 3258 b
1275 3219 1580 3282 mandat-a
1626 3220 1881 3282 silentia
1925 3225 2155 3282 servat.

459 3379 466 3386 .
573 3300 641 3366 Si
681 3300 885 3384 jubet,
933 3307 1006 3366 ut
1051 3325 1311 3386 superos
1358 3305 1681 3386 placemus
1726 3305 2022 3381 carmine,
2068 3304 2318 3385 praesul

568 3388 887 3452 maximus
931 3387 1250 3464 Albertu8‚
1299 3393 1528 3453 cantus
1574 3389 1901 3452 resonabit
1945 3389 2011 3451 in
2058 3411 2263 3453 auras.

571 3471 641 3534 Si
689 3477 947 3536 cantare
991 3478 1186 3552 vetat,
1235 3476 1446 3538 tenuis
1492 3473 1669 3537 velut.
1714 3476 1941 3539 umbra
1984 3473 2245 3538 silemus

574 3563 853 3622 errantes
900 3559 1081 3623 taciti
1126 3561 1360 3623 circum
1409 3559 1759 3642 penetralia
1808 3560 2044 3622 divum.

575 3641 697 3706 Sed
745 3645 1022 3707 tacuisse
1067 3649 1169 3709 sat
1213 3651 1309 3708 est
1354 3647 1759 3728 gemitusque
1805 3645 2052 3708 dedisse
2100 3665 2209 3726 per
2254 3666 2413 3708 aras,

573 3727 815 3792 Musica
861 3751 1180 3793 sacrorum
1229 3731 1382 3794 socii
1432 3731 1866 3795 modulamina
1912 3736 2202 3812 poscunt..

493 3863 502 3874 .
576 3813 730 3876 Aere
777 3816 936 3877 ciere
979 3837 1194 3878 sacros
1240 3817 1671 3898 populumque
1718 3817 1781 3878 in
1831 3815 2069 3897 templa
2116 3836 2359 3888 vocare,

573 3907 638 3961 et
681 3899 870 3962 solito
918 3921 1206 3964 sermone
1251 3923 1464 3982 preces
1511 3901 1906 3983 hymnosque
1954 3922 2217 3962 sonoros

505 4081 532 4108 ὃ
559 4067 792 4134 copiista.
935 4071 962 4108 b
990 4070 1163 4119 nostro
1205 4067 1360 4132 Tem„

511 4138 524 4166 ¹
563 4136 613 4190 S.
652 4137 750 4188 557
789 4141 850 4190 A.
889 4138 920 4186 5
1079 4139 1098 4168 ²
1134 4135 1184 4187 S.
1224 4137 1324 4188 206
1375 4140 1435 4188 A.
1476 4137 1521 4189 2.
1667 4138 1687 4166 ³
1722 4135 1857 4202 Mag.
1914 4135 2090 4188 Conon
2145 4133 2358 4202 (Kunc).
2432 4133 2481 4187 S.
2521 4135 2627 4188 483

367 4207 429 4256 A.
474 4205 518 4255 1.
660 4206 682 4236 ⁴
715 4204 847 4256 War
897 4204 977 4256 als
1030 4203 1297 4270 Syndikus
1351 4204 1424 4256 im
1481 4205 1731 4270 Auftrage
1790 4205 1987 4255 Erfurts
2041 4203 2133 4254 auf
2176 4203 2319 4254 einer
2368 4203 2625 4255 Gesandt-

365 4271 776 4325 schaftsreisein
795 4271 970 4324 Mainz
996 4273 1291 4326 abwesend.
1327 4289 1430 4324 von
1467 4273 1561 4323 der
1596 4289 1652 4324 er
1688 4274 1762 4324 im
1798 4271 1907 4323 Juli
1944 4271 2341 4324 zui-iickkehite.
2368 4270 2481 4324 ⁴Br.
2506 4271 2625 4325 497.

439 4343 462 4372 ⁶
495 4339 648 4408 Verg.
699 4340 807 4392 Ecl.
845 4339 914 4399 ΙΙ,
951 4341 1032 4393 68.
1173 4341 1196 4372 ⁰
1231 4340 1339 4392 Das
1393 4339 1620 4392 Gedicht
1670 4340 1821 4393 sollte
1876 4340 2043 4391 durch
2091 4341 2192 4391 den
2240 4339 2474 4392 Mainzer
2522 4338 2627 4391 Rat

375 4407 582 4461 Valent.
621 4409 956 4462 Sunthausen
993 4405 1319 4460 iiber-mittelt
1354 4409 1580 4460 werdon.
1654 4409 1704 4460 S.
1742 4408 1859 4476 folg.
1897 4407 1983 4460 Br.
