3084 4895
473 411 600 477 514
1327 410 1500 465 Briefe
1539 409 1631 467 des
1669 410 1719 469 J.
1760 414 1906 467 1515.

475 579 674 666 ρικῶς
722 603 968 645 1110011111
1015 586 1281 663 agentes
1328 604 1663 664 meamque
1707 580 2243 650 existimationem
2278 587 2535 665 propter
2566 608 2750 650 suam

475 667 886 733 insolentiam
965 669 1065 731 sui
1143 673 1452 748 quaestus
1519 675 1586 731 et
1658 670 1973 733 commodi
2046 670 2254 749 gratia
2326 670 2751 750 ineptissimis

476 754 668 833 nugis
715 752 1127 817 saburrantes
1175 755 1319 834 quis
1365 754 1583 818 tulerit
1616 775 1821 835 aequo
1853 753 2119 817 animo?
2206 753 2350 815 Non
2388 760 2487 817 est
2516 755 2751 819 dormi-

475 839 767 915 tandum,
802 837 1176 914 Urbane,.in
1212 838 1330 902 hoc
1363 840 1623 917 negotio
1657 861 1947 904 curarum
1992 838 2205 920 pleno.
2300 838 2746 905 Resistendum

477 945 588 1005 pro
661 888 825 988 vir’ili
893 924 1019 987 levi
1085 928 1150 987 et
1217 924 1418 987 dicaci
1487 926 1798 1005 argutiae,
1874 924 2331 987 occurrendum
2399 927 2617 989 sannis
2684 933 2751 989 et

476 1008 737 1106 Sisyphi
783 1010 1159 1072 commentis
1205 1030 1411 1089 neque
1457 1009 1817 1088 dicendum,
1864 1010 2034 1089 quod
2082 1010 2416 1090 prudentis
2448 1031 2575 1073 non
2612 1016 2741 1075 est:

473 1082 591 1157 οὐκ
656 1083 880 1177 ᾤμην.1
971 1093 1388 1175 Imploremus
1445 1096 1757 1157 auxilium
1820 1094 2081 1170 domini,
2140 1096 2509 1161 invocemus
2564 1117 2745 1177 prae-

472 1180 704 1242 sidium
777 1179 1105 1241 doctrinae
1171 1184 1237 1242 et
1304 1178 1675 1243 industriae.
1788 1178 1859 1242 Si
1921 1179 2127 1243 Janus
2199 1178 2612 1259 imperfectus
2680 1186 2745 1245 et

473 1263 848 1329 dimidiatus
895 1270 1266 1345 procurator
1313 1269 1466 1341 erat,
1513 1270 1587 1329 ut
1632 1266 1754 1345 ipsi
1799 1265 2001 1345 ajunt,
2068 1268 2391 1327 statuatur
2452 1267 2746 1347 egregius

473 1348 708 1430 aliquis
767 1353 1044 1413 assertor
1089 1350 1222 1413 litis
1266 1354 1330 1412 et
1377 1350 1714 1430 dignitatis
1775 1372 1971 1428 meae,
2020 1350 2130 1430 qui
2176 1354 2241 1412 et
2286 1350 2421 1430 ipse
2483 1351 2747 1433 lapideS,

471 1440 546 1498 ut
589 1436 684 1498 ita
729 1434 973 1515 loquar,
1020 1433 1294 1515 proferre
1343 1436 1564 1515 possit,
1612 1435 1849 1515 quibus
1896 1438 2219 1498 cerebrum
2266 1436 2561 1499 excutiat
2604 1436 2749 1499 istis

470 1520 988 1583 chorididascalis
1035 1517 1420 1596 vulturibuS,
1468 1520 1872 1617 cerdonibus,
1920 1542 1999 1582 ne
2048 1519 2249 1583 bonos
2308 1520 2477 1583 viros
2538 1522 2746 1584 modis

469 1605 767 1669 omnibus
835 1605 1183 1669 sollicitent
1243 1606 1376 1668 suis
1435 1606 1646 1682 11111110,
1704 1606 1954 1687 jurgiiS‚
2019 1604 2292 1669 vafritiis
2362 1606 2458 1668 vel
2532 1607 2749 1687 potius

467 1692 892 1768 immanitate,
960 1690 1308 1767 ferocitate,
1378 1692 1767 1773 arrogantia,
1836 1690 2222 1753 incivilitate
2288 1693 2353 1753 et
2425 1690 2747 1754 barbaria.

472 1776 798 1857 Ejusmodi
845 1776 1014 1838 enim
1060 1780 1515 1857 propugnator,
1561 1780 1636 1840 ut
1680 1776 1834 1852 dixi,
1878 1776 2145 1839 invadat
2187 1762 2635 1837 Δουλόπολιν’
2682 1782 2749 1839 et

471 1860 965 1925 conciliabulum
1011 1860 1504 1959 Byrsopoularum
1552 1866 1615 1925 et
1661 1866 1886 1941 urgeat
1931 1881 2149 1925 eorum
2196 1859 2531 1941 syndicum
2593 1883 2740 1925 cum

468 1946 612 2013 aliis
657 1951 796 2011 tum
843 1945 1014 2009 hisce
1059 1946 1399 2009 conviciis:
1453 1947 1754 2029 „Lusisti
1848 1944 2022 2009 Satis
2068 1950 2183 2010 est.
2276 1942 2399 2008 Sed
2448 1950 2533 2021 te,
2582 1947 2743 2009 mihi

471 2031 670 2109 crede,
720 2035 1038 2095 memento
1084 2031 1260 2095 Intra
1303 2031 1686 2111 pelliculam,
1754 2032 1959 2107 cerd0,
2021 2036 2235 2095 tenere
2280 2034 2483 2093 tuam.
2494 2028 2557 2063 “³
2647 2031 2744 2095 Re

470 2118 638 2181 enim
685 2138 832 2181 vera
892 2117 1175 2180 vultures
1237 2122 1390 2179 sunt
1435 2122 1496 2180 et
1544 2118 1865 2193 cerdoneS,
1926 2117 2037 2197 qui
2096 2119 2365 2179 mortem
2434 2136 2562 2179 non
2628 2139 2739 2179 ex-

469 2206 834 2285 spectantes
865 2202 1045 2265 vivos
1091 2203 1385 2265 nituntur
1429 2202 1691 2285 sepelire
1736 2206 1802 2265 et
1848 2202 2145 2265 devorare
2194 2201 2543 2265 facultates
2590 2207 2743 2265 ante

469 2292 741 2371 tempus.
821 2285 1055 2351 Sinant
1085 2309 1186 2349 me
1218 2288 1456 2369 spirare
1489 2288 1749 2363 diutius,
1782 2310 1819 2351 a
1853 2307 2100 2351 summo
2133 2285 2421 2349 habituri
2458 2286 2741 2365 domum,

470 2395 664 2455 quam
709 2394 882 2436 nunc
925 2372 1160 2436 frustra
1205 2373 1306 2435 sui
1351 2372 1765 2436 emolumenti
1809 2376 2100 2454 respectu
2133 2370 2382 2436 auferre
2417 2372 2741 2435 laborant.

471 2460 778 2535 Quocirca
853 2457 1201 2522 Hallensis⁸
1279 2459 1398 2521 erit
1471 2459 1833 2538 imperator,
1926 2459 2115 2522 homo
2208 2457 2598 2521 exercitatus
2675 2463 2744 2521 et

468 2546 814 2608 forensium
874 2544 1078 2608 litium
1142 2543 1402 2624 peritus,
1493 2543 1619 2607 Vae
1685 2544 1921 2608 muscis
1977 2547 2047 2607 et
2114 2543 2741 2607 Pseudocatonibus!

470 2631 651 2708 Quod
717 2629 920 2694 Janus
986 2651 1112 2692 11011
1191 2629 1402 2709 potuit
1475 2629 1805 2710 depellere,
1882 2629 2252 2711 profligabit
2327 2626 2737 2691 OsimonduS.

470 2715 683 2778 Habes
727 2715 924 2796 igitur
970 2716 1310 2795 epitomen,
1359 2715 1860 2794 procuratoriam
1906 2736 2047 2776 rem
2085 2715 2215 2777 risu
2266 2734 2523 2810 prorsus
2555 2712 2743 2777 ludo-

471 2821 594 2880 que
640 2800 922 2880 dignam,
970 2799 1080 2862 sed
1127 2804 1200 2863 ut
1241 2805 1529 2880 tempora
1592 2802 1763 2877 sunt,
1824 2822 1979 2863 sane
2038 2799 2482 2862 necessariam.
2572 2798 2739 2862 Nam

471 2888 598 2949 ista
630 2885 875 2967 plebeja
910 2888 976 2948 et
1005 2885 1342 2948 vernacula
1379 2885 1688 2961 latinitaS,
1724 2850 1907 2948 (1011111
1944 2883 2391 2961 immortalem,
2425 2887 2739 2964 quantum

471 2971 706 3034 arridet
752 2971 1149 3047 consistorio,
1197 2976 1512 3050 quantum
1560 2970 1785 3034 virium
1819 2970 2016 3033 habet
2046 2970 2127 3032 ad
2158 2969 2542 3032 excitandas
2572 2973 2739 3032 tem-

473 3060 772 3138 pestateS,
804 3056 900 3118 ‚ad
946 3055 1418 3137 extorquendas
1464 3057 1863 3136 pecuniarias
1911 3056 2259 3138 suppetias,
2294 3053 2375 3116 ad
2408 3055 2739 3118 terrendos

469 3142 891 3207 adversarios!
997 3140 1338 3203 Potueram
1405 3140 1729 3222 eleganter
1795 3145 1858 3204 et
1926 3140 2171 3204 erudite
2247 3161 2456 3204 creare
2524 3139 2741 3202 defen-

471 3248 696 3304 sorem,
743 3228 853 3289 secl
899 3247 1083 3288 aures
1130 3227 1292 3289 istae
1339 3247 1655 3290 mucosae
1667 3248 1793 3289 non
1826 3227 2099 3288 audiunt
2132 3244 2371 3306 cygnos
2404 3228 2469 3288 et
2500 3223 2735 3288 Musas,

470 3277 813 3376 Potueiam
861 3312 1095 3374 imitari
1143 3311 1545 3374 doctissimos
1584 3311 2077 3406 jurisconsultos
2130 3311 2273 3373 aevi
2336 3310 2737 3390 antiquior-ie,

473 3399 583 3461 sed
616 3402 934 3460 nostrates
979 3395 1258 3473 rabulae,
1308 3385 1450 3457 ὄνοι
1495 3385 1669 3478 πρὸς
1714 3383 1934 3474 adam,
1981 3399 2200 3458 amant
2246 3417 2395 3458 suas
2444 3415 2735 3457 verrucas

472 3489 537 3546 et
597 3503 829 3546 naevos
877 3487 941 3545 et
986 3481 1262 3544 tubera.
1321 3481 1464 3545 Non
1515 3487 1613 3544 est
1658 3482 1739 3545 ob
1786 3482 1852 3544 id
1900 3480 2235 3545 consilium
2297 3486 2559 3560 tangere
2617 3479 2737 3542 hoc

473 3570 850 3632 carcinoma.
943 3566 1140 3630 Nemo
1187 3567 1354 3630 enim
1401 3568 1559 3630 adeo
1606 3579 1877 3647 magnus
1938 3567 2147 3630 adhuc
2194 3565 2288 3628 vel
2342 3566 2577 3628 Romae
2636 3565 2733 3628 vel

473 3654 626 3717 alibi
684 3654 1012 3730 inventae,
1055 3653 1166 3732 qui
1213 3653 1549 3734 protritum
1598 3658 1663 3716 et
1709 3653 2033 3734 vulgarem
2078 3652 2197 3714 fori
2246 3651 2461 3714 stilum
2525 3671 2737 3713 emen-

480 3740 628 3802 dare
672 3738 952 3802 auderet.
1041 3737 1196 3800 Vide.
1228 3737 1577 3819 Capnionis
1606 3738 1849 3801 turbas.
1944 3736 2102 3798 Cum
2139 3736 2427 3800 barbaris
2465 3735 2731 3798 barbare

474 3824 881 3903 digladiatur,
927 3823 1294 3905 praesertim
1342 3823 1508 3903 apud
1551 3823 1814 3904 judices.
1905 3821 2005 3884 Ita
2050 3820 2207 3884 mihi
2254 3821 2538 3902 persuasi
2604 3841 2731 3883 non

471 3909 849 3972 movendam
897 3930 1032 3972 esse
1077 3909 1308 3971 lineam
1355 3929 1563 3989 neque
1618 3909 1822 3971 caecis
1884 3905 2207 3987 speculum
2278 3905 2729 3968 adhibendum.

473 3993 659 4070 Sunt,
706 3993 928 4072 fateor,
991 3993 1194 4056 multa
1260 3995 1597 4074 superflua,
1664 3994 1864 4056 multa
1932 3995 2171 4073 inepta.
2268 3991 2509 4072 „Fecit,
2578 4011 2730 4052 con-

473 4081 707 4157 stituit,
775 4080 1012 4142 creavit
1067 4084 1132 4156 et
1176 4078 1499 4141 ordinavit
1558 4083 2049 4160 procuratorem,
2106 4079 2423 4151 nuntium,
2486 4077 2732 4156 negoti-

474 4185 654 4229 orum
716 4167 1052 4244 gestorem,
1125 4163 1557 4226 defensorem“
1631 4173 1695 4226 et
1760 4163 2003 4244 reliqua
2068 4161 2365 4225 lectionis
2430 4160 2729 4241 ejusdem.

615 4336 631 4366 ¹
669 4333 776 4387 Cic.
828 4333 908 4386 De
959 4334 1042 4387 off.
1081 4332 1124 4398 I,
1163 4331 1244 4398 23.
1387 4333 1407 4364 ²
1442 4331 1734 4400 Magdebui
1735 4349 1783 4400 g,
1838 4331 1940 4384 wie
1994 4331 2089 4383 das
2141 4330 2261 4398 folg.
2316 4327 2635 4396 Byrsopolae
2668 4349 2740 4368 -—--

474 4400 874 4468 Magdeburger.
1017 4402 1036 4431 ⁸
1070 4399 1296 4454 Martial.
1334 4399 1430 4466 111,
1471 4400 1555 4468 16,
1592 4403 1623 4452 5
1660 4417 1739 4467 00.
1880 4403 1899 4432 ⁴
1935 4398 2187 4452 Osmund.
2261 4397 2313 4452 S.
2350 4398 2447 4450 501
2485 4399 2548 4450 A.
2586 4397 2632 4452 7.
