3084 4895
1241 383 1450 436 Muti'an
1489 399 1558 434 an
1597 347 1797 437 Urban.
2567 379 2647 446 41

398 556 727 622 blanditiis
793 579 905 622 vos
962 563 1026 622 et
1078 557 1518 622 adulationum
1575 557 1761 620 hamo
1817 563 2120 637 tanquam
2181 555 2382 636 pisces
2429 555 2647 636 capit?

398 644 652 728 quando
723 649 787 706 et
853 644 1273 709 theosebiae-⁸
1354 643 1656 725 magister
1723 664 1848 706 non
1913 642 2116 705 solum
2189 641 2400 704 cibum
2471 645 2650 704 voret

398 730 673 795 alienum
721 731 925 794 instar
972 731 1186 808 muriS,
1236 731 1344 794 sed
1392 734 1456 793 et
1501 730 1890 812 opulentiam
1938 729 2200 792 invadat
2244 727 2462 790 fraude
2495 749 2649 808 qua-

397 818 538 881 dam
572 816 922 899 pestifera.b
962 815 980 849 ¹
1035 816 1217 894 Cave,
1252 818 1336 880 mi
1362 817 1634 890 Urbane,
1671 816 2098 898 circumspice,
2129 814 2345 897 paucis
2371 815 2648 890 confide;

398 904 811 986 paucissimos
874 903 1197 968 Mutianos
1256 903 1558 978 invenies,
1607 902 1777 983 quod
1841 903 1999 966 citra
2046 901 2420 983 jactantiam
2479 901 2647 978 dic-03

398 1012 507 1072 pro
555 1012 654 1053 me
700 989 1096 1072 Spalatinum
1144 989 1397 1054 habeto
1494 989 1614 1052 Hic
1659 993 1758 1052 est
1801 989 1975 1051 intus
2025 995 2090 1051 et
2137 989 2203 1051 in
2237 993 2379 1049 cute
2413 988 2648 1068 probus

398 1082 463 1140 et
506 1076 910 1158 singulariter
972 1077 1274 1141 eruditus.
1366 1075 1617 1158 Reliqui
1662 1075 1789 1138 fere
1834 1097 2054 1139 omnes
2099 1074 2233 1149 tris,
2281 1095 2440 1154 quos
2485 1073 2649 1136 indi-

398 1163 554 1239 cavi,
600 1163 967 1242 imitantur3
1014 1166 1127 1232 aut
1172 1162 1338 1226 enim
1384 1161 1820 1244 superbissimi
1881 1166 2034 1226 sunt
2075 1164 2187 1223 aut
2235 1159 2646 1240 impurissimi

397 1255 510 1313 aut
554 1249 837 1332 duplices
889 1253 955 1314 et
998 1249 1379 1313 intrinsecus
1422 1247 1797 1326 avarissimi,
1866 1248 1985 1312 etsi
2047 1247 2394 1311 sanctiores
2453 1245 2644 1309 habe-

396 1339 604 1400 antur.
691 1334 899 1419 Vigila
942 1339 1034 1414 tn,
1080 1340 1347 1418 patrone
1390 1339 1624 1412 noster,
1673 1338 1737 1398 et
1779 1335 1832 1398 si
1878 1335 2030 1416 quid
2080 1331 2368 1398 beneficii
2412 1331 2478 1394 in
2528 1353 2646 1395 nos

397 1421 821 1500 contuleritiS‚
894 1423 960 1488 id
1022 1426 1271 1487 vestrae
1339 1421 1764 1486 bibliothecae
1829 1420 2129 1486 collatum
2194 1441 2331 1482 esse
2405 1417 2642 1484 sciatis

394 1509 614 1574 Habeo
662 1509 829 1573 enim
876 1513 939 1573 et
985 1508 1235 1573 habebo
1282 1531 1423 1572 cum
1456 1507 1680 1572 amicis
1723 1509 1816 1571 ita
1847 1531 2004 1587 mea,
2049 1513 2125 1571 ut
2153 1505 2642 1590 Pythagoricum

394 1596 591 1660 decet.
682 1595 850 1674 Vale,
896 1595 1217 1659 carissime
1264 1595 1377 1659 vir.
1468 1593 1566 1658 Ex
1613 1593 1846 1660 Gotha.

704 1697 826 1753 Ood.
864 1697 995 1754 Frcf.
1036 1697 1117 1754 16.

400 1886 631 1960 (Gotha.)
1466 1871 1567 1936 34.
2223 1883 2439 1958 (Herbst
2475 1882 2645 1953 1505.)

1146 1998 1437 2070 Mutian
1482 2019 1581 2068 an
1625 1997 1902 2070 Urban.

726 2129 928 2200 (Ge-,qen
962 2113 1279 2199 unbequeme
1314 2128 1666 2183 Mitbewerber
1698 2147 1795 2185 um
1827 2129 1916 2182 ein
1945 2127 2310 2198 Beneficium.)

612 2244 694 2294 H.
731 2245 987 2295 Urbano
1021 2244 1227 2295 Vallis
1264 2244 1323 2296 S.
1362 2245 1616 2306 Georgii
1650 2245 2042 2305 procuratori
2077 2245 2166 2295 M.
2202 2242 2423 2295 Rufus.

529 2382 531 2384 ’
598 2371 663 2437 S.
754 2372 927 2453 Vide,
996 2374 1082 2438 mi
1150 2373 1419 2457 Urbane,
1489 2381 1802 2461 quantum
1867 2377 2120 2461 ingenio
2187 2380 2301 2439 tuo
2345 2372 2642 2438 tribuam.

393 2458 799 2541 Scripsissem
847 2480 963 2543 ego
1012 2484 1149 2527 mea
1195 2484 1407 2542 manu,
1456 2464 1578 2527 nisi
1613 2469 1783 2528 certo
1827 2465 2048 2528 scirem
2096 2468 2160 2526 te
2211 2460 2474 2526 consilio
2508 2480 2645 2524 meo

393 2552 763 2611 contentum
827 2570 962 2611 esse
1029 2553 1093 2611 et
1161 2570 1344 2631 posse
1399 2552 1613 2615 omnia
1667 2550 2017 2615 rectissime
2096 2569 2507 2632 componere..
2547 2542 2646 2610 *Si

392 2634 517 2697 iste
560 2632 883 2698 Jodocus²
932 2635 1335 2717 importunus
1381 2638 1518 2713 erit,
1583 2642 1656 2701 ut
1701 2642 1796 2701 est
1844 2637 2019 2720 (novi
2063 2636 2226 2700 enim
2276 2632 2642 2712 hominem),

392 2721 669 2785 eundum
716 2721 836 2784 erit
878 2722 1000 2785 tibi
1045 2722 1126 2785 ad
1158 2722 1658 2803 Moguntiacum.
1750 2724 1999 2789 Interea
2044 2724 2120 2787 de
2166 2722 2456 2786 remediis
2505 2720 2648 2783 aliis

392 2806 690 2888 cogitabo
740 2812 802 2870 et
846 2808 1173 2873 deterrebo
1242 2810 1451 2874 verbis
1522 2811 1876 2875 minacibus
1937 2806 2359 2875 Herriehum.³
2462 2806 2647 2870 Nunc

394 2893 611 2978 accipe
640 2894 857 2958 literas
888 2895 967 2959 ad
1001 2895 1503 2980 Vuolfgangum⁴
1550 2903 1613 2961 et
1661 2920 1828 2976 cura,
1878 2903 1952 2962 ut
1983 2896 2354 2980 Spalatinus
2389 2894 2645 2972 scribat,

397 2981 529 3062 qui,
574 2982 641 3045 ni
686 2980 886 3059 fallor,
935 2982 1430 3065 discipulusest
1474 2984 1768 3049 hominis,
1861 2984 2010 3047 Vale
2054 2988 2119 3048 et
2163 2983 2354 3047 salve.

704 3081 827 3137 cod.
866 3082 998 3137 Frcf.
1038 3083 1119 3138 18.

530 3318 558 3345 a,
584 3304 869 3359 theosobie'.
942 3310 969 3349 b
999 3305 1107 3361 Am
1140 3308 1327 3360 Raude
1362 3308 1668 3363 Isenachus.

389 3388 615 3447 nonikus
651 3408 717 3444 an
747 3393 839 3445 der
876 3393 1105 3447 Gothaer
1138 3394 1458 3449 Kathedrale
1516 3394 1862 3463 (Sagittar.
1919 3394 2053 3447 Hist.
2094 3394 2244 3447 Goth.
2285 3394 2366 3447 ed.
2405 3393 2554 3445 Tenz.
2594 3410 2641 3459 p.

388 3458 500 3533 48),
571 3459 643 3513 Er
678 3464 907 3540 strengte
956 3478 1120 3531 gegen
1168 3463 1318 3518 einen
1371 3464 1678 3533 beseitigten
1731 3463 2006 3518 Schreiber
2058 3463 2150 3515 des
2203 3462 2254 3516 N
2257 3462 2647 3515 onnenklosters

388 3526 439 3581 S.
478 3527 659 3582 Crucis
694 3546 845 3583 emen
880 3530 1101 3585 Prozess
1148 3549 1232 3587 an.
1328 3532 1508 3587 Morus
1561 3536 1708 3587 hatte
1762 3533 1928 3585 durch
1981 3532 2162 3585 seinen
2212 3531 2443 3584 Einfluss
2495 3531 2648 3583 einen

388 3612 563 3651 neuen
621 3598 900 3652 Schreiber
957 3601 1355 3663 (Centimodius
1410 3602 1497 3655 Br.
1534 3602 1623 3671 56)
1684 3602 1953 3663 beffirdert.
2025 3601 2134 3654 Das
2186 3599 2357 3653 Recht
2413 3600 2505 3653 der
2551 3600 2646 3652 Er-

388 3682 652 3789 tissssflnffs
674 3669 988 3791 21:333?be
1020 3687 1137 3793 ’ἒὲέ
1157 3672 1279 3723 ‘¹⁰³¹
1313 3672 1581 3795 ibifnl'g'rn
1603 3670 2060 3794 ἓξὲἕῗέἒὲἓέιὲ
2077 3668 2544 3807 ῗιῖῗοὲθξὲὲιοὲεὲ
2555 3670 2650 3791 ⁰1¹5&

567 3778 577 3789 .
655 3778 667 3791 .
878 3778 892 3803 ,
985 3778 998 3799 ,
1144 3780 1155 3792 .

386 3804 617 3857 Jodocus
672 3806 953 3859 Trutfetter
1008 3825 1111 3861 von
1164 3809 1441 3876 Eisenach,
1493 3809 1783 3877 Philosoph
1836 3810 1945 3862 und
1997 3808 2224 3875 Theolog
2278 3808 2370 3860 der
2414 3808 2650 3859 Erfurter

388 3872 598 3951 Schule,
657 3892 724 3927 zu
756 3876 1058 3936 verstehen,
1116 3878 1189 3930 im
1224 3878 1341 3945 folg.
1379 3878 1465 3931 Br.
1504 3879 1583 3931 als
1634 3878 1862 3932 Jodocus
1915 3877 2235 3930 bezeichnet.
2325 3876 2529 3929 Mutian
2579 3876 2649 3929 ist

387 3943 483 3993 auf
515 3942 607 3994 ihn
645 3944 721 3996 als
759 3944 910 3997 einen
963 3947 1331 4015 unbequemen
1386 3947 1754 4001 Mitbewerber
1807 3964 1898 3999 um
1953 3946 2446 3999 Klosterbenefizien
2501 3945 2650 3997 nicht

387 4015 485 4077 gut
509 4028 575 4063 zu
600 4014 857 4079 spi-echen
881 4016 989 4067 und
1026 4016 1361 4083 beschuldigt
1394 4017 1485 4069 ihn
1523 4017 1660 4069 noch
1696 4016 1970 4069 mehrfach
2006 4017 2098 4067 der
2131 4015 2422 4067 Habsuoht.
2494 4015 2650 4067 Auch

386 4079 519 4132 iiber
552 4081 696 4134 seiae
737 4082 1197 4150 philosophischen
1234 4085 1479 4139 Arbeiten
1518 4089 1722 4138 {iussert
1757 4102 1814 4136 er
1848 4086 1962 4138 sich
2013 4085 2385 4151 absprechend.
2458 4083 2647 4149 Plitt,

388 4149 505 4201 Jod.
542 4149 703 4204 Trutf.
778 4151 883 4204 Erl.
925 4152 1073 4205 1876.
1238 4160 1257 4187 ²
1292 4155 1590 4207 Trutfetter.
1665 4153 1714 4207 S.
1755 4170 1862 4207 vor.
1900 4158 2054 4207 Anm.
2221 4156 2240 4183 ³
2277 4152 2356 4205 Ob
2389 4153 2651 4205 Lindeuer

386 4218 519 4269 oder
572 4220 656 4271 ein
712 4219 890 4273 Heinr.
952 4221 1198 4289 Lancius,
1254 4226 1347 4276 der
1382 4224 1454 4276 im
1490 4224 1579 4277 ΒΓ.
1617 4223 1718 4277 403
1757 4222 1836 4275 als
1872 4223 1957 4276 ein
2007 4223 2216 4275 Insasse
2274 4223 2366 4275 des
2414 4222 2652 4275 Klosters

387 4288 739 4355 Geor-genthal
787 4290 1022 4343 erwahnt
1066 4292 1215 4361 wird,
1264 4295 1391 4346 oder
1440 4292 1653 4345 endlich
1687 4291 1958 4359 Heinrich,
1996 4292 2089 4344 der
2122 4291 2325 4344 Bruder
2360 4292 2452 4344 des
2485 4292 2652 4344 Abtes

386 4355 495 4425 (ΒΥ.
535 4358 673 4425 169),
709 4358 781 4411 ist
822 4360 1099 4427 ungewiss
1281 4364 1301 4394 ⁴
1335 4361 1586 4430 Stahelin,
1643 4359 1910 4415 Professor
1957 4361 2050 4414 der
2094 4360 2294 4414 Rechte
2329 4360 2384 4413 in
2417 4360 2649 4415 Witten-

384 4426 551 4495 berg?
621 4427 737 4483 Nur
769 4427 886 4481 hier
918 4432 1158 4497 genannt.
