3084 4895
519 377 645 441 194
1281 375 1456 428 Briefe
1489 391 1595 430 von
1632 376 1988 431 1509--151L

519 569 702 611 ranis
747 545 1089 610 admodum
1119 557 1148 588 ⁸
1189 547 1293 611 vel
1331 567 1536 610 nemo.
1616 547 1845 611 Actum
1878 552 1979 611 est
2008 547 2087 612 de
2118 547 2355 611 scholis
2382 547 2786 614 Germaniae.

511 633 682 709 Quid
751 631 919 693 enim
988 632 1189 694 scitur
1256 635 1504 712 praeter
1572 654 1776 712 nugas
1836 639 1901 695 et
1958 637 2149 697 mera'
2198 632 2462 696 taedia?
2552 632 2789 694 Caesar

517 717 849 780 mandavit
917 721 1194 795 quatuor
1257 717 1623 792 academiiS,
1690 721 1763 780 ut-
1806 718 1958 798 quid
2006 719 2083 781 de
2128 719 2451 792 volumine
2514 716 2785 780 Talmud

515 803 824 876 sentiant,
873 802 1040 864 sitne
1088 801 1532 882 perditissimis
1578 802 1841 865 Judaeis
1902 803 2311 880 reddendum,
2370 802 2504 866 suis
2566 803 2788 882 dispu-

515 887 876 952 tationibus
921 886 1316 968 explanent.¹
1409 885 1702 949 Tendent
1732 909 1851 950 sua
1879 889 2041 950 retia
2072 887 2419 970 sophistae,
2450 908 2785 967 nunquam

515 974 851 1038 veritatem
922 970 1276 1034 Talmudici
1345 971 1585 1034 codicis
1654 972 2126 1054 deprehensuri.
2217 972 2361 1036 Non
2422 972 2589 1035 enim
2646 973 2787 1036 dia-

514 1059 778 1122 lecticae
847 1056 1094 1136 laqueis
1163 1054 1441 1119 Cabalae
1510 1057 1803 1124 abditum
1866 1057 2008 1138 capi
2066 1062 2301 1139 potest,
2362 1061 2589 1138 utpote
2632 1077 2789 1121 con-

513 1145 794 1208 velatum
859 1140 1196 1223 mysteriiS,
1257 1141 1627 1204 intricatum
1686 1143 1890 1222 tropis
1936 1147 2001 1204 et
2053 1143 2376 1223 allegoria,
2424 1143 2785 1205 demersum

513 1230 580 1292 in
652 1229 852 1292 altum
921 1225 1270 1290 Democriti
1337 1230 1641 1306 puteum,
1706 1227 1897 1289 simul
1958 1230 2032 1288 ut
2087 1227 2345 1308 judaica
2409 1226 2631 1306 religio
2698 1227 2788 1290 sit

513 1313 734 1391 tutior,
783 1311 972 1375 simul
1018 1314 1092 1373 ut
1138 1309 1458 1374 efficacius
1535 1316 1792 1374 nostrae
1860 1311 2225 1378 credulitati
2290 1316 2621 1376 struantur
2683 1312 2787 1372 in-

515 1399 732 1462 sidiae.
827 1395 1114 1476 Imperiti
1161 1417 1303 1458 cum
1349 1396 1476 1458 ista
1518 1396 1847 1459 umbratili
1915 1396 2254 1479 disciplina
2312 1397 2591 1460 Judaeos
2640 1397 2787 1458 uni-

516 1503 732 1556 versos
775 1481 1242 1557 comburerent,
1288 1485 1621 1563 propterea
1664 1481 1838 1563 quod
1876 1503 1994 1545 nos
2025 1482 2139 1545 filii
2171 1482 2331 1545 lucis
2365 1503 2490 1544 non
2522 1503 2787 1562 egemus

518 1569 778 1632 lucerna
822 1565 1084 1629 Punica.
1181 1564 1302 1628 Sed
1349 1566 1686 1644 Bessarion
1734 1571 1800 1629 et
1842 1568 2051 1630 omnis
2110 1567 2499 1630 eruditorum
2564 1571 2787 1629 coetus

519 1657 736 1718 censet
780 1673 859 1715 ex
903 1672 969 1714 re
1015 1672 1152 1714 esse
1198 1650 1547 1714 christiana
1606 1651 1879 1715 tolerare
1940 1653 2251 1716 recutitae
2316 1652 2528 1734 gentis
2588 1652 2787 1714 cavil-

515 1740 823 1817 lationes·
887 1736 1128 1817 quibus
1194 1736 1444 1800 accedo.
1537 1735 1701 1804 Nam
1768 1737 1822 1800 si
1891 1737 2077 1802 aliter
2144 1737 2360 1813 facias,
2428 1737 2789 1816 relinquere

519 1823 864 1908 propbetas
929 1842 1188 1886 necesse
1251 1820 1472 1896 habes,
1541 1842 1813 1903 quorum
1882 1822 2071 1888 lectio
2132 1845 2323 1904 quam
2384 1823 2473 1886 sit
2516 1823 2581 1888 in
2626 1822 2789 1886 aede

518 1931 698 1974 sacra
765 1907 1083 1988 frequens
1144 1927 1330 1969 nemo
1393 1910 1490 1968 est
1548 1907 1660 1987 qui
1720 1907 1983 1970 nesciat.
2074 1907 2237 1971 Illud
2284 1929 2321 1970 a
2364 1913 2429 1970 te
2477 1911 2645 1988 pete,
2710 1911 2790 1972 ut

519 1995 762 2058 scribas
837 1993 917 2054 ad
992 1991 1308 2072 Petrejum
1403 1995 1693 2054 nostrum
1783 1992 2099 2056 hortando
2173 1993 2252 2056 ad
2331 1992 2786 2074 capessendam

518 2099 813 2163 graecam
844 2078 1262 2154 literaturam,
1288 2098 1456 2158 quae
1490 2077 1703 2158 vigere
1728 2077 1904 2158 apud
1934 2077 2243 2141 Vinenses
2272 2075 2556 2142 dicitur.²
2612 2076 2785 2140 Vale.

825 2177 948 2232 Ood.
983 2173 1118 2228 Frcf.
1153 2173 1236 2228 83.

518 2381 704 2436 Gotho..
1585 2364 1727 2427 147.
2203 2379 2273 2451 (11.
2313 2379 2393 2432 21.
2432 2378 2589 2447 Aug.)
2632 2379 2787 2432 1510.

1229 2488 1520 2559 Mutian
1565 2510 1663 2558 an
1706 2489 2078 2559 Herbord.

520 2616 785 2686 (Herbord
815 2615 910 2668 hat
942 2616 1061 2667 sein
1097 2614 1398 2683 Schweiyen
1430 2616 1534 2668 mit
1570 2617 1689 2669 dem
1725 2617 2003 2669 Schmerxe
2024 2616 2152 2669 u‘ber
2174 2616 2272 2669 das
2308 2614 2424 2683 Uny
2425 2615 2544 2669 luch
2564 2615 2793 2682 Erfurts

517 2685 880 2752 entsekuldiqt.
951 2682 1078 2737 Nur
1137 2682 1538 2737 Gottvertraue‘n
1582 2686 1699 2737 ‘und
1742 2683 2245 2763 Rechtsehaffenloeit
2291 2684 2522 2751 qen-&hrt
2574 2685 2789 2737 sichem

912 2750 1072 2804 Trost.
1142 2750 1270 2804 Nur
1302 2752 1388 2805 die
1427 2752 1637 2821 Tuqend
1669 2753 1819 2813 adelt,
1856 2754 2003 2805 nieht
2037 2753 2122 2804 die
2164 2753 2357 2805 Geburt
2362 2755 2393 2819 .)

1083 2866 1452 2921 Herebordo
1487 2868 1836 2929 Margarito
1870 2869 1959 2919 M.
1993 2867 2219 2919 Rufus.

725 2976 789 3041 S.
883 2976 1212 3058 Tanquam
1275 2964 1545 3063 devotos
1590 2983 1653 3042 et
1696 2980 1989 3043 silvester
2044 2979 2234 3043 homo
2282 3000 2426 3041 cera
2470 2978 2784 3075 signoque

523 3084 748 3127 carens
793 3066 1120 3143 patentem
1165 3064 1373 3127 mittis
1419 3064 1777 3146 epistolam.
1853 3064 1926 3127 In
1959 3086 2033 3127 ea
2064 3062 2235 3145 quod
2266 3064 2353 3126 sis
2382 3063 2450 3127 in
2483 3062 2787 3144 opinione

520 3148 722 3225 Bruti,
771 3148 1132 3229 gravissimi
1177 3148 1474 3226 hominis,
1522 3149 1795 3213 libenter
1838 3150 1982 3231 legi.
2075 3151 2276 3225 Quam
2312 3149 2477 3211 enim
2511 3150 2790 3229 quisque

520 3233 786 3297 sortitus
846 3238 946 3296 est
1001 3234 1291 3315 patriam,
1355 3235 1559 3297 colere
1603 3256 1677 3297 ac
1722 3236 2008 3297 venerari
2069 3235 2258 3297 debet
2324 3234 2528 3313 magis
2587 3254 2785 3312 quam

524 3320 695 3383 filius
739 3323 1026 3395 matrem,
1072 3323 1144 3382 ut
1175 3320 1482 3401 praecipit
1515 3342 1787 3401 magnus
1821 3324 2045 3384 auctor
2078 3320 2280 3383 Plato.
2356 3318 2535 3393 Quod
2568 3323 2785 3381 autem

659 3568 687 3597 a
714 3556 797 3607 est
813 3552 948 3621 siiyt
987 3552 1136 3607 Tem.
1173 3552 1360 3605 kinxu.

666 3624 677 3653 ¹
715 3622 824 3681 Das
859 3621 1173 3677 kaiserliche
1211 3620 1425 3675 Mandat
1450 3638 1573 3675 vom
1599 3623 1645 3675 6.
1672 3622 1782 3675 Juli
1811 3622 1959 3675 1510.
2033 3622 2297 3689 Geiger,
2333 3620 2551 3673 Reuchl.
2591 3619 2641 3673 S.
2664 3619 2785 3673 226.

525 3690 545 3723 ²³
582 3688 740 3743 Peter
773 3690 1050 3742 Eberbach
1086 3689 1275 3741 befand
1312 3690 1428 3742 sich
1463 3706 1549 3741 am
1588 3690 1634 3741 2.
1673 3690 1780 3743 Mai
1819 3691 1953 3743 1510
1978 3691 2114 3742 noch
2148 3690 2203 3740 in
2238 3689 2431 3754 Erfurt,
2458 3705 2544 3741 am
2568 3689 2649 3740 31.
2671 3688 2705 3740 J
2710 3688 2787 3739 uli

521 3759 659 3810 nach
697 3758 870 3811 einem
905 3757 1103 3810 kurzen
1137 3758 1449 3810 Aufenthalt
1483 3758 1538 3809 in
1574 3758 1733 3809 Wien
1770 3758 1963 3811 bereits
1999 3760 2052 3809 in
2090 3756 2301 3810 Olmiitz
2340 3756 2465 3824 (vgl.
2506 3758 2605 3809 den
2642 3755 2694 3809 S.
2714 3756 2784 3807 97

518 3830 580 3878 A.
605 3828 629 3877 1
671 3827 977 3879 erwahnten
1012 3825 1100 3879 Br.
1139 3841 1204 3877 an
1245 3826 1444 3879 Vadian
1483 3842 1579 3878 aus
1616 3826 1827 3878 Olmiitz
1864 3828 1945 3880 31.
1983 3826 2093 3878 Juli
2131 3825 2301 3893 1510),
2342 3825 2506 3891 begab
2526 3824 2641 3877 sich
2678 3839 2787 3875 von

519 3895 638 3947 hier
673 3895 809 3947 noch
844 3894 1038 3946 einmal
1075 3895 1214 3946 nach
1250 3895 1407 3946 Wien
1444 3895 1554 3946 und
1592 3911 1699 3946 war
1733 3894 1807 3945 im
1843 3897 2051 3961 August
2090 3895 2215 3946 1511
2271 3892 2468 3945 w·icde1
2499 3893 2556 3943 in
2590 3891 2786 3953 Erfurt

519 3978 632 4015 von
661 3979 742 4015 wo
779 3979 837 4015 cr
871 3978 958 4015 am
995 3962 1075 4015 29.
1114 3977 1181 4013 an
1217 3963 1423 4015 Vadian
1461 3962 1708 4015 schreibt.
1783 3963 1903 4015 Cod.
1943 3962 2013 4015 St.
2053 3962 2181 4015 Gall.
2218 3962 2303 4023 40,
2340 3959 2789 4025 Briefsammlung

522 4030 622 4091 XI,
658 4031 750 4085 Nr.
797 4032 909 4085 163.
965 4030 1084 4099 Vgl.
1123 4030 1174 4083 S.
1215 4031 1316 4083 170
1352 4034 1413 4085 A.
1451 4032 1498 4083 3.
1557 4031 1744 4083 Durch
1777 4031 2015 4097 Petrejus
2054 4031 2230 4081 wurde
2265 4031 2407 4088 auch
2445 4030 2646 4081 Mutian
2686 4029 2789 4079 mit

463 4136 466 4141 -
528 4099 728 4153 Vadian
769 4100 995 4153 bekannt
1031 4099 1139 4151 und
1175 4114 1232 4150 er
1265 4100 1490 4151 richtete
1527 4102 1683 4151 unter
1718 4103 1765 4153 5.
1789 4101 1998 4167 August
2030 4100 2163 4152 1511
2204 4098 2374 4149 einen
2390 4098 2539 4149 Brief
2569 4113 2634 4148 an
2671 4096 2783 4147 ihn.

522 4167 864 4235 Abgedruckt
898 4184 994 4219 aus
1031 4168 1204 4219 einem
1232 4167 1448 4220 Bremer
1483 4166 1662 4220 Codex
1697 4184 1801 4219 von
1836 4163 2783 4231 Crecelius,A1e-mannia.Bonn

527 4236 659 4288 1875
695 4236 763 4303 II,
801 4238 868 4289 55
903 4236 936 4287 f.
1011 4226 1156 4287 Uber
1189 4236 1273 4287 die
1309 4236 1679 4303 griechischen
1718 4235 1938 4288 Studien
1976 4251 2041 4287 an
2078 4236 2171 4286 der
2204 4233 2422 4285 Wiener
2456 4234 2600 4285 Univ
2603 4232 2788 4283 ersitat

520 4304 1042 4371 vgl.Aschbach,
1091 4304 1807 4371 Gesch.c1.U.W.11,63
1843 4304 1895 4368 f.,
1947 4304 2164 4355 wonach
2214 4302 2444 4354 Mutians
2481 4302 2590 4353 Lob
2640 4300 2790 4351 einer

517 4372 952 4440 Einschrdnkung
987 4372 1180 4427 bedarf.
1236 4362 1384 4425 Uber
1418 4371 1628 4425 Vadian
1666 4372 1868 4424 ebenda
1902 4370 1953 4424 S.
1991 4371 2278 4425 392—409.

1266 4891 1383 4895 „A
1510 4891 1554 4895 ,,
2487 4759 3023 4895 ,ὴῃ1
