<?xml version="1.0" encoding="UTF-8"?>
<!DOCTYPE html PUBLIC "-//W3C//DTD XHTML 1.0 Transitional//EN"
    "http://www.w3.org/TR/xhtml1/DTD/xhtml1-transitional.dtd">
<html xmlns="http://www.w3.org/1999/xhtml" xml:lang="en" lang="en">
 <head>
  <title>
</title>
<meta http-equiv="Content-Type" content="text/html;charset=utf-8" />
  <meta name='ocr-system' content='tesseract 3.04.00' />
  <meta name='ocr-capabilities' content='ocr_page ocr_carea ocr_par ocr_line ocrx_word'/>
</head>
<body>
  <div class='ocr_page' id='page_1' title='image "./derbriefwechsel02kraugoog_0315.png"; bbox 0 0 3084 4895; ppageno 0'>
   <div class='ocr_carea' id='block_1_1' title="bbox 1182 350 2656 469">
    <p class='ocr_par' dir='ltr' id='par_1_1' title="bbox 1182 350 2656 469">
     <span class='ocr_line' id='line_1_1' title="bbox 1182 350 2656 469; baseline 0.01 -24"><span class='ocrx_word' id='word_1_1' title='bbox 1182 392 1395 446; x_wconf 80' lang='lat' dir='ltr'>Mutian</span> <span class='ocrx_word' id='word_1_2' title='bbox 1432 410 1502 445; x_wconf 82' lang='lat' dir='ltr'>an</span> <span class='ocrx_word' id='word_1_3' title='bbox 1535 372 1740 469; x_wconf 78' lang='lat' dir='ltr'>Urban.</span> <span class='ocrx_word' id='word_1_4' title='bbox 2469 392 2599 459; x_wconf 78' lang='grc'>229</span> <span class='ocrx_word' id='word_1_5' title='bbox 2652 350 2656 353; x_wconf 91' lang='lat'>·</span> 
     </span>
    </p>
   </div>
   <div class='ocr_carea' id='block_1_2' title="bbox 357 587 2611 765">
    <p class='ocr_par' dir='ltr' id='par_1_2' title="bbox 357 587 2611 765">
     <span class='ocr_line' id='line_1_2' title="bbox 357 587 2611 687; baseline 0 -32"><span class='ocrx_word' id='word_1_6' title='bbox 357 600 596 671; x_wconf 72' lang='lat' dir='ltr'>(eutha.)</span> <span class='ocrx_word' id='word_1_7' title='bbox 1402 587 1544 650; x_wconf 83' lang='lat'>179.</span> <span class='ocrx_word' id='word_1_8' title='bbox 2235 601 2391 671; x_wconf 73' lang='lat' dir='ltr'>(Aug.</span> <span class='ocrx_word' id='word_1_9' title='bbox 2434 602 2611 687; x_wconf 71' lang='lat'>1512.)</span> 
     </span>
     <span class='ocr_line' id='line_1_3' title="bbox 1098 692 1857 765; baseline 0.003 -4"><span class='ocrx_word' id='word_1_10' title='bbox 1098 692 1390 763; x_wconf 83' lang='lat' dir='ltr'>Mutian</span> <span class='ocrx_word' id='word_1_11' title='bbox 1432 714 1531 764; x_wconf 87' lang='lat' dir='ltr'>an</span> <span class='ocrx_word' id='word_1_12' title='bbox 1578 694 1857 765; x_wconf 84' lang='lat' dir='ltr'>Urban.</span> 
     </span>
    </p>
   </div>
   <div class='ocr_carea' id='block_1_3' title="bbox 339 817 2617 1041">
    <p class='ocr_par' dir='ltr' id='par_1_3' title="bbox 339 817 2617 1041">
     <span class='ocr_line' id='line_1_4' title="bbox 339 817 2617 890; baseline 0.001 -17"><span class='ocrx_word' id='word_1_13' title='bbox 339 820 557 887; x_wconf 81' lang='lat' dir='ltr'>(Lotius</span> <span class='ocrx_word' id='word_1_14' title='bbox 604 820 758 873; x_wconf 71' lang='lat' dir='ltr'>sucht</span> <span class='ocrx_word' id='word_1_15' title='bbox 810 817 978 872; x_wconf 73' lang='lat' dir='ltr'>durch</span> <span class='ocrx_word' id='word_1_16' title='bbox 1029 820 1174 874; x_wconf 82' lang='lat' dir='ltr'>Beste</span> <span class='ocrx_word' id='word_1_17' title='bbox 1184 822 1357 889; x_wconf 66' lang='lat' dir='ltr'>chemy</span> <span class='ocrx_word' id='word_1_18' title='bbox 1401 840 1475 875; x_wconf 68' lang='grc' dir='ltr'>κα</span> <span class='ocrx_word' id='word_1_19' title='bbox 1519 822 1711 890; x_wconf 68' lang='lat' dir='ltr'>sv&#39;eym.</span> <span class='ocrx_word' id='word_1_20' title='bbox 1783 821 2007 875; x_wconf 79' lang='lat' dir='ltr'>Mutian</span> <span class='ocrx_word' id='word_1_21' title='bbox 2052 821 2146 875; x_wconf 78' lang='lat' dir='ltr'>kal</span> <span class='ocrx_word' id='word_1_22' title='bbox 2192 839 2246 874; x_wconf 78' lang='lat' dir='ltr'>es</span> <span class='ocrx_word' id='word_1_23' title='bbox 2292 822 2617 876; x_wconf 69' lang='lat' dir='ltr'>verselemdld</span> 
     </span>
     <span class='ocr_line' id='line_1_5' title="bbox 349 888 2613 958; baseline 0 -15"><span class='ocrx_word' id='word_1_24' title='bbox 349 889 638 943; x_wconf 74' lang='lat' dir='ltr'>Gesckenloe</span> <span class='ocrx_word' id='word_1_25' title='bbox 670 888 767 953; x_wconf 63' lang='lat' dir='ltr'>fiir</span> <span class='ocrx_word' id='word_1_26' title='bbox 801 889 887 941; x_wconf 79' lang='lat' dir='ltr'>die</span> <span class='ocrx_word' id='word_1_27' title='bbox 921 888 1117 943; x_wconf 77' lang='lat' dir='ltr'>Kirclae</span> <span class='ocrx_word' id='word_1_28' title='bbox 1168 907 1242 942; x_wconf 69' lang='lat' dir='ltr'>zu</span> <span class='ocrx_word' id='word_1_29' title='bbox 1276 891 1625 958; x_wconf 76' lang='lat' dir='ltr'>versprecken,</span> <span class='ocrx_word' id='word_1_30' title='bbox 1674 890 1852 943; x_wconf 50' lang='lat' dir='ltr'>ufir-de</span> <span class='ocrx_word' id='word_1_31' title='bbox 1893 890 1974 943; x_wconf 76' lang='lat' dir='ltr'>sic</span> <span class='ocrx_word' id='word_1_32' title='bbox 2022 890 2147 943; x_wconf 86' lang='lat' dir='ltr'>aber</span> <span class='ocrx_word' id='word_1_33' title='bbox 2174 890 2390 957; x_wconf 74' lang='lat' dir='ltr'>yeyeben</span> <span class='ocrx_word' id='word_1_34' title='bbox 2432 889 2613 945; x_wconf 75' lang='lat' dir='ltr'>haben.</span> 
     </span>
     <span class='ocr_line' id='line_1_6' title="bbox 359 956 2613 1041; baseline 0.001 -30"><span class='ocrx_word' id='word_1_35' title='bbox 359 958 546 1011; x_wconf 71' lang='lat' dir='ltr'>Urbem</span> <span class='ocrx_word' id='word_1_36' title='bbox 581 958 683 1041; x_wconf 59' lang='lat' dir='ltr'>{cll</span> <span class='ocrx_word' id='word_1_37' title='bbox 713 956 864 1009; x_wconf 75' lang='lat' dir='ltr'>nicht</span> <span class='ocrx_word' id='word_1_38' title='bbox 897 962 1223 1012; x_wconf 68' lang='lat' dir='ltr'>veredumen.</span> <span class='ocrx_word' id='word_1_39' title='bbox 1259 959 1416 1011; x_wconf 77' lang='lat' dir='ltr'>einen</span> <span class='ocrx_word' id='word_1_40' title='bbox 1432 957 1709 1026; x_wconf 76' lang='lat' dir='ltr'>Aufsckub</span> <span class='ocrx_word' id='word_1_41' title='bbox 1731 960 1818 1012; x_wconf 71' lang='lat' dir='ltr'>des</span> <span class='ocrx_word' id='word_1_42' title='bbox 1847 958 2125 1011; x_wconf 67' lang='lat' dir='ltr'>Promses</span> <span class='ocrx_word' id='word_1_43' title='bbox 2160 958 2613 1014; x_wconf 73' lang='lat' dir='ltr'>durchxusetxen.)</span> 
     </span>
    </p>
   </div>
   <div class='ocr_carea' id='block_1_4' title="bbox 513 1070 2507 1223">
    <p class='ocr_par' dir='ltr' id='par_1_4' title="bbox 513 1070 2507 1223">
     <span class='ocr_line' id='line_1_7' title="bbox 513 1070 2507 1134; baseline 0.002 -14"><span class='ocrx_word' id='word_1_44' title='bbox 513 1070 715 1121; x_wconf 83' lang='lat' dir='ltr'>Docto</span> <span class='ocrx_word' id='word_1_45' title='bbox 752 1072 816 1120; x_wconf 84' lang='lat' dir='ltr'>et</span> <span class='ocrx_word' id='word_1_46' title='bbox 850 1070 1148 1130; x_wconf 80' lang='lat' dir='ltr'><strong>prudenti</strong></span> <span class='ocrx_word' id='word_1_47' title='bbox 1193 1073 1493 1134; x_wconf 78' lang='lat' dir='ltr'>magistro</span> <span class='ocrx_word' id='word_1_48' title='bbox 1529 1073 1613 1123; x_wconf 86' lang='lat' dir='ltr'>H.</span> <span class='ocrx_word' id='word_1_49' title='bbox 1648 1072 1908 1125; x_wconf 73' lang='lat' dir='ltr'>Urbano</span> <span class='ocrx_word' id='word_1_50' title='bbox 1960 1084 2313 1131; x_wconf 87' lang='lat' dir='ltr'>oeconom0,</span> <span class='ocrx_word' id='word_1_51' title='bbox 2362 1072 2507 1123; x_wconf 78' lang='lat' dir='ltr'>flori</span> 
     </span>
     <span class='ocr_line' id='line_1_8' title="bbox 1101 1156 1823 1223; baseline 0.003 -17"><span class='ocrx_word' id='word_1_52' title='bbox 1101 1157 1441 1207; x_wconf 81' lang='lat' dir='ltr'>amicorum</span> <span class='ocrx_word' id='word_1_53' title='bbox 1473 1158 1565 1223; x_wconf 70' lang='grc' dir='ltr'>Μ.</span> <span class='ocrx_word' id='word_1_54' title='bbox 1599 1156 1823 1210; x_wconf 72' lang='lat' dir='ltr'>Rufus.</span> 
     </span>
    </p>
   </div>
   <div class='ocr_carea' id='block_1_5' title="bbox 333 1264 2611 2462">
    <p class='ocr_par' dir='ltr' id='par_1_5' title="bbox 333 1264 2611 2462">
     <span class='ocr_line' id='line_1_9' title="bbox 421 1264 2609 1349; baseline 0 -18"><span class='ocrx_word' id='word_1_55' title='bbox 421 1300 442 1331; x_wconf 62' lang='lat' dir='ltr'>x</span> <span class='ocrx_word' id='word_1_56' title='bbox 549 1264 612 1329; x_wconf 88' lang='lat' dir='ltr'>S.</span> <span class='ocrx_word' id='word_1_57' title='bbox 686 1265 921 1347; x_wconf 86' lang='lat' dir='ltr'>Magno</span> <span class='ocrx_word' id='word_1_58' title='bbox 967 1268 1133 1331; x_wconf 88' lang='lat' dir='ltr'>malo</span> <span class='ocrx_word' id='word_1_59' title='bbox 1167 1273 1232 1332; x_wconf 87' lang='lat' dir='ltr'>et</span> <span class='ocrx_word' id='word_1_60' title='bbox 1264 1268 1555 1333; x_wconf 81' lang='lat' dir='ltr'>dedecori</span> <span class='ocrx_word' id='word_1_61' title='bbox 1589 1273 1689 1332; x_wconf 86' lang='lat' dir='ltr'>est</span> <span class='ocrx_word' id='word_1_62' title='bbox 1717 1268 2085 1333; x_wconf 86' lang='lat' dir='ltr'>hominibus</span> <span class='ocrx_word' id='word_1_63' title='bbox 2116 1267 2409 1344; x_wconf 81' lang='lat' dir='ltr'>avaritia,</span> <span class='ocrx_word' id='word_1_64' title='bbox 2456 1268 2609 1349; x_wconf 89' lang='lat' dir='ltr'>quia</span> 
     </span>
     <span class='ocr_line' id='line_1_10' title="bbox 341 1350 2607 1436; baseline 0.002 -23"><span class='ocrx_word' id='word_1_65' title='bbox 341 1350 590 1430; x_wconf 84' lang='lat' dir='ltr'>magnis</span> <span class='ocrx_word' id='word_1_66' title='bbox 637 1356 701 1414; x_wconf 89' lang='lat' dir='ltr'>et</span> <span class='ocrx_word' id='word_1_67' title='bbox 745 1351 965 1416; x_wconf 86' lang='lat' dir='ltr'>multis</span> <span class='ocrx_word' id='word_1_68' title='bbox 1026 1353 1446 1417; x_wconf 85' lang='lat' dir='ltr'><strong>incommodis</strong></span> <span class='ocrx_word' id='word_1_69' title='bbox 1507 1354 1727 1417; x_wconf 81' lang='lat' dir='ltr'>afficit.</span> <span class='ocrx_word' id='word_1_70' title='bbox 1820 1354 1954 1436; x_wconf 81' lang='lat' dir='ltr'>Ego</span> <span class='ocrx_word' id='word_1_71' title='bbox 2001 1353 2123 1416; x_wconf 87' lang='lat' dir='ltr'>etsi</span> <span class='ocrx_word' id='word_1_72' title='bbox 2181 1370 2307 1417; x_wconf 82' lang='lat' dir='ltr'>no&#39;n</span> <span class='ocrx_word' id='word_1_73' title='bbox 2356 1375 2607 1431; x_wconf 74' lang='lat' dir='ltr'>avarUS,</span> 
     </span>
     <span class='ocr_line' id='line_1_11' title="bbox 341 1435 2611 1521; baseline 0.002 -22"><span class='ocrx_word' id='word_1_74' title='bbox 341 1435 613 1517; x_wconf 87' lang='lat' dir='ltr'>cupidus</span> <span class='ocrx_word' id='word_1_75' title='bbox 668 1441 880 1499; x_wconf 88' lang='lat' dir='ltr'>tamen</span> <span class='ocrx_word' id='word_1_76' title='bbox 945 1438 1114 1502; x_wconf 90' lang='lat' dir='ltr'>illius</span> <span class='ocrx_word' id='word_1_77' title='bbox 1177 1439 1348 1519; x_wconf 89' lang='lat' dir='ltr'>quod</span> <span class='ocrx_word' id='word_1_78' title='bbox 1393 1441 1775 1521; x_wconf 87' lang='lat' dir='ltr'>promissum</span> <span class='ocrx_word' id='word_1_79' title='bbox 1823 1445 1938 1513; x_wconf 82' lang='lat' dir='ltr'>est,</span> <span class='ocrx_word' id='word_1_80' title='bbox 2002 1439 2095 1501; x_wconf 89' lang='lat' dir='ltr'>sic</span> <span class='ocrx_word' id='word_1_81' title='bbox 2141 1439 2489 1515; x_wconf 86' lang='lat' dir='ltr'>conflictor,</span> <span class='ocrx_word' id='word_1_82' title='bbox 2536 1444 2611 1503; x_wconf 87' lang='lat' dir='ltr'>ut</span> 
     </span>
     <span class='ocr_line' id='line_1_12' title="bbox 347 1520 2603 1605; baseline 0.002 -23"><span class='ocrx_word' id='word_1_83' title='bbox 347 1526 625 1585; x_wconf 81' lang='lat' dir='ltr'>naturae·</span> <span class='ocrx_word' id='word_1_84' title='bbox 663 1520 982 1586; x_wconf 76' lang='lat' dir='ltr'><strong>festivitas</strong></span> <span class='ocrx_word' id='word_1_85' title='bbox 1025 1523 1089 1585; x_wconf 92' lang='lat' dir='ltr'>in</span> <span class='ocrx_word' id='word_1_86' title='bbox 1127 1524 1483 1588; x_wconf 90' lang='lat' dir='ltr'>socordiam</span> <span class='ocrx_word' id='word_1_87' title='bbox 1530 1530 1833 1588; x_wconf 86' lang='lat' dir='ltr'>vertatur.</span> <span class='ocrx_word' id='word_1_88' title='bbox 1930 1523 2188 1588; x_wconf 87' lang='lat' dir='ltr'>Utinam</span> <span class='ocrx_word' id='word_1_89' title='bbox 2221 1529 2334 1587; x_wconf 88' lang='lat' dir='ltr'>aut</span> <span class='ocrx_word' id='word_1_90' title='bbox 2363 1523 2603 1605; x_wconf 74' lang='lat' dir='ltr'>preces¹</span> 
     </span>
     <span class='ocr_line' id='line_1_13' title="bbox 336 1608 2607 1691; baseline 0.001 -22"><span class='ocrx_word' id='word_1_91' title='bbox 336 1628 466 1670; x_wconf 91' lang='lat' dir='ltr'>non</span> <span class='ocrx_word' id='word_1_92' title='bbox 513 1610 726 1671; x_wconf 89' lang='lat' dir='ltr'>essent</span> <span class='ocrx_word' id='word_1_93' title='bbox 791 1611 904 1672; x_wconf 84' lang='lat' dir='ltr'>aut</span> <span class='ocrx_word' id='word_1_94' title='bbox 947 1608 1174 1673; x_wconf 86' lang='lat' dir='ltr'>Lotius</span> <span class='ocrx_word' id='word_1_95' title='bbox 1240 1630 1368 1674; x_wconf 89' lang='lat' dir='ltr'>non</span> <span class='ocrx_word' id='word_1_96' title='bbox 1429 1610 1783 1691; x_wconf 85' lang='lat' dir='ltr'>impediret.</span> <span class='ocrx_word' id='word_1_97' title='bbox 1846 1608 2002 1689; x_wconf 35' lang='lat' dir='ltr'>,Sed</span> <span class='ocrx_word' id='word_1_98' title='bbox 2065 1631 2281 1691; x_wconf 85' lang='lat' dir='ltr'>preces</span> <span class='ocrx_word' id='word_1_99' title='bbox 2344 1613 2498 1672; x_wconf 88' lang='lat' dir='ltr'>sunt</span> <span class='ocrx_word' id='word_1_100' title='bbox 2542 1614 2607 1673; x_wconf 91' lang='lat' dir='ltr'>et</span> 
     </span>
     <span class='ocr_line' id='line_1_14' title="bbox 336 1691 2608 1777; baseline 0.002 -24"><span class='ocrx_word' id='word_1_101' title='bbox 336 1691 565 1756; x_wconf 90' lang='lat' dir='ltr'>Lotius</span> <span class='ocrx_word' id='word_1_102' title='bbox 619 1692 904 1757; x_wconf 79' lang='lat' dir='ltr'>retardat</span> <span class='ocrx_word' id='word_1_103' title='bbox 948 1698 1014 1756; x_wconf 89' lang='lat' dir='ltr'>et</span> <span class='ocrx_word' id='word_1_104' title='bbox 1058 1695 1268 1759; x_wconf 78' lang='lat' dir='ltr'>aufert</span> <span class='ocrx_word' id='word_1_105' title='bbox 1322 1698 1403 1769; x_wconf 88' lang='lat' dir='ltr'>et,</span> <span class='ocrx_word' id='word_1_106' title='bbox 1459 1697 1629 1777; x_wconf 92' lang='lat' dir='ltr'>quod</span> <span class='ocrx_word' id='word_1_107' title='bbox 1686 1694 1849 1758; x_wconf 87' lang='lat' dir='ltr'>male</span> <span class='ocrx_word' id='word_1_108' title='bbox 1903 1716 2003 1759; x_wconf 91' lang='lat' dir='ltr'>me</span> <span class='ocrx_word' id='word_1_109' title='bbox 2059 1697 2336 1775; x_wconf 79' lang='lat' dir='ltr'>torquet,</span> <span class='ocrx_word' id='word_1_110' title='bbox 2406 1694 2608 1757; x_wconf 87' lang='lat' dir='ltr'>idiota</span> 
     </span>
     <span class='ocr_line' id='line_1_15' title="bbox 334 1776 2603 1862; baseline 0.001 -23"><span class='ocrx_word' id='word_1_111' title='bbox 334 1798 406 1839; x_wconf 91' lang='lat' dir='ltr'>se</span> <span class='ocrx_word' id='word_1_112' title='bbox 452 1776 657 1841; x_wconf 88' lang='lat' dir='ltr'>doctis</span> <span class='ocrx_word' id='word_1_113' title='bbox 703 1777 976 1859; x_wconf 85' lang='lat' dir='ltr'>praefert</span> <span class='ocrx_word' id='word_1_114' title='bbox 1020 1783 1084 1843; x_wconf 89' lang='lat' dir='ltr'>et</span> <span class='ocrx_word' id='word_1_115' title='bbox 1129 1784 1371 1844; x_wconf 86' lang='lat' dir='ltr'>certum</span> <span class='ocrx_word' id='word_1_116' title='bbox 1428 1782 1552 1843; x_wconf 89' lang='lat' dir='ltr'>sibi</span> <span class='ocrx_word' id='word_1_117' title='bbox 1600 1782 1676 1845; x_wconf 89' lang='lat' dir='ltr'>de</span> <span class='ocrx_word' id='word_1_118' title='bbox 1720 1780 1907 1845; x_wconf 89' lang='lat' dir='ltr'>nobis</span> <span class='ocrx_word' id='word_1_119' title='bbox 1960 1780 2351 1862; x_wconf 88' lang='lat' dir='ltr'>triumphum</span> <span class='ocrx_word' id='word_1_120' title='bbox 2417 1778 2603 1860; x_wconf 90' lang='lat' dir='ltr'>polli-</span> 
     </span>
     <span class='ocr_line' id='line_1_16' title="bbox 335 1863 2593 1946; baseline 0 -22"><span class='ocrx_word' id='word_1_121' title='bbox 335 1865 533 1925; x_wconf 85' lang='lat' dir='ltr'>cetur.</span> <span class='ocrx_word' id='word_1_122' title='bbox 639 1863 904 1939; x_wconf 83' lang='lat' dir='ltr'>Quaeris</span> <span class='ocrx_word' id='word_1_123' title='bbox 966 1885 1240 1929; x_wconf 89' lang='lat' dir='ltr'>causam.</span> <span class='ocrx_word' id='word_1_124' title='bbox 1341 1866 1554 1930; x_wconf 84' lang='lat' dir='ltr'>Habet</span> <span class='ocrx_word' id='word_1_125' title='bbox 1623 1887 1847 1931; x_wconf 87' lang='lat' dir='ltr'>aurum</span> <span class='ocrx_word' id='word_1_126' title='bbox 1918 1870 1983 1928; x_wconf 90' lang='lat' dir='ltr'>et</span> <span class='ocrx_word' id='word_1_127' title='bbox 2043 1864 2249 1946; x_wconf 86' lang='lat' dir='ltr'>jactat</span> <span class='ocrx_word' id='word_1_128' title='bbox 2315 1864 2593 1928; x_wconf 87' lang='lat' dir='ltr'>divitias.</span> 
     </span>
     <span class='ocr_line' id='line_1_17' title="bbox 335 1947 2593 2034; baseline 0.002 -25"><span class='ocrx_word' id='word_1_129' title='bbox 335 1947 620 2011; x_wconf 81' lang='lat' dir='ltr'>Possunt</span> <span class='ocrx_word' id='word_1_130' title='bbox 667 1948 772 2030; x_wconf 90' lang='lat' dir='ltr'>(ne</span> <span class='ocrx_word' id='word_1_131' title='bbox 819 1950 1114 2031; x_wconf 87' lang='lat' dir='ltr'>mentiar)</span> <span class='ocrx_word' id='word_1_132' title='bbox 1162 1952 1544 2033; x_wconf 85' lang='lat' dir='ltr'>persuadere</span> <span class='ocrx_word' id='word_1_133' title='bbox 1588 1971 1759 2034; x_wconf 84' lang='lat' dir='ltr'>opes,</span> <span class='ocrx_word' id='word_1_134' title='bbox 1806 1951 2055 2014; x_wconf 88' lang='lat' dir='ltr'>flectere</span> <span class='ocrx_word' id='word_1_135' title='bbox 2086 1949 2336 2013; x_wconf 86' lang='lat' dir='ltr'>animos</span> <span class='ocrx_word' id='word_1_136' title='bbox 2372 1948 2593 2029; x_wconf 77' lang='lat' dir='ltr'>plebiS‚</span> 
     </span>
     <span class='ocr_line' id='line_1_18' title="bbox 335 2033 2604 2119; baseline 0.001 -24"><span class='ocrx_word' id='word_1_137' title='bbox 335 2033 630 2097; x_wconf 82' lang='lat' dir='ltr'>attollere</span> <span class='ocrx_word' id='word_1_138' title='bbox 676 2035 1003 2099; x_wconf 83' lang='lat' dir='ltr'>rusticum.</span> <span class='ocrx_word' id='word_1_139' title='bbox 1099 2035 1222 2099; x_wconf 88' lang='lat' dir='ltr'>Sed</span> <span class='ocrx_word' id='word_1_140' title='bbox 1270 2038 1484 2101; x_wconf 89' lang='lat' dir='ltr'>omnia</span> <span class='ocrx_word' id='word_1_141' title='bbox 1531 2058 1659 2100; x_wconf 91' lang='lat' dir='ltr'>non</span> <span class='ocrx_word' id='word_1_142' title='bbox 1694 2041 1982 2119; x_wconf 85' lang='lat' dir='ltr'>possunt.</span> <span class='ocrx_word' id='word_1_143' title='bbox 2060 2035 2261 2099; x_wconf 84' lang='lat' dir='ltr'>Nobis</span> <span class='ocrx_word' id='word_1_144' title='bbox 2292 2036 2419 2098; x_wconf 87' lang='lat' dir='ltr'>alia</span> <span class='ocrx_word' id='word_1_145' title='bbox 2449 2041 2604 2098; x_wconf 90' lang='lat' dir='ltr'>sunt</span> 
     </span>
     <span class='ocr_line' id='line_1_19' title="bbox 333 2118 2607 2205; baseline 0.001 -25"><span class='ocrx_word' id='word_1_146' title='bbox 333 2118 784 2197; x_wconf 88' lang='lat' dir='ltr'>instrumenta,</span> <span class='ocrx_word' id='word_1_147' title='bbox 831 2121 1067 2202; x_wconf 89' lang='lat' dir='ltr'>quibus</span> <span class='ocrx_word' id='word_1_148' title='bbox 1115 2143 1228 2203; x_wconf 87' lang='lat' dir='ltr'>par</span> <span class='ocrx_word' id='word_1_149' title='bbox 1271 2144 1601 2203; x_wconf 89' lang='lat' dir='ltr'>nunquam</span> <span class='ocrx_word' id='word_1_150' title='bbox 1627 2121 1871 2205; x_wconf 87' lang='lat' dir='ltr'>judicio</span> <span class='ocrx_word' id='word_1_151' title='bbox 1919 2121 2227 2184; x_wconf 90' lang='lat' dir='ltr'>bonorum</span> <span class='ocrx_word' id='word_1_152' title='bbox 2278 2121 2415 2201; x_wconf 87' lang='lat' dir='ltr'>ipsa</span> <span class='ocrx_word' id='word_1_153' title='bbox 2447 2141 2607 2202; x_wconf 88' lang='lat' dir='ltr'>opu-</span> 
     </span>
     <span class='ocr_line' id='line_1_20' title="bbox 337 2203 2607 2288; baseline 0.001 -22"><span class='ocrx_word' id='word_1_154' title='bbox 337 2204 554 2267; x_wconf 88' lang='lat' dir='ltr'>lentia.</span> <span class='ocrx_word' id='word_1_155' title='bbox 645 2203 810 2269; x_wconf 90' lang='lat' dir='ltr'>Dum</span> <span class='ocrx_word' id='word_1_156' title='bbox 858 2206 1045 2269; x_wconf 84' lang='lat' dir='ltr'>altari</span> <span class='ocrx_word' id='word_1_157' title='bbox 1091 2212 1332 2269; x_wconf 83' lang='lat' dir='ltr'>vestem</span> <span class='ocrx_word' id='word_1_158' title='bbox 1381 2213 1445 2272; x_wconf 91' lang='lat' dir='ltr'>et</span> <span class='ocrx_word' id='word_1_159' title='bbox 1477 2208 1690 2271; x_wconf 88' lang='lat' dir='ltr'>dotem</span> <span class='ocrx_word' id='word_1_160' title='bbox 1737 2206 2075 2288; x_wconf 85' lang='lat' dir='ltr'>promittit,</span> <span class='ocrx_word' id='word_1_161' title='bbox 2126 2228 2248 2269; x_wconf 86' lang='lat' dir='ltr'>non</span> <span class='ocrx_word' id='word_1_162' title='bbox 2300 2205 2607 2287; x_wconf 85' lang='lat' dir='ltr'>intelligit</span> 
     </span>
     <span class='ocr_line' id='line_1_21' title="bbox 339 2290 2605 2375; baseline 0 -22"><span class='ocrx_word' id='word_1_163' title='bbox 339 2312 411 2353; x_wconf 90' lang='lat' dir='ltr'>se</span> <span class='ocrx_word' id='word_1_164' title='bbox 455 2290 551 2352; x_wconf 92' lang='lat' dir='ltr'>uti</span> <span class='ocrx_word' id='word_1_165' title='bbox 596 2291 904 2372; x_wconf 86' lang='lat' dir='ltr'>magistro</span> <span class='ocrx_word' id='word_1_166' title='bbox 941 2291 1199 2356; x_wconf 88' lang='lat' dir='ltr'>Simone·</span> <span class='ocrx_word' id='word_1_167' title='bbox 1242 2292 1483 2375; x_wconf 85' lang='lat' dir='ltr'>Mago.²</span> <span class='ocrx_word' id='word_1_168' title='bbox 1515 2354 1524 2360; x_wconf 87' lang='grc'><em>,</em></span> <span class='ocrx_word' id='word_1_169' title='bbox 1576 2293 1733 2356; x_wconf 86' lang='lat' dir='ltr'>Nam</span> <span class='ocrx_word' id='word_1_170' title='bbox 1770 2292 1822 2356; x_wconf 90' lang='lat' dir='ltr'>si</span> <span class='ocrx_word' id='word_1_171' title='bbox 1856 2293 2006 2356; x_wconf 87' lang='lat' dir='ltr'>dare</span> <span class='ocrx_word' id='word_1_172' title='bbox 2037 2291 2271 2369; x_wconf 85' lang='lat' dir='ltr'>liceret,</span> <span class='ocrx_word' id='word_1_173' title='bbox 2320 2291 2605 2373; x_wconf 84' lang='lat' dir='ltr'>profecto</span> 
     </span>
     <span class='ocr_line' id='line_1_22' title="bbox 343 2366 2609 2462; baseline 0.002 -25"><span class='ocrx_word' id='word_1_174' title='bbox 343 2374 824 2457; x_wconf 85' lang='lat' dir='ltr'>Nurbergenses</span> <span class='ocrx_word' id='word_1_175' title='bbox 885 2379 1100 2443; x_wconf 87' lang='lat' dir='ltr'>omnia</span> <span class='ocrx_word' id='word_1_176' title='bbox 1155 2378 1384 2442; x_wconf 85' lang='lat' dir='ltr'>altaria</span> <span class='ocrx_word' id='word_1_177' title='bbox 1444 2366 1755 2442; x_wconf 85' lang='lat' dir='ltr'>vestirent</span> <span class='ocrx_word' id='word_1_178' title='bbox 1813 2398 2097 2462; x_wconf 84' lang='lat' dir='ltr'>purpura</span> <span class='ocrx_word' id='word_1_179' title='bbox 2158 2381 2221 2441; x_wconf 82' lang='lat' dir='ltr'>et</span> <span class='ocrx_word' id='word_1_180' title='bbox 2266 2376 2475 2459; x_wconf 77' lang='lat' dir='ltr'>bySSO,</span> <span class='ocrx_word' id='word_1_181' title='bbox 2535 2380 2609 2441; x_wconf 89' lang='lat' dir='ltr'>ut</span> 
     </span>
    </p>
   </div>
   <div class='ocr_carea' id='block_1_6' title="bbox 340 2461 2719 2544">
    <p class='ocr_par' dir='ltr' id='par_1_6' title="bbox 340 2461 2719 2544">
     <span class='ocr_line' id='line_1_23' title="bbox 340 2461 2719 2544; baseline 0.001 -20"><span class='ocrx_word' id='word_1_182' title='bbox 340 2461 466 2544; x_wconf 92' lang='lat' dir='ltr'>ipsi</span> <span class='ocrx_word' id='word_1_183' title='bbox 513 2462 928 2543; x_wconf 88' lang='lat' dir='ltr'>possiderent.</span> <span class='ocrx_word' id='word_1_184' title='bbox 1023 2464 1163 2528; x_wconf 89' lang='lat' dir='ltr'>Non</span> <span class='ocrx_word' id='word_1_185' title='bbox 1225 2469 1320 2529; x_wconf 81' lang='lat' dir='ltr'>est</span> <span class='ocrx_word' id='word_1_186' title='bbox 1365 2465 1476 2528; x_wconf 87' lang='lat' dir='ltr'>illa</span> <span class='ocrx_word' id='word_1_187' title='bbox 1535 2470 1710 2529; x_wconf 86' lang='lat' dir='ltr'>recta</span> <span class='ocrx_word' id='word_1_188' title='bbox 1768 2466 1890 2530; x_wconf 86' lang='lat' dir='ltr'>via.</span> <span class='ocrx_word' id='word_1_189' title='bbox 1980 2463 2261 2528; x_wconf 88' lang='lat' dir='ltr'>Daturus</span> <span class='ocrx_word' id='word_1_190' title='bbox 2324 2484 2495 2526; x_wconf 87' lang='lat' dir='ltr'>eram</span> <span class='ocrx_word' id='word_1_191' title='bbox 2541 2467 2607 2527; x_wconf 86' lang='lat' dir='ltr'>et</span> <span class='ocrx_word' id='word_1_192' title='bbox 2714 2509 2719 2514; x_wconf 89' lang='lat'>-</span> 
     </span>
    </p>
   </div>
   <div class='ocr_carea' id='block_1_7' title="bbox 331 2547 2701 4152">
    <p class='ocr_par' dir='ltr' id='par_1_7' title="bbox 331 2547 2701 4152">
     <span class='ocr_line' id='line_1_24' title="bbox 335 2547 2607 2633; baseline 0 -23"><span class='ocrx_word' id='word_1_193' title='bbox 335 2548 474 2628; x_wconf 89' lang='lat' dir='ltr'>ipse</span> <span class='ocrx_word' id='word_1_194' title='bbox 517 2547 946 2630; x_wconf 88' lang='lat' dir='ltr'>pulcherrima</span> <span class='ocrx_word' id='word_1_195' title='bbox 991 2554 1386 2628; x_wconf 82' lang='lat' dir='ltr'>ornamenta,</span> <span class='ocrx_word' id='word_1_196' title='bbox 1432 2573 1666 2614; x_wconf 88' lang='lat' dir='ltr'>munus</span> <span class='ocrx_word' id='word_1_197' title='bbox 1711 2550 2079 2633; x_wconf 81' lang='lat' dir='ltr'>principale,</span> <span class='ocrx_word' id='word_1_198' title='bbox 2126 2549 2297 2630; x_wconf 88' lang='lat' dir='ltr'>quod</span> <span class='ocrx_word' id='word_1_199' title='bbox 2344 2549 2409 2612; x_wconf 88' lang='lat' dir='ltr'>in</span> <span class='ocrx_word' id='word_1_200' title='bbox 2456 2570 2607 2612; x_wconf 88' lang='lat' dir='ltr'>arca</span> 
     </span>
     <span class='ocr_line' id='line_1_25' title="bbox 333 2633 2608 2718; baseline 0 -22"><span class='ocrx_word' id='word_1_201' title='bbox 333 2655 685 2712; x_wconf 76' lang='lat' dir='ltr'>serva-mue,</span> <span class='ocrx_word' id='word_1_202' title='bbox 733 2638 798 2698; x_wconf 87' lang='lat' dir='ltr'>et</span> <span class='ocrx_word' id='word_1_203' title='bbox 829 2633 1042 2699; x_wconf 83' lang='lat' dir='ltr'>forsan</span> <span class='ocrx_word' id='word_1_204' title='bbox 1092 2635 1272 2717; x_wconf 88' lang='lat' dir='ltr'>plura</span> <span class='ocrx_word' id='word_1_205' title='bbox 1318 2658 1506 2718; x_wconf 89' lang='lat' dir='ltr'>quam</span> <span class='ocrx_word' id='word_1_206' title='bbox 1557 2637 1801 2700; x_wconf 78' lang='lat' dir='ltr'>LotiuS.</span> <span class='ocrx_word' id='word_1_207' title='bbox 1896 2633 2022 2699; x_wconf 86' lang='lat' dir='ltr'>Sed</span> <span class='ocrx_word' id='word_1_208' title='bbox 2070 2634 2135 2698; x_wconf 86' lang='lat' dir='ltr'>id</span> <span class='ocrx_word' id='word_1_209' title='bbox 2165 2634 2375 2715; x_wconf 87' lang='lat' dir='ltr'>palam</span> <span class='ocrx_word' id='word_1_210' title='bbox 2422 2633 2608 2715; x_wconf 75' lang='lat' dir='ltr'>polli-</span> 
     </span>
     <span class='ocr_line' id='line_1_26' title="bbox 336 2718 2605 2802; baseline 0.001 -22"><span class='ocrx_word' id='word_1_211' title='bbox 336 2718 467 2781; x_wconf 86' lang='lat' dir='ltr'>ceri</span> <span class='ocrx_word' id='word_1_212' title='bbox 512 2718 690 2781; x_wconf 82' lang='lat' dir='ltr'>nefas</span> <span class='ocrx_word' id='word_1_213' title='bbox 737 2741 874 2783; x_wconf 89' lang='lat' dir='ltr'>esse</span> <span class='ocrx_word' id='word_1_214' title='bbox 921 2720 1096 2785; x_wconf 84' lang='lat' dir='ltr'>duxi.</span> <span class='ocrx_word' id='word_1_215' title='bbox 1163 2720 1276 2796; x_wconf 87' lang='lat' dir='ltr'>Tu,</span> <span class='ocrx_word' id='word_1_216' title='bbox 1328 2723 1410 2785; x_wconf 90' lang='lat' dir='ltr'>mi</span> <span class='ocrx_word' id='word_1_217' title='bbox 1445 2721 1721 2798; x_wconf 85' lang='lat' dir='ltr'>Urbane,</span> <span class='ocrx_word' id='word_1_218' title='bbox 1757 2743 1881 2786; x_wconf 87' lang='lat' dir='ltr'>non</span> <span class='ocrx_word' id='word_1_219' title='bbox 1918 2720 2206 2802; x_wconf 86' lang='lat' dir='ltr'>negligas</span> <span class='ocrx_word' id='word_1_220' title='bbox 2234 2732 2263 2760; x_wconf 77' lang='lat'>⁸</span> <span class='ocrx_word' id='word_1_221' title='bbox 2294 2724 2605 2782; x_wconf 89' lang='lat' dir='ltr'>arrestum</span> 
     </span>
     <span class='ocr_line' id='line_1_27' title="bbox 333 2802 2603 2887; baseline 0.001 -22"><span class='ocrx_word' id='word_1_222' title='bbox 333 2802 580 2885; x_wconf 89' lang='lat' dir='ltr'>forique</span> <span class='ocrx_word' id='word_1_223' title='bbox 649 2825 978 2868; x_wconf 87' lang='lat' dir='ltr'>remoram.</span> <span class='ocrx_word' id='word_1_224' title='bbox 1071 2805 1441 2871; x_wconf 82' lang='lat' dir='ltr'>Contemnit</span> <span class='ocrx_word' id='word_1_225' title='bbox 1497 2828 1615 2870; x_wconf 89' lang='lat' dir='ltr'>nos</span> <span class='ocrx_word' id='word_1_226' title='bbox 1678 2828 1897 2870; x_wconf 90' lang='lat' dir='ltr'>omnes</span> <span class='ocrx_word' id='word_1_227' title='bbox 1958 2811 2025 2870; x_wconf 89' lang='lat' dir='ltr'>et</span> <span class='ocrx_word' id='word_1_228' title='bbox 2068 2805 2357 2887; x_wconf 84' lang='lat' dir='ltr'>adjutore</span> <span class='ocrx_word' id='word_1_229' title='bbox 2424 2803 2603 2868; x_wconf 81' lang='lat' dir='ltr'>Moto</span> 
     </span>
     <span class='ocr_line' id='line_1_28' title="bbox 333 2889 2599 2973; baseline 0 -21"><span class='ocrx_word' id='word_1_230' title='bbox 333 2889 612 2952; x_wconf 88' lang='lat' dir='ltr'>carbone</span> <span class='ocrx_word' id='word_1_231' title='bbox 662 2895 866 2954; x_wconf 80' lang='lat' dir='ltr'>notat.</span> <span class='ocrx_word' id='word_1_232' title='bbox 962 2891 1140 2955; x_wconf 89' lang='lat' dir='ltr'>Hanc</span> <span class='ocrx_word' id='word_1_233' title='bbox 1174 2913 1290 2973; x_wconf 90' lang='lat' dir='ltr'>ego</span> <span class='ocrx_word' id='word_1_234' title='bbox 1339 2893 1790 2956; x_wconf 89' lang='lat' dir='ltr'>contumeliam</span> <span class='ocrx_word' id='word_1_235' title='bbox 1822 2892 2014 2955; x_wconf 89' lang='lat' dir='ltr'>remis</span> <span class='ocrx_word' id='word_1_236' title='bbox 2046 2891 2327 2973; x_wconf 87' lang='lat' dir='ltr'>velisque</span> <span class='ocrx_word' id='word_1_237' title='bbox 2362 2889 2599 2971; x_wconf 83' lang='lat' dir='ltr'>fugiam</span> 
     </span>
     <span class='ocr_line' id='line_1_29' title="bbox 333 2973 2701 3059; baseline 0 -21"><span class='ocrx_word' id='word_1_238' title='bbox 333 2978 401 3038; x_wconf 82' lang='lat' dir='ltr'>et</span> <span class='ocrx_word' id='word_1_239' title='bbox 448 2995 747 3055; x_wconf 86' lang='lat' dir='ltr'>quaeram</span> <span class='ocrx_word' id='word_1_240' title='bbox 795 2976 1054 3039; x_wconf 85' lang='lat' dir='ltr'>auxilia.</span> <span class='ocrx_word' id='word_1_241' title='bbox 1148 2976 1464 3041; x_wconf 84' lang='lat' dir='ltr'>Scribitur</span> <span class='ocrx_word' id='word_1_242' title='bbox 1519 2976 1720 3059; x_wconf 89' lang='lat' dir='ltr'>judici</span> <span class='ocrx_word' id='word_1_243' title='bbox 1768 2982 1831 3040; x_wconf 89' lang='lat' dir='ltr'>et</span> <span class='ocrx_word' id='word_1_244' title='bbox 1878 2977 2271 3059; x_wconf 84' lang='lat' dir='ltr'>procuratori</span> <span class='ocrx_word' id='word_1_245' title='bbox 2336 2973 2605 3050; x_wconf 73' lang='lat' dir='ltr'>nostr0,³</span> <span class='ocrx_word' id='word_1_246' title='bbox 2697 2997 2701 3005; x_wconf 90' lang='lat'>·</span> 
     </span>
     <span class='ocr_line' id='line_1_30' title="bbox 335 3060 2609 3143; baseline -0 -21"><span class='ocrx_word' id='word_1_247' title='bbox 335 3064 411 3122; x_wconf 83' lang='lat' dir='ltr'>ut</span> <span class='ocrx_word' id='word_1_248' title='bbox 458 3061 1091 3141; x_wconf 82' lang='lat' dir='ltr'>procrastinationem</span> <span class='ocrx_word' id='word_1_249' title='bbox 1162 3084 1269 3143; x_wconf 88' lang='lat' dir='ltr'>per</span> <span class='ocrx_word' id='word_1_250' title='bbox 1313 3063 1536 3126; x_wconf 76' lang='lat' dir='ltr'>arresti</span> <span class='ocrx_word' id='word_1_251' title='bbox 1586 3062 1927 3125; x_wconf 86' lang='lat' dir='ltr'>remedium</span> <span class='ocrx_word' id='word_1_252' title='bbox 1992 3062 2413 3125; x_wconf 76' lang='lat' dir='ltr'>obtineamus</span> <span class='ocrx_word' id='word_1_253' title='bbox 2506 3060 2609 3122; x_wconf 91' lang='lat' dir='ltr'>In-</span> 
     </span>
     <span class='ocr_line' id='line_1_31' title="bbox 336 3145 2607 3228; baseline 0 -21"><span class='ocrx_word' id='word_1_254' title='bbox 336 3149 510 3208; x_wconf 82' lang='lat' dir='ltr'>terea</span> <span class='ocrx_word' id='word_1_255' title='bbox 555 3147 860 3228; x_wconf 83' lang='lat' dir='ltr'>temporis</span> <span class='ocrx_word' id='word_1_256' title='bbox 907 3147 1158 3210; x_wconf 85' lang='lat' dir='ltr'>trudam</span> <span class='ocrx_word' id='word_1_257' title='bbox 1208 3147 1429 3210; x_wconf 81' lang='lat' dir='ltr'>Cotili·</span> <span class='ocrx_word' id='word_1_258' title='bbox 1463 3148 1778 3210; x_wconf 85' lang='lat' dir='ltr'>fallaciam</span> <span class='ocrx_word' id='word_1_259' title='bbox 1828 3147 2047 3211; x_wconf 84' lang='lat' dir='ltr'>multis</span> <span class='ocrx_word' id='word_1_260' title='bbox 2078 3146 2364 3209; x_wconf 89' lang='lat' dir='ltr'>fallaciis.</span> <span class='ocrx_word' id='word_1_261' title='bbox 2443 3145 2607 3208; x_wconf 89' lang='lat' dir='ltr'>Ante</span> 
     </span>
     <span class='ocr_line' id='line_1_32' title="bbox 333 3230 2605 3310; baseline 0 -18"><span class='ocrx_word' id='word_1_262' title='bbox 333 3230 552 3292; x_wconf 89' lang='lat' dir='ltr'>omnia</span> <span class='ocrx_word' id='word_1_263' title='bbox 597 3232 780 3294; x_wconf 87' lang='lat' dir='ltr'>deum</span> <span class='ocrx_word' id='word_1_264' title='bbox 840 3253 969 3310; x_wconf 89' lang='lat' dir='ltr'>oro,</span> <span class='ocrx_word' id='word_1_265' title='bbox 1031 3239 1104 3294; x_wconf 81' lang='lat' dir='ltr'>ut</span> <span class='ocrx_word' id='word_1_266' title='bbox 1151 3233 1376 3296; x_wconf 91' lang='lat' dir='ltr'>honori</span> <span class='ocrx_word' id='word_1_267' title='bbox 1437 3253 1575 3296; x_wconf 91' lang='lat' dir='ltr'>meo</span> <span class='ocrx_word' id='word_1_268' title='bbox 1636 3254 1763 3296; x_wconf 91' lang='lat' dir='ltr'>non</span> <span class='ocrx_word' id='word_1_269' title='bbox 1824 3232 2005 3296; x_wconf 84' lang='lat' dir='ltr'>desit.</span> <span class='ocrx_word' id='word_1_270' title='bbox 2099 3231 2169 3294; x_wconf 91' lang='lat' dir='ltr'>Si</span> <span class='ocrx_word' id='word_1_271' title='bbox 2215 3231 2396 3294; x_wconf 89' lang='lat' dir='ltr'>abuti</span> <span class='ocrx_word' id='word_1_272' title='bbox 2462 3230 2605 3293; x_wconf 92' lang='lat' dir='ltr'>volo</span> 
     </span>
     <span class='ocr_line' id='line_1_33' title="bbox 336 3315 2624 3401; baseline -0 -24"><span class='ocrx_word' id='word_1_273' title='bbox 336 3315 665 3390; x_wconf 85' lang='lat' dir='ltr'>beneficio,</span> <span class='ocrx_word' id='word_1_274' title='bbox 701 3317 754 3379; x_wconf 90' lang='lat' dir='ltr'>si</span> <span class='ocrx_word' id='word_1_275' title='bbox 791 3337 1113 3398; x_wconf 87' lang='lat' dir='ltr'>perperam</span> <span class='ocrx_word' id='word_1_276' title='bbox 1148 3323 1398 3381; x_wconf 86' lang='lat' dir='ltr'>sumtus</span> <span class='ocrx_word' id='word_1_277' title='bbox 1431 3318 1667 3382; x_wconf 86' lang='lat' dir='ltr'>facere:</span> <span class='ocrx_word' id='word_1_278' title='bbox 1704 3339 1830 3380; x_wconf 91' lang='lat' dir='ltr'>non</span> <span class='ocrx_word' id='word_1_279' title='bbox 1865 3317 2191 3380; x_wconf 86' lang='lat' dir='ltr'>concedat.</span> <span class='ocrx_word' id='word_1_280' title='bbox 2241 3315 2354 3379; x_wconf 86' lang='lat' dir='ltr'>Sin</span> <span class='ocrx_word' id='word_1_281' title='bbox 2387 3319 2624 3401; x_wconf 27' lang='lat' dir='ltr'>autem,</span> 
     </span>
     <span class='ocr_line' id='line_1_34' title="bbox 337 3401 2601 3486; baseline 0 -25"><span class='ocrx_word' id='word_1_282' title='bbox 337 3401 726 3483; x_wconf 87' lang='lat' dir='ltr'>pauperibus</span> <span class='ocrx_word' id='word_1_283' title='bbox 774 3402 1223 3483; x_wconf 83' lang='lat' dir='ltr'>elemosynam,</span> <span class='ocrx_word' id='word_1_284' title='bbox 1271 3403 1637 3486; x_wconf 83' lang='lat' dir='ltr'>hospitibus</span> <span class='ocrx_word' id='word_1_285' title='bbox 1682 3402 1971 3466; x_wconf 85' lang='lat' dir='ltr'>honestis</span> <span class='ocrx_word' id='word_1_286' title='bbox 2016 3401 2361 3483; x_wconf 84' lang='lat' dir='ltr'>hospitalia</span> <span class='ocrx_word' id='word_1_287' title='bbox 2409 3401 2601 3476; x_wconf 90' lang='lat' dir='ltr'>dona,</span> 
     </span>
     <span class='ocr_line' id='line_1_35' title="bbox 335 3485 2603 3566; baseline 0 -20"><span class='ocrx_word' id='word_1_288' title='bbox 335 3487 576 3548; x_wconf 86' lang='lat' dir='ltr'>sanctis</span> <span class='ocrx_word' id='word_1_289' title='bbox 623 3486 854 3550; x_wconf 88' lang='lat' dir='ltr'>studiis</span> <span class='ocrx_word' id='word_1_290' title='bbox 901 3487 1186 3550; x_wconf 87' lang='lat' dir='ltr'>subsidia</span> <span class='ocrx_word' id='word_1_291' title='bbox 1234 3488 1380 3552; x_wconf 89' lang='lat' dir='ltr'>dare</span> <span class='ocrx_word' id='word_1_292' title='bbox 1415 3488 1591 3552; x_wconf 89' lang='lat' dir='ltr'>volo:</span> <span class='ocrx_word' id='word_1_293' title='bbox 1641 3489 1726 3551; x_wconf 90' lang='lat' dir='ltr'>sit</span> <span class='ocrx_word' id='word_1_294' title='bbox 1759 3489 1960 3550; x_wconf 85' lang='lat' dir='ltr'>victor</span> <span class='ocrx_word' id='word_1_295' title='bbox 1994 3487 2338 3562; x_wconf 87' lang='lat' dir='ltr'>Mutianus,</span> <span class='ocrx_word' id='word_1_296' title='bbox 2374 3485 2603 3566; x_wconf 84' lang='lat' dir='ltr'>perdat</span> 
     </span>
     <span class='ocr_line' id='line_1_36' title="bbox 333 3570 2603 3653; baseline 0 -22"><span class='ocrx_word' id='word_1_297' title='bbox 333 3570 544 3633; x_wconf 89' lang='lat' dir='ltr'>oleum</span> <span class='ocrx_word' id='word_1_298' title='bbox 593 3577 656 3643; x_wconf 86' lang='lat' dir='ltr'>et</span> <span class='ocrx_word' id='word_1_299' title='bbox 689 3572 1038 3653; x_wconf 85' lang='lat' dir='ltr'>impensam</span> <span class='ocrx_word' id='word_1_300' title='bbox 1083 3572 1325 3637; x_wconf 83' lang='lat' dir='ltr'>Lotius.</span> <span class='ocrx_word' id='word_1_301' title='bbox 1418 3573 1629 3638; x_wconf 92' lang='lat' dir='ltr'>Unum</span> <span class='ocrx_word' id='word_1_302' title='bbox 1662 3573 1818 3637; x_wconf 88' lang='lat' dir='ltr'>illud</span> <span class='ocrx_word' id='word_1_303' title='bbox 1853 3595 1994 3636; x_wconf 89' lang='lat' dir='ltr'>vere</span> <span class='ocrx_word' id='word_1_304' title='bbox 2027 3573 2349 3647; x_wconf 88' lang='lat' dir='ltr'>confiteor,</span> <span class='ocrx_word' id='word_1_305' title='bbox 2386 3571 2603 3633; x_wconf 86' lang='lat' dir='ltr'>deesse</span> 
     </span>
     <span class='ocr_line' id='line_1_37' title="bbox 334 3655 2599 3740; baseline -0 -22"><span class='ocrx_word' id='word_1_306' title='bbox 334 3678 411 3718; x_wconf 89' lang='lat' dir='ltr'>ac</span> <span class='ocrx_word' id='word_1_307' title='bbox 457 3655 732 3720; x_wconf 82' lang='lat' dir='ltr'>defuisse</span> <span class='ocrx_word' id='word_1_308' title='bbox 779 3656 934 3719; x_wconf 88' lang='lat' dir='ltr'>mihi</span> <span class='ocrx_word' id='word_1_309' title='bbox 983 3680 1108 3720; x_wconf 85' lang='lat' dir='ltr'>rem</span> <span class='ocrx_word' id='word_1_310' title='bbox 1157 3663 1293 3720; x_wconf 89' lang='lat' dir='ltr'>tum</span> <span class='ocrx_word' id='word_1_311' title='bbox 1341 3660 1421 3722; x_wconf 86' lang='lat' dir='ltr'>ad</span> <span class='ocrx_word' id='word_1_312' title='bbox 1454 3661 1624 3722; x_wconf 87' lang='lat' dir='ltr'>vitae</span> <span class='ocrx_word' id='word_1_313' title='bbox 1672 3659 2067 3740; x_wconf 88' lang='lat' dir='ltr'>splendorem</span> <span class='ocrx_word' id='word_1_314' title='bbox 2117 3656 2599 3739; x_wconf 86' lang='lat' dir='ltr'>amplissimum,</span> 
     </span>
     <span class='ocr_line' id='line_1_38' title="bbox 331 3742 2601 3828; baseline 0 -26"><span class='ocrx_word' id='word_1_315' title='bbox 331 3747 470 3803; x_wconf 87' lang='lat' dir='ltr'>tum</span> <span class='ocrx_word' id='word_1_316' title='bbox 518 3742 594 3805; x_wconf 87' lang='lat' dir='ltr'>ad</span> <span class='ocrx_word' id='word_1_317' title='bbox 645 3743 928 3806; x_wconf 82' lang='lat' dir='ltr'>studium</span> <span class='ocrx_word' id='word_1_318' title='bbox 977 3743 1233 3824; x_wconf 86' lang='lat' dir='ltr'>gloriae.</span> <span class='ocrx_word' id='word_1_319' title='bbox 1328 3744 1551 3828; x_wconf 83' lang='lat' dir='ltr'>Neque</span> <span class='ocrx_word' id='word_1_320' title='bbox 1598 3746 1759 3807; x_wconf 87' lang='lat' dir='ltr'>enim</span> <span class='ocrx_word' id='word_1_321' title='bbox 1828 3744 2153 3825; x_wconf 86' lang='lat' dir='ltr'>ingenium</span> <span class='ocrx_word' id='word_1_322' title='bbox 2220 3747 2448 3804; x_wconf 85' lang='lat' dir='ltr'>natura</span> <span class='ocrx_word' id='word_1_323' title='bbox 2494 3763 2601 3803; x_wconf 90' lang='lat' dir='ltr'>ne-</span> 
     </span>
     <span class='ocr_line' id='line_1_39' title="bbox 335 3825 2601 3910; baseline -0.001 -21"><span class='ocrx_word' id='word_1_324' title='bbox 335 3827 518 3906; x_wconf 87' lang='lat' dir='ltr'>gavit</span> <span class='ocrx_word' id='word_1_325' title='bbox 564 3849 770 3908; x_wconf 89' lang='lat' dir='ltr'>neque</span> <span class='ocrx_word' id='word_1_326' title='bbox 811 3827 1040 3910; x_wconf 88' lang='lat' dir='ltr'>genius</span> <span class='ocrx_word' id='word_1_327' title='bbox 1087 3830 1405 3910; x_wconf 85' lang='lat' dir='ltr'>egregiam</span> <span class='ocrx_word' id='word_1_328' title='bbox 1451 3829 1868 3893; x_wconf 88' lang='lat' dir='ltr'>voluntatem.</span> <span class='ocrx_word' id='word_1_329' title='bbox 1962 3827 2130 3904; x_wconf 86' lang='lat' dir='ltr'>Vale,</span> <span class='ocrx_word' id='word_1_330' title='bbox 2163 3825 2413 3909; x_wconf 77' lang='lat' dir='ltr'>gemina</span> <span class='ocrx_word' id='word_1_331' title='bbox 2444 3827 2601 3889; x_wconf 90' lang='lat' dir='ltr'>ami-</span> 
     </span>
     <span class='ocr_line' id='line_1_40' title="bbox 338 3911 2602 3994; baseline 0 -20"><span class='ocrx_word' id='word_1_332' title='bbox 338 3933 578 3987; x_wconf 85' lang='lat' dir='ltr'>corum,</span> <span class='ocrx_word' id='word_1_333' title='bbox 625 3918 690 3976; x_wconf 91' lang='lat' dir='ltr'>et</span> <span class='ocrx_word' id='word_1_334' title='bbox 719 3914 974 3985; x_wconf 60' lang='lat' dir='ltr'>‚amicos</span> <span class='ocrx_word' id='word_1_335' title='bbox 1021 3933 1389 3978; x_wconf 88' lang='lat' dir='ltr'>communes</span> <span class='ocrx_word' id='word_1_336' title='bbox 1434 3936 1579 3977; x_wconf 89' lang='lat' dir='ltr'>ama</span> <span class='ocrx_word' id='word_1_337' title='bbox 1623 3919 1817 3994; x_wconf 88' lang='lat' dir='ltr'>atque</span> <span class='ocrx_word' id='word_1_338' title='bbox 1850 3913 2076 3976; x_wconf 86' lang='lat' dir='ltr'>saluta.</span> <span class='ocrx_word' id='word_1_339' title='bbox 2167 3911 2299 3974; x_wconf 85' lang='lat' dir='ltr'>Nos</span> <span class='ocrx_word' id='word_1_340' title='bbox 2343 3911 2449 3974; x_wconf 91' lang='lat' dir='ltr'>hic</span> <span class='ocrx_word' id='word_1_341' title='bbox 2480 3911 2602 3974; x_wconf 87' lang='lat' dir='ltr'>La-</span> 
     </span>
     <span class='ocr_line' id='line_1_41' title="bbox 342 3996 1037 4080; baseline 0.003 -23"><span class='ocrx_word' id='word_1_342' title='bbox 342 3996 685 4077; x_wconf 84' lang='lat' dir='ltr'>byrinthus</span> <span class='ocrx_word' id='word_1_343' title='bbox 731 3998 1037 4080; x_wconf 81' lang='lat' dir='ltr'>implicat.</span> 
     </span>
     <span class='ocr_line' id='line_1_42' title="bbox 645 4097 1098 4152; baseline 0 -2"><span class='ocrx_word' id='word_1_344' title='bbox 645 4097 769 4151; x_wconf 87' lang='lat' dir='ltr'>Cod.</span> <span class='ocrx_word' id='word_1_345' title='bbox 807 4097 943 4151; x_wconf 80' lang='lat' dir='ltr'>Frcf.</span> <span class='ocrx_word' id='word_1_346' title='bbox 982 4097 1098 4152; x_wconf 82' lang='lat'>220.</span> 
     </span>
    </p>
   </div>
   <div class='ocr_carea' id='block_1_8' title="bbox 331 4195 746 4203">
    <p class='ocr_par' dir='ltr' id='par_1_8' title="bbox 331 4195 746 4203">
     <span class='ocr_line' id='line_1_43' title="bbox 331 4195 746 4203; baseline 0 692"><span class='ocrx_word' id='word_1_347' title='bbox 331 4195 746 4203; x_wconf 95' lang='lat' dir='ltr'> </span> 
     </span>
    </p>
   </div>
   <div class='ocr_carea' id='block_1_9' title="bbox 330 4233 2602 4494">
    <p class='ocr_par' dir='ltr' id='par_1_9' title="bbox 330 4233 2602 4494">
     <span class='ocr_line' id='line_1_44' title="bbox 473 4233 2602 4370; baseline -0.002 -17"><span class='ocrx_word' id='word_1_348' title='bbox 473 4233 1026 4356; x_wconf 54' lang='lat' dir='ltr'>iffifihffigffgiion</span> <span class='ocrx_word' id='word_1_349' title='bbox 1076 4319 1141 4355; x_wconf 81' lang='lat' dir='ltr'>zu</span> <span class='ocrx_word' id='word_1_350' title='bbox 1177 4303 1270 4355; x_wconf 75' lang='lat' dir='ltr'>der</span> <span class='ocrx_word' id='word_1_351' title='bbox 1312 4302 1755 4370; x_wconf 80' lang='lat' dir='ltr'>Myssenerschen</span> <span class='ocrx_word' id='word_1_352' title='bbox 1800 4300 2048 4362; x_wconf 71' lang='lat' dir='ltr'>Ptrflnde,</span> <span class='ocrx_word' id='word_1_353' title='bbox 2103 4299 2188 4352; x_wconf 75' lang='lat' dir='ltr'>die</span> <span class='ocrx_word' id='word_1_354' title='bbox 2232 4297 2434 4351; x_wconf 80' lang='lat' dir='ltr'>Mutian</span> <span class='ocrx_word' id='word_1_355' title='bbox 2484 4297 2602 4350; x_wconf 82' lang='lat' dir='ltr'>sich</span> 
     </span>
     <span class='ocr_line' id='line_1_45' title="bbox 330 4365 2597 4438; baseline -0 -19"><span class='ocrx_word' id='word_1_356' title='bbox 330 4368 501 4421; x_wconf 87' lang='lat' dir='ltr'>durch</span> <span class='ocrx_word' id='word_1_357' title='bbox 537 4369 722 4422; x_wconf 83' lang='lat' dir='ltr'>Lotius</span> <span class='ocrx_word' id='word_1_358' title='bbox 768 4371 1043 4423; x_wconf 84' lang='lat' dir='ltr'>bestritten</span> <span class='ocrx_word' id='word_1_359' title='bbox 1079 4372 1191 4424; x_wconf 87' lang='lat' dir='ltr'>sah.</span> <span class='ocrx_word' id='word_1_360' title='bbox 1334 4372 1354 4403; x_wconf 77' lang='lat'>²¹</span> <span class='ocrx_word' id='word_1_361' title='bbox 1393 4370 1721 4438; x_wconf 81' lang='lat' dir='ltr'>Auspielung</span> <span class='ocrx_word' id='word_1_362' title='bbox 1754 4369 1848 4422; x_wconf 84' lang='lat' dir='ltr'>auf</span> <span class='ocrx_word' id='word_1_363' title='bbox 1880 4368 2061 4422; x_wconf 89' lang='lat' dir='ltr'>Simon</span> <span class='ocrx_word' id='word_1_364' title='bbox 2101 4366 2360 4420; x_wconf 81' lang='lat' dir='ltr'>Voltzke?</span> <span class='ocrx_word' id='word_1_365' title='bbox 2397 4365 2449 4420; x_wconf 90' lang='lat' dir='ltr'>S.</span> <span class='ocrx_word' id='word_1_366' title='bbox 2487 4381 2597 4418; x_wconf 89' lang='lat' dir='ltr'>vor.</span> 
     </span>
     <span class='ocr_line' id='line_1_46' title="bbox 332 4433 2593 4494; baseline -0.001 -4"><span class='ocrx_word' id='word_1_367' title='bbox 332 4435 424 4490; x_wconf 69' lang='grc' dir='ltr'>ΒΓ.</span> <span class='ocrx_word' id='word_1_368' title='bbox 572 4438 594 4469; x_wconf 81' lang='lat'>³</span> <span class='ocrx_word' id='word_1_369' title='bbox 627 4437 820 4492; x_wconf 79' lang='lat' dir='ltr'>Martia</span> <span class='ocrx_word' id='word_1_370' title='bbox 855 4438 1034 4492; x_wconf 88' lang='lat' dir='ltr'>Schilo</span> <span class='ocrx_word' id='word_1_371' title='bbox 1070 4438 1125 4492; x_wconf 89' lang='lat' dir='ltr'>in</span> <span class='ocrx_word' id='word_1_372' title='bbox 1160 4439 1350 4494; x_wconf 84' lang='lat' dir='ltr'>Erfurt.</span> <span class='ocrx_word' id='word_1_373' title='bbox 1387 4439 1441 4494; x_wconf 86' lang='lat' dir='ltr'>S.</span> <span class='ocrx_word' id='word_1_374' title='bbox 1461 4440 1563 4493; x_wconf 85' lang='lat'>226</span> <span class='ocrx_word' id='word_1_375' title='bbox 1599 4441 1661 4493; x_wconf 86' lang='lat' dir='ltr'>A.</span> <span class='ocrx_word' id='word_1_376' title='bbox 1682 4439 1731 4492; x_wconf 91' lang='lat'>4.</span> <span class='ocrx_word' id='word_1_377' title='bbox 1843 4438 1863 4470; x_wconf 74' lang='lat'><strong>⁴</strong></span> <span class='ocrx_word' id='word_1_378' title='bbox 1897 4457 1963 4479; x_wconf 89' lang='lat'>=</span> <span class='ocrx_word' id='word_1_379' title='bbox 1998 4436 2197 4490; x_wconf 80' lang='lat' dir='ltr'>Lotius,</span> <span class='ocrx_word' id='word_1_380' title='bbox 2235 4433 2285 4488; x_wconf 87' lang='lat' dir='ltr'>S.</span> <span class='ocrx_word' id='word_1_381' title='bbox 2312 4435 2412 4488; x_wconf 84' lang='lat'>226</span> <span class='ocrx_word' id='word_1_382' title='bbox 2446 4436 2510 4486; x_wconf 85' lang='lat' dir='ltr'>A.</span> <span class='ocrx_word' id='word_1_383' title='bbox 2547 4434 2593 4489; x_wconf 87' lang='lat'>9.</span> 
     </span>
    </p>
   </div>
  </div>
 </body>
</html>
