3084 4895
829 397 1039 465 Mutian
1075 427 1143 464 an
1181 400 1382 469 Urbim.
1457 400 1557 468 Ad.
1594 401 1817 468 Publius
1852 425 1920 464 an
1957 407 2157 468 Urban.
2470 406 2599 484 415
2672 494 2677 498 .

355 604 584 656 nomen
659 605 736 649 ex
805 583 1216 664 antiquitatis
1283 584 1587 652 memoria
1648 583 2007 666 repetendo.
2112 583 2153 649 J
2156 584 2287 652 ulio
2348 583 2603 650 Caesari

353 671 574 750 gratus
630 667 752 732 fuit
797 667 1068 732 Publius
1101 673 1290 752 poeta
1319 669 1812 751 mimographus,
1900 670 2177 734 Exstant
2207 670 2394 753 hujus
2423 693 2603 758 prae-

351 755 556 820 clarae
623 755 976 818 sententiae
1036 755 1100 820 in
1160 755 1350 820 Cenis
1401 755 1851 820 Macrobianis¹
1908 757 2079 820 etin
2128 755 2437 827 Noctibus
2486 762 2599 822 At·
2708 809 2711 814 .

353 837 548 905 ticis.²
639 839 875 906 Scribit
923 839 990 904 T.
1035 839 1274 920 Livius,
1335 841 1633 906 Publium
1689 841 2003 922 quendam
2062 842 2335 908 nobilem
2377 843 2597 909 adule-

354 930 656 1004 scentem,
705 927 871 1006 quod
921 931 1207 1006 stuprum
1255 928 1390 1010 pati
1437 928 1651 1004 nollet,
1700 927 2099 991 contumeliis
2145 935 2208 991 et
2254 930 2455 1012 plagis
2498 928 2594 994 af-

350 1011 583 1075 fectum
656 1034 694 1073 a
760 1011 828 1073 L.
890 1009 1191 1094 Papirio!
1303 1011 1459 1088 Quis
1527 1013 1769 1076 nesciat
1848 1013 2102 1094 Vergilii
2177 1015 2601 1097 praenomen?

355 1097 511 1174 Quis
556 1117 682 1159 non
732 1096 938 1160 decies
985 1096 1252 1178 perlegit
1283 1098 1362 1160 ad
1398 1097 1695 1162 Publium
1724 1097 2065 1162 Lentulum
2114 1097 2433 1165 Ciceronis
2465 1103 2595 1184 epi-

350 1181 599 1246 stolas?
685 1181 779 1244 Tu
847 1182 1044 1245 habes
1101 1182 1240 1245 Aldi
1313 1204 1464 1247 cura
1531 1184 1901 1248 emendatas
1970 1183 2109 1250 illas
2165 1185 2242 1248 ad
2293 1187 2592 1264 Atticum,

357 1291 516 1354 quas
563 1267 769 1331 videre
816 1266 1052 1350 cupio.⁴
1138 1267 1430 1334 Invenies
1474 1270 1537 1332 in
1588 1271 1884 1351 quadam,
1939 1270 2121 1351 cujus
2163 1276 2259 1334 est
2304 1273 2589 1337 initium:

356 1351 626 1434 „Subito
693 1374 836 1417 cum
889 1352 1048 1416 mihi
1110 1353 1378 1418 dixisset
1437 1353 1752 1419 Caecilius
1808 1355 2177 1437 quaestor“⁵
2248 1356 2592 1440 (praecedit

349 1439 572 1503 folium
621 1459 661 1520 p
694 1436 780 1521 p),
849 1439 940 1502 ita
984 1439 1318 1522 scriptum:
1395 1439 1591 1522 „Nam
1638 1462 1754 1506 nos
1814 1441 2087 1524 quidem,
2149 1443 2203 1505 si
2248 1462 2355 1524 per
2399 1444 2593 1508 istum

348 1529 530 1590 tuum
579 1525 856 1588 sodalem
896 1524 1190 1588 Publium
1225 1525 1479 1590 licebit“
1518 1532 1582 1589 et
1614 1531 1838 1591 cetera.
1890 1526 2213 1592 Hactenus
2246 1529 2321 1592 de
2353 1529 2594 1594 Adamo

349 1611 596 1685 Publio,
663 1632 848 1694 quem
913 1609 1312 1674 trinomium‘
1383 1612 1434 1675 si
1483 1613 1579 1675 vis
1624 1612 1917 1690 salutare,
1977 1613 2169 1678 dicito
2236 1615 2593 1680 Lentulum.

346 1697 490 1762 Non
537 1698 647 1761 ita.
739 1693 992 1760 Excidit
1061 1695 1178 1760 hoc
1243 1697 1418 1775 mihi,
1487 1699 1779 1779 quamvis
1840 1698 2087 1782 reipsa
2147 1699 2233 1764 sit
2275 1699 2485 1766 lentus
2532 1708 2595 1766 et

347 1783 591 1862 tardus,
638 1781 747 1846 sed
793 1782 987 1846 dicito
1031 1781 1320 1862 vitalem,
1369 1784 1538 1865 quod
1585 1782 1786 1850 natali
1833 1785 1931 1848 die
1982 1785 2202 1849 Vitalis
2246 1788 2589 1854 advenerit.

355 1869 524 1932 Vale.

657 1951 779 2004 Cod.
816 1949 947 2006 Frcf.
987 1950 1102 2005 154.

353 2089 538 2144 cotha.
1402 2073 1545 2138 344.
1743 2079 1749 2086 ·
2216 2093 2263 2145 5.
2300 2089 2406 2146 Mai
2432 2077 2593 2146 ‘1514.

979 2181 1119 2252 Ad.
1166 2181 1484 2252 Publius
1528 2202 1627 2253 an
1669 2181 1949 2253 Urban.

350 2309 548 2378 (Janus
581 2314 726 2378 m69e
755 2326 913 2378 yeme
944 2309 1044 2363 das
1076 2309 1282 2363 Bandel
1312 2309 1738 2446 kmssraym.
1808 2311 1967 2368 Danlc
2009 2311 2105 2378 fiir
2156 2311 2364 2366 Urbane
2422 2314 2594 2369 Wohl-

417 2492 500 2544 Η.
537 2492 791 2547 urbano
826 2492 1258 2545 liberalissimo
1294 2496 1522 2545 artium
1556 2496 1853 2559 magistro
1887 2497 2016 2545 tam
2050 2496 2311 2547 honesto
2336 2509 2519 2559 quam

587 2578 877 2639 officiosO,
913 2579 1158 2631 domino
1193 2579 1377 2643 longe
1415 2582 1729 2633 carissimo
1765 2580 2042 2632 Adamus
2075 2582 2355 2635 Publius.

552 2670 616 2738 S.
692 2674 834 2739 Non
871 2673 998 2739 sibi
1029 2696 1280 2757 gravem
1317 2679 1500 2759 putet
1529 2676 1733 2741 Janus
1762 2676 2032 2743 Urbicus
2062 2678 2591 2745 transmittendae

291 2796 304 2803 —
345 2756 729 2825 sarcinulae⁷
799 2761 1187 2843 provinciam
1254 2762 1350 2826 vel
1412 2784 1526 2827 sua
1584 2766 1809 2847 sponte
1866 2760 1960 2825 vel
2014 2768 2078 2827 te
2129 2762 2391 2846 jubente
2450 2786 2590 2833 sus—
2637 2823 2641 2827 ,

347 2850 617 2927 ceptam.
740 2846 832 2909 Ad
913 2847 1278 2911 salutiferae
1353 2850 1557 2911 crucis
1650 2848 2041 2930 templariam
2130 2850 2589 2915 dedicationem

342 2937 628 2997 vectores
674 2932 912 2997 isthinc
957 2954 1097 2997 cum
1148 2934 1569 3000 mercimoniis
1630 2934 2089 3011 adventabunt‚
2137 2936 2369 3019 quibus
2422 2938 2588 3001 credi

341 3022 614 3100 possunt
683 3020 1023 3101 constipati
1085 3020 1150 3081 in
1216 3018 1444 3083 fascem
1516 3020 1713 3085 libelli
1781 3020 2136 3085 desiderati.
2241 3021 2372 3105 Ego
2444 3029 2590 3089 tuae

348 3124 500 3184 erga
546 3126 646 3167 me
691 3126 974 3169 summae
1021 3104 1439 3185 benignitatis
1471 3111 1536 3169 et
1564 3106 2077 3189 incomparabilis
2120 3108 2589 3174 munificentiae

345 3210 583 3253 memor
636 3211 765 3265 .e1·0‚
825 3190 970 3255 dum
1043 3191 1302 3273 spiritus
1367 3190 1611 3255 vitalis⁸
1681 3192 1796 3255 hos
1862 3192 2085 3259 vitales
2150 3198 2325 3275 reget
2390 3199 2585 3259 artus,

343 3275 513 3354 Vale,
565 3276 705 3339 vive
752 3276 856 3339 diu
905 3276 1076 3356 felix,
1111 3277 1444 3341 reverende
1475 3282 1670 3360 pater.
1749 3276 1995 3343 Gothae
2026 3276 2201 3363 post⁹
2231 3279 2586 3347 Godehardi

344 3362 747 3428 celeberrima
793 3362 1043 3445 gaudia.
1135 3361 1450 3427 MDXIIII.

647 3461 769 3518 Cod.
805 3462 937 3515 Frcf.
979 3462 1095 3517 156.
1199 3516 1206 3521 .

339 3590 574 3661 (Gotha.)
1393 3576 1536 3640 345.
2124 3592 2228 3663 (15.
2266 3592 2371 3648 Mai
2411 3594 2583 3664 1514.)

972 3684 1112 3755 Ad.
1159 3684 1474 3755 Publius
1519 3706 1616 3755 an
1663 3685 1941 3757 Urban.

341 3814 670 3883 (Mitteiluny
703 3813 831 3866 urm·
863 3813 1042 3867 seium
1075 3830 1242 3867 neum
1274 3813 1487 3869 Numen
1521 3814 1671 3869 Pube.
1689 3829 1693 3834 ·
1711 3814 1917 3869 maus.
2000 3801 2134 3869 Uber
2164 3816 2249 3869 deae
2284 3816 2584 3872 heridemten

340 3884 533 3939 Publzi
562 3884 649 3935 des
685 3882 977 3935 Attea-tum
1012 3882 1126 3935 und
1158 3882 1483 3936 Blume‘nlese
1517 3902 1621 3936 aus
1654 3884 1754 3937 den
1782 3884 2164 3969 ⁸Atcsspmichm
2197 3885 2283 3937 des
2307 3886 2367 3939 P.
2396 3887 2581 3955 Syme.

485 4025 499 4054 ¹
537 4020 789 4074 Macrobii
840 4019 1093 4073 Convivia
1135 4020 1561 4075 Saturnaliorum.
1609 4020 1740 4074 Ven.
1796 4020 1943 4077 1482.
2084 4022 2105 4054 ²
2140 4022 2253 4075 Von
2298 4021 2521 4080 Gellius,

337 4094 359 4124 ²³
393 4091 509 4145 Liv.
564 4089 709 4156 VIII,
747 4089 827 4143 28.
899 4089 980 4141 Im
1017 4089 1245 4157 jetzigen
1297 4090 1458 4143 'sexte
1505 4089 1673 4143 hcisst
1718 4090 1811 4142 der
1843 4090 2013 4147 Name
2062 4091 2153 4143 des
2199 4090 2476 4161 Jiiuglings
2524 4092 2578 4146 C.

335 4159 612 4213 Publilius.
719 4160 739 4190 ⁴
775 4156 1036 4211 Ciceronis
1071 4174 1184 4227 epp.
1223 4158 1288 4211 ad
1306 4158 1559 4217 Atticum.
1596 4160 1662 4211 ad
1698 4158 1945 4225 Brutum,
1982 4158 2049 4212 ad
2070 4158 2323 4223 Quintum
2352 4160 2411 4213 fr.
2448 4160 2581 4218 Ven.

339 4230 492 4283 1513.
601 4228 723 4283 ⁵Ad
743 4230 850 4281 Att.
888 4226 1024 4291 11‚9.
1129 4224 1451 4279 ⁶Vielleicht
1489 4226 1857 4280 veischrieben
1890 4244 1986 4281 aus
2021 4228 2368 4281 trinominem.
2406 4228 2579 4283 Schon

341 4298 517 4351 Celtes
568 4296 713 4349 hatte
767 4296 1038 4363 gesordert,
1093 4299 1270 4363 poetas
1323 4311 1440 4348 esse
1492 4296 1811 4349 trinomiues.
1954 4298 1973 4329 ⁷
2005 4296 2113 4349 Das
2146 4296 2425 4351 Ranzchcn
2460 4314 2581 4351 zum

339 4357 704 4433 'Uberbringen
742 4382 844 4417 von
882 4364 1124 4417 Biicbern
1163 4381 1212 4419 u.
1251 4364 1353 4431 dgl.
1427 4364 1542 4433 Vgl.
1578 4361 1666 4417 ΒΥ.
1704 4365 1821 4417 241.
1947 4367 1967 4397 ⁸
2001 4366 2325 4434 Anspielung
2359 4368 2451 4419 auf
2481 4368 2579 4419 den

333 4436 560 4489 Namen.
615 4434 736 4487 Vor.
772 4432 859 4485 ΒΥ.
915 4433 1195 4486 Ausdruck
1231 4432 1364 4486 nach
1403 4432 1560 4502 Verg.
1598 4435 1724 4489 Aen.
1762 4432 1855 4500 IV,
1892 4434 2007 4487 336.
2146 4436 2169 4468 ⁹
2202 4434 2252 4489 S.
2294 4438 2386 4488 151
2427 4438 2489 4491 A.
2531 4439 2576 4489 1.
