3084 4895
1206 394 1416 459 Mutian
1450 421 1519 460 an
1555 396 1755 460 Urban.
2483 400 2608 476 431

364 575 525 640 illud
595 577 827 658 probo:
898 576 1137 658 „facilis
1201 577 1451 660 jactura
1505 577 1846 662 sepulcri“;
1916 581 2126 661 „coelo
2192 582 2448 662 tegitur,
2511 584 2620 665 qui

364 684 488 727 non
566 662 759 726 habet
826 664 1139 726 urnam.“¹
1231 663 1367 728 Nisi
1436 686 1548 746 par
1616 666 1700 728 sit
1763 667 1926 730 ratio
1993 667 2164 729 humi
2229 673 2291 730 et
2351 668 2620 733 sublime

364 754 744 831 putrescere,
791 749 1109 813 vermibus
1157 754 1219 813 et
1264 752 1468 814 corvis
1512 773 1717 815 escam
1767 751 1923 834 fieri,
1972 754 2226 834 quando
2273 761 2419 836 post
2449 757 2617 820 vitae

364 841 619 917 tempus
687 834 841 899 nihil
910 837 1277 899 sentiamus,
1370 837 1492 900 Sed
1563 838 1639 900 de
1707 838 2094 902 calamitosis
2162 839 2490 919 hactenus,
2559 843 2615 905 si

366 942 563 984 unum
642 921 941 984 addidero
1018 922 1296 985 verbum.
1406 922 1531 986 Job
1609 922 2052 987 Schrindisens
2120 925 2313 997 babet
2381 949 2612 1008 equum

362 1005 715 1087 Sejanum‚²
766 1013 839 1070 ut
884 1012 981 1070 est
1027 1008 1089 1070 in
1138 1006 1485 1088 proverbio.
1578 1008 1867 1086 Exsulat,
1914 1014 1978 1072 et
2023 1031 2406 1092 quamquam
2453 1013 2616 1078 male

364 1093 441 1154 de
488 1113 587 1155 me
632 1093 717 1156 sit
762 1094 1042 1170 meritae,
1091 1114 1217 1155 non
1262 1099 1475 1156 tamen
1526 1095 1964 1158 inclementem
1997 1119 2096 1158 me
2129 1097 2338 1161 habet.
2415 1098 2612 1163 Pareo

364 1183 439 1241 ut
486 1179 853 1254 misericorS‚
901 1179 1183 1260 ignosce,
1230 1185 1303 1242 ut
1347 1181 1460 1262 qui
1506 1181 1698 1244 sciam
1749 1183 1918 1244 vices
1977 1205 2199 1245 rerum.
2292 1183 2618 1266 Superbus

368 1268 505 1327 erat
550 1269 614 1328 et
659 1266 987 1346 tyrannice
1018 1264 1173 1328 fecit
1202 1269 1435 1344 omnia,
1471 1271 1776 1347 tanquam
1809 1273 1978 1330 esset
2009 1269 2302 1333 dominus
2333 1270 2616 1336 Hassiae.

368 1349 547 1413 Pulsi
590 1356 744 1414 sunt
786 1352 1059 1432 tyranni,
1108 1352 1218 1414 sed
1262 1353 1616 1434 imperiosis
1661 1353 1870 1416 adhuc
1917 1356 2516 1422 comminationibus
2553 1362 2618 1422 et

368 1439 541 1498 metu
608 1438 985 1518 perturbant
1052 1458 1285 1500 novum
1360 1440 1660 1520 regimen.
1776 1439 1969 1503 Bonis
2039 1442 2254 1504 omnia
2317 1443 2475 1506 bene
2541 1466 2617 1507 ac

366 1542 661 1604 prospere
708 1523 938 1586 cedant
982 1544 1088 1604 per
1133 1524 1345 1586 omnia
1388 1524 1640 1587 saecula
1673 1526 2082 1590 saeculorum.
2159 1527 2377 1591 Amen.
2453 1528 2615 1594 Nolo

366 1607 522 1670 mihi
570 1608 765 1672 donet
806 1607 1221 1672 Osimondus³
1252 1610 1657 1673 simulacrum
1695 1611 1810 1674 viri
1841 1611 2074 1675 fortis⁴
2148 1612 2217 1676 Si
2249 1615 2611 1680 absolutum

367 1714 493 1757 non
541 1699 656 1770 est,
706 1715 831 1758 non
879 1694 1226 1758 inchoetur.
1318 1693 1595 1759 Posthac
1657 1697 1812 1760 nihil
1871 1700 2139 1762 scribam
2203 1698 2490 1765 Cotianis
2553 1707 2616 1765 et

367 1778 673 1866 Cotioni.⁵
762 1779 927 1844 Male
972 1781 1275 1861 audiunt3
1334 1794 1621 1844 verone⁸
1679 1805 1759 1845 an
1823 1783 1982 1848 falso
2043 1786 2373 1864 incertum,
2445 1786 2616 1851 fama

368 1870 585 1929 tamen
654 1887 761 1929 eos
824 1866 1211 1948 proditoriae
1278 1869 1513 1931 mentis
1588 1883 1865 1954 accusat.
1979 1869 2277 1935 Severum
2346 1878 2410 1936 et
2475 1895 2618 1936 acre

362 1951 672 2033 judicium
733 1953 1006 2016 habetur
1050 1953 1125 2016 de
1171 1953 1451 2036 perfidia,
1515 1958 1579 2016 et
1623 1976 1738 2018 nos
1786 1978 1912 2019 non
1961 1956 2162 2021 solum
2223 1981 2447 2022 vacare
2507 1961 2614 2024 sed

368 2038 557 2100 etiam
620 2039 793 2102 omni
858 2039 1213 2121 suspicione
1273 2038 1614 2118 volumuS‚⁶
1681 2041 2024 2122 adjuvante
2091 2044 2207 2108 deo
2254 2049 2317 2108 et
2363 2044 2614 2110 Christo

369 2125 672 2204 magistro
738 2128 866 2188 tam
938 2126 1277 2188 reverendo
1343 2147 1533 2206 quam
1599 2127 1889 2192 amando.
1979 2127 2232 2193 Instant
2275 2131 2466 2194 feriae
2511 2153 2614 2195 so-

364 2210 619 2274 lemnes.
713 2210 1011 2275 Retineri'
1051 2210 1342 2274 Publius⁷
1392 2233 1514 2275 non
1563 2214 1774 2294 potuit
1819 2216 2001 2295 quasi
2046 2221 2410 2297 gestaturus
2461 2217 2615 2280 urbe

369 2301 509 2358 tota
574 2297 877 2377 reliquias
931 2301 997 2360 et
1051 2319 1194 2360 ossa
1254 2298 1381 2360 situ
1442 2301 1634 2380 atque
1703 2301 1877 2362 senio
1945 2301 2300 2381 obliterata,
2345 2303 2480 2366 sed
2550 2305 2617 2366 ni

363 2380 548 2444 fallor
614 2383 933 2446 semiassa.
1026 2383 1107 2444 ct
1162 2387 1249 2444 sul
1308 2385 1394 2444 bie
1464 2385 1684 2462 bismoff
1733 2387 1906 2465 helffen
1969 2391 2289 2463 nmbttaflen.
2381 2389 2614 2454 Datum

364 2469 568 2532 natali
611 2468 1047 2533 Bonifaciano.
2173 2504 2176 2511 ·

676 2568 798 2624 cod.
834 2568 966 2623 Frcf.
1009 2570 1121 2629 170.

363 2720 593 2793 (Gotha.)
1130 2736 1135 2740 ·
1416 2708 1560 2773 361.
2260 2728 2406 2798 (Juni
2444 2730 2619 2799 1514.)-

1124 2834 1413 2905 Mutian
1457 2856 1557 2905 an
1600 2834 1875 2906 Urban.

370 2960 623 3029 (Publius
659 2959 753 3014 hat
785 2962 998 3027 erxc'ihlt,
1056 2962 1297 3017 Os‘mund
1339 2964 1502 3029 werde
1534 2964 1638 3017 mit
1672 2964 1788 3017 dem
1822 2964 2073 3019 Hoekules-
2113 2924 2365 3019 hommem.
2438 2966 2619 3020 Urbem

363 3030 467 3083 soll
517 3028 614 3083 ilm
666 3030 919 3084 schieken.
1009 3030 1801 3169 MusardusBorZazlgnnflzdtrjtian
1858 3050 1987 3087 xum
2057 3034 2224 3088 Vater.
2325 3036 2618 3105 Carspaehs

447 3212 709 3265 Erudito
745 3215 1001 3265 'Urbano
1035 3218 1331 3278 magistro
1369 3219 1601 3277 optimo
1638 3221 1702 3267 et
1737 3218 2105 3269 amicissimo
2145 3215 2252 3284 (M.
2288 3216 2534 3284 Rufus).

574 3322 635 3388 S.
750 3323 1098 3407 Postquam
1173 3327 1391 3391 literas
1463 3310 1974 3411 obsignaveramss
2050 3329 2382 3409 prandenti
2459 3328 2615 3393 mihi

367 3409 730 3475 Publiusb⁸
797 3414 1080 3476 narravit
1139 3416 1215 3477 de
1274 3414 1572 3479 Hercule⁹
1631 3420 1847 3479 notam
1910 3416 2210 3479 fabulam.
2307 3416 2612 3495 „Paratus

506 3563 531 3590 a
558 3549 695 3601 Vero
731 3564 811 3603 ne.
950 3552 980 3590 b
1008 3548 1139 3600 mihi
1174 3550 1480 3602 wwderholt.

510 3620 527 3649 ¹
561 3618 715 3684 Vei-g.
770 3620 902 3670 Aen.
956 3618 1025 3685 ΙΙ,
1080 3619 1195 3671 646.
1268 3618 1461 3672 Lucan.
1517 3618 1637 3679 VH.
1691 3618 1807 3672 820.
1949 3622 1970 3652 ²
2003 3620 2065 3673 D.
2113 3620 2164 3673 h.
2217 3619 2287 3672 ist
2331 3635 2455 3672 vom
2501 3618 2614 3673 Un-

364 3685 557 3754 gliicke
611 3686 981 3754 heimgesucht
1040 3686 1323 3754 (Erasmus’
1382 3688 1653 3756 Adagien).
1747 3687 2141 3743 Schrendeisen.
2203 3688 2616 3754 Biirgermeister

364 3771 473 3807 von
524 3755 729 3817 Kassel,
785 3755 998 3822 gehorte
1048 3773 1115 3808 zu
1161 3757 1281 3808 dem
1329 3757 1496 3809 durch
1540 3756 1851 3824 Landgriffin
1905 3762 2057 3810 Anna
2110 3760 2407 3824 gestiirzten
2454 3756 2610 3825 Regi-

365 3826 545 3875 mente
583 3824 754 3895 (April
792 3824 961 3893 1514).
1015 3824 1321 3891 Rommel,
1359 3825 1572 3893 Philipp
1608 3825 1655 3879 d.
1695 3826 2052 3894 Grossmiitige
2072 3826 2112 3892 Ι,
2135 3826 2355 3880 39—45.
2413 3828 2614 3879 Mutiau

364 3894 561 3945 nimmt
610 3895 696 3947 fiir
748 3894 833 3945 die
885 3910 1017 3945 neue
1071 3893 1321 3962 Ordnung
1378 3894 1567 3959 Par-tei,
1623 3894 1796 3947 zumal
1846 3895 1960 3947 ihm
2013 3896 2096 3947 die
2153 3896 2290 3948 alten
2345 3894 2613 3963 Regenten

364 3962 421 4014 in
458 3962 666 4014 seinem
699 3964 949 4015 Prozesse
986 3963 1088 4015 mit
1121 3962 1299 4015 seinen
1338 3964 1690 4016 Ver-wandten
1727 3964 1896 4031 wenig
1931 3964 2101 4017 Gunst
2136 3965 2396 4016 bewiesen
2415 3965 2609 4017 hatten.

441 4032 463 4061 ³
498 4030 557 4084 G.
580 4030 831 4084 Osmund.
870 4030 1087 4085 Offizial.
1125 4030 1175 4085 S.
1198 4030 1297 4085 279
1319 4035 1377 4087 A.
1400 4033 1445 4087 2.
1555 4033 1576 4065 ⁴
1610 4031 1679 4085 M.
1718 4032 1891 4085 wollte
1927 4034 2080 4086 einen
2114 4032 2387 4099 HerkuleS,
2425 4034 2524 4085 wie
2559 4049 2617 4085 er

367 4100 423 4151 in
460 4100 561 4151 den
592 4100 710 4169 folg.
748 4100 957 4153 Briefen
996 4106 1124 4169 sagi:⁷
1160 4101 1239 4153 als
1275 4101 1676 4155 Schreckmittel
1713 4116 1877 4169 gegen
1913 4102 2056 4155 seine
2089 4102 2302 4161 Feinde,
2351 4103 2428 4154 im
2462 4101 2614 4155 Bilde

367 4168 663 4222 aufstellen.
804 4172 825 4202 ⁶
858 4169 1201 4237 Stimmering.
1272 4169 1341 4223 M.
1381 4171 1513 4223 hielt
1557 4169 1794 4223 Osmund
1842 4172 1925 4223 fiir
1969 4172 2120 4223 einen
2171 4172 2422 4224 Cotianer.
2495 4171 2614 4238 Vgl.

366 4236 421 4291 S.
460 4238 562 4290 332
596 4242 657 4291 A.
696 4241 743 4291 5.
884 4242 905 4270 ‘⁵
940 4238 1039 4291 Die
1076 4238 1257 4291 Worte
1294 4240 1412 4291 sind
1448 4239 1796 4308 schweffallig
1832 4241 1936 4292 und
1973 4240 2242 4293 vielleicht
2290 4241 2437 4293 nicht
2484 4256 2614 4307 ganz

367 4307 577 4375 richtig.
650 4307 771 4359 Man
818 4310 1085 4359 erwartet:
1139 4311 1192 4359 et
1238 4324 1335 4361 nos
1378 4324 1481 4361 non
1529 4308 1700 4361 solum
1747 4309 1964 4375 perfidia
1999 4310 2091 4361 sed
2127 4311 2286 4363 etiam
2321 4309 2462 4362 omni
2497 4324 2614 4375 per-

366 4376 523 4429 fidiae
578 4378 873 4444 suspicione
928 4392 1115 4429 vacare
1168 4377 1427 4430 volumus,
1572 4379 1589 4409 ⁷
1627 4377 1742 4443 Vgl.
1782 4377 1831 4429 S.
1871 4378 1970 4430 427
2007 4380 2068 4432 A.
2108 4380 2154 4433 3.
2296 4380 2317 4411 ⁸
2351 4377 2468 4446 Vgl.
2504 4393 2612 4429 vor.

368 4447 522 4500 Anm.
664 4449 687 4478 ⁹
720 4446 827 4499 Das
863 4445 1250 4512 Hei-kulesbild‚
1288 4447 1381 4499 das
1418 4447 1656 4499 Osmund
1691 4446 1956 4499 schenken
1992 4447 2178 4501 wollte.
2253 4450 2403 4501 Anm.
2440 4447 2488 4499 4.
