3084 4895
531 367 658 432 330
1352 366 1526 422 Briefe
1562 369 1653 422 des
1688 368 1739 424 J.
1780 367 1927 424 1513.

548 539 816 604 Servent
860 540 1064 621 superi
1114 540 1240 602 tuis
1285 539 1530 603 civibus
1576 540 1969 604 concordiam
2016 543 2079 604 et
2122 562 2343 604 sanam
2386 544 2659 604 mentem
2710 542 2778 604 et

541 625 826 692 Sinones
880 627 1048 689 domi
1107 647 1230 688 non
1293 627 1507 688 sinant
1566 626 1893 690 dominari.
1984 627 2147 702 Quid
2210 627 2410 690 dicam
2458 627 2533 690 de
2580 649 2775 690 causa

541 711 866 774 Tilonini‘?
965 711 1173 774 Mures
1239 718 1304 774 et
1365 733 1556 776 ranae
1620 713 2015 792 confligunt.'
2108 713 2276 776 Idem
2343 713 2532 776 Accio
2600 713 2775 794 quod

543 795 762 860 Titi0.²
852 796 1073 862 Sancti
1119 797 1478 880 philosophi
1524 818 1650 860 non
1698 805 1849 862 sunt
1892 799 2183 874 vexandi,
2232 799 2338 862 sed
2376 798 2521 862 boni
2554 799 2775 862 adule-

543 887 788 948 scentes
833 883 992 946 bene
1038 883 1428 947 instituendi.
1519 883 1730 946 Habes
1770 906 2096 950 summam.
2186 884 2276 947 De
2322 887 2609 950 monasta
2652 907 2776 948 nu-

539 973 755 1050 gatore
817 969 1006 1050 probe
1062 969 1325 1050 judicas,
1415 969 1549 1050 Ego
1595 969 1750 1032 nihil
1796 971 2146 1052 superbiae,
2202 970 2359 1034 nihil
2402 970 2775 1034 sceleratius

539 1056 776 1136 spirare
824 1059 1001 1136 puto.
1045 1077 1232 1136 quam
1297 1055 1559 1131 bardum
1616 1057 2049 1138 superstitioni
2108 1057 2451 1120 addictum.
2539 1055 2776 1121 Noster

540 1141 835 1206 Urbanus
861 1146 1034 1205 totus
1059 1146 1154 1204 est
1179 1142 1458 1204 sincerus
1487 1146 1554 1204 et
1583 1143 1839 1205 minime
1874 1143 2123 1206 bardus.
2200 1143 2428 1224 Accipe
2466 1141 2771 1206 fabulam.

541 1227 984 1308 Superioribus
1031 1227 1252 1290 diebus
1299 1249 1449 1308 puer
1493 1227 1748 1308 quidam
1786 1235 2035 1310 propter
2065 1225 2433 1310 Molburgk³
2466 1228 2770 1292 sacellum

541 1314 604 1376 in
653 1334 802 1394 agro
850 1315 1055 1394 coepit
1098 1313 1443 1388 aedificare,
1492 1313 1765 1394 Virginis
1810 1314 2008 1377 almae
2062 1315 2407 1378 icuncula⁸
2451 1318 2511 1377 et
2564 1315 2773 1378 crucis

535 1399 861 1480 signaculo
929 1398 1264 1461 introlatis.
1357 1399 1459 1461 Fit
1528 1420 1885 1475 concursuS,
1954 1400 2301 1464 offeruntur
2358 1401 2575 1482 stipes,
2624 1422 2771 1462 nar-

535 1491 753 1548 rantur
816 1485 1134 1548 miracula.
1226 1485 1431 1560 Quid?
1494 1484 1730 1547 diceres
1774 1487 2024 1548 fratrem
2091 1486 2413 1550 Nicolaum
2462 1488 2528 1555 in
2576 1506 2768 1566 puero

531 1571 854 1638 revixisse.
947 1569 1050 1634 Sic
1097 1593 1258 1633 unus
1320 1592 1472 1651 puer
1532 1571 1765 1634 multos
1831 1593 2011 1635 senes
2078 1594 2302 1654 pueros
2367 1572 2541 1636 facit.
2632 1572 2770 1635 Hoc

535 1657 683 1721 mihi
732 1657 894 1720 dixit
937 1661 1156 1718 tonsor
1205 1656 1413 1733 hodie,
1461 1657 1605 1721 dum
1656 1662 1847 1740 caput
1889 1680 2095 1722 meum
2141 1658 2560 1740 distringeret.

841 1756 960 1812 Ood.
997 1756 1126 1812 Frcf.
1165 1757 1279 1813 322.

537 1943 764 2015 (Gotha.)
1570 1931 1712 1996 268.
2550 1948 2705 2018 (1513
2718 1947 2766 2017 ι»)

1265 2057 1553 2128 Mutian
1592 2079 1693 2129 an
1738 2058 2009 2128 Urban.

532 2187 706 2258 (Spott
749 2186 856 2255 auf
887 2188 984 2240 das
1029 2187 1362 2256 „Mezydloiow
1395 2189 1564 2254 Debo’a,
1600 2189 1697 2242 wie
1730 2189 1809 2242 sie
1842 2189 2133 2242 Musardus
2183 2194 2357 2242 nonni.
2426 2189 2757 2242 Momhisc-he

1127 2257 1539 2327 Werkkeiliykeit
1573 2259 1687 2311 und
1717 2259 1891 2311 wahre
1923 2258 2203 2328 Reliqion.)

1223 2373 1326 2424 Ad
1364 2373 1686 2424 Urbanum
1719 2374 1809 2424 M.
1844 2374 2065 2426 Rufus.
2140 2421 2144 2428 .

741 2484 1000 2560 Deliam,
1047 2486 1260 2549 florem
1310 2486 1579 2557 Veneris,
1628 2486 1879 2549 dearum
1943 2485 2477 2561 formosissimam,
2538 2484 2593 2546 si
2648 2484 2765 2546 flos

539 2572 659 2635 dici
706 2576 916 2653 potest
960 2576 1233 2635 scortum
1291 2571 1718 2635 foedissimum
1788 2573 2366 2653 turpissimumque,
2432 2570 2769 2633 Musardus

537 2657 876 2742 puellulam
923 2658 1226 2733 nominat,
1274 2680 1413 2721 cum
1461 2658 1548 2720 sit
1590 2658 1789 2739 major
1834 2658 2018 2720 annis
2063 2656 2280 2720 LXX.⁸

1161 2743 1280 2819 Qui
1327 2744 1561 2807 Deliam
1612 2744 1953 2824 puellulam

1164 2830 1433 2893 blandus
1476 2834 1683 2906 voc-at,
1732 2852 1857 2893 non
1904 2830 2131 2911 aspicit

1159 2938 1348 2997 rugas
1393 2916 1621 2993 seniles
1667 2937 1781 2979 nec
1826 2916 2047 2993 femur,

1161 3002 1454 3065 cercosis⁵
1505 3001 1672 3064 unde
1719 3002 2031 3084 prominet

1163 3092 1228 3149 et
1270 3087 1418 3149 laxa
1462 3087 1649 3151 vulva
1696 3087 1986 3170 procidit.
2718 3163 2729 3176 .

731 3172 876 3235 Heri
921 3177 1226 3235 venerunt
1275 3172 1547 3237 Gotham
1582 3177 1709 3237 tres
1738 3164 2132 3250 λινόχλαινοι
2158 3172 2186 3209 b
2230 3189 2429 3233 novae
2460 3169 2765 3247 superstr-

538 3255 784 3321 tionis.⁶
874 3258 1038 3320 Haec
1096 3257 1280 3321 belua
1325 3258 1454 3321 fera
1509 3259 1683 3323 miris
1748 3259 1949 3321 modis
2007 3258 2289 3339 imponit,
2336 3252 2586 3336 populo,
2674 3250 2767 3348 De

532 3343 794 3407 avaritia
845 3342 1082 3423 loquor.
1170 3344 1333 3407 Novi
1375 3344 1652 3421 habitae,
1694 3345 1841 3407 novi
1888 3349 2107 3425 gestus
2168 3342 2534 3415 afferuntur,
2582 3357 2767 3433 quasi

537 3430 821 3510 gestibus
867 3434 930 3492 et
973 3430 1208 3494 vestitu
1271 3429 1515 3495 colatur
1560 3430 1732 3493 dene.
1822 3430 2079 3511 Legitur
2122 3430 2187 3492 in
2234 3426 2575 3493 Alcoranoz
2624 3442 2766 3503 qm-

534 3536 780 3595 cunque
814 3515 998 3579 deum
1045 3537 1239 3579 unum
1271 3518 1540 3581 adorans
1572 3516 1839 3581 honeste
1870 3516 2118 3591 vixerit,
2158 3515 2291 3578 sive
2322 3512 2602 3575 «Iudaeus
2632 3509 2765 3573 sive

534 3600 929 3665 Christianus
990 3602 1121 3665 sive
1182 3602 1532 3666 Saracenus
1594 3602 1697 3681 sit,
1759 3600 2245 3665 misericordiam
2306 3602 2370 3661 et
2414 3597 2681 3661 salutem
2714 3616 2766 3657 a

536 3687 650 3751 deo
697 3691 1196 3751 consecuturum.
1227 3700 1252 3728 ⁰
1337 3688 1502 3771 Ergo
1550 3688 1813 3751 honeste
1842 3690 1870 3728 d
1925 3687 2213 3757 vivend0‚
2282 3704 2405 3747 non
2474 3680 2761 3745 habitum

675 3856 702 3883 a
730 3841 998 3894 ecuncula.
1137 3844 1166 3883 b
1191 3841 1532 3906 λινογχλαινοι,
1672 3856 1696 3883 0
1724 3842 2068 3907 consequetur
2106 3838 2252 3889 senx.
2390 3838 2420 3877 d
2446 3834 2677 3909 honesto.

683 3912 698 3941 ¹
735 3909 834 3962 Mit
866 3909 1172 3977 Beziehung
1205 3911 1297 3961 auf
1327 3909 1468 3963 seine
1493 3907 2095 3976 Batrachomyomachie.
2202 3906 2221 3937 2
2258 3906 2367 3955 Aus
2393 3904 2485 3956 der
2505 3901 2763 3978 Junsten-

537 3978 786 4044 sprache:
842 3995 951 4031 was
1005 3980 1123 4031 dem
1178 3978 1328 4030 einen
1380 3977 1544 4043 recht,
1598 3977 1667 4029 ist
1720 3979 1839 4030 dem
1892 3978 2085 4029 andern
2138 3973 2298 4041 billig.
2383 3972 2617 4039 Adagien
2674 3969 2764 4021 des

529 4046 790 4100 Erasmus.
931 4049 953 4078 ³
985 4047 1265 4115 Miihlberg
1311 4046 1396 4101 bei
1444 4047 1627 4099 Gotha.
1770 4047 1789 4077 4
1824 4046 1921 4098 Die
1974 4043 2244 4097 mehrfach
2296 4042 2609 4108 verspottete
2662 4038 2763 4091 Zu-

535 4115 756 4169 hzssterin
801 4117 891 4168 des
940 4116 1136 4169 Lotius
1218 4115 1432 4170 »Omnia
1477 4116 1568 4167 dat
1610 4130 1828 4183 rugosae
1873 4114 2224 4179 flaccidaeque
2272 4110 2495 4163 Deliae«
2546 4108 2631 4185 ΒΥ.
2680 4107 2761 4160 90.

533 4184 826 4249 MusardUS,
880 4184 1076 4237 Lehrer
1121 4186 1174 4237 in
1223 4184 1582 4253 Geor-genthal,
1630 4200 1737 4236 war
1773 4184 1907 4236 nach
1958 4182 2187 4235 Mutians
2225 4179 2491 4233 Verdacht
2535 4192 2621 4229 ein
2663 4176 2763 4229 Lo-

545 4254 713 4306 tianer
747 4253 869 4321 (vgl.
907 4254 992 4308 ΒΓ.
1033 4254 1169 4323 219).
1239 4254 1340 4306 Die
1373 4253 1484 4305 Zeit
1519 4254 1611 4305 des
1646 4251 1731 4304 Br.
1781 4269 1880 4304 nur
1917 4252 2031 4303 eine
2068 4250 2361 4319 ungefahre.
2464 4248 2487 4279 ⁵
2520 4244 2765 4310 Κέρκωσις

541 4324 836 4376 Auswuchs
885 4339 971 4376 am
1012 4322 1415 4377 Muttermunde.
1517 4323 1579 4391 ,⁰
1612 4320 1878 4391 Spottisch
1930 4323 2058 4376 statt
2108 4334 2269 4373 neuer
2315 4317 2626 4372 Observanz.
2694 4312 2765 4369 Es

539 4391 792 4450 schemen
825 4390 1194 4447 Franziskaner
1227 4391 1468 4463 gemeint.
