3084 4895
471 347 592 412 118
1247 343 1422 398 Briefe
1458 359 1582 400 von.
1600 343 1956 397 1508—1509.

470 515 912 604 impediantur.
1005 518 1083 582 Et
1129 519 1248 582 hoc
1293 520 1534 602 quare?
1624 517 1711 582 Ut
1756 516 2043 597 impediti
2092 514 2425 591 erroribus,
2484 514 2730 596 opinio-

473 608 662 672 nibus
694 607 926 678 obruti,
959 605 1240 668 tenebris
1275 605 1635 669 circumfusi
1671 626 1796 667 non
1832 603 2079 685 possint.
2113 602 2189 664 ad
2228 601 2354 664 veri
2390 602 2733 673 notionem,

473 715 602 776 qua
647 715 828 757 senes
874 693 980 755 isti
1027 695 1262 763 carent,
1321 691 1663 773 pervenire.
1754 689 1895 752 Non
1944 695 2040 750 est.
2086 689 2239 751 mihi
2306 691 2523 750 cont-ra
2590 687 2731 750 bar-

476 780 663 843 baros
709 777 1080 861 disputatio,
1111 789 1139 818 ⁸
1227 777 1318 840 Tu
1370 778 1563 855 vides,
1611 781 1770 858 quot
1806 777 1938 840 sint
1969 796 2129 857 quos
2164 773 2535 836 miserabilis
2566 794 2735 836 error

473 871 540 930 et
571 865 931 948 ignorantia
976 869 1209 928 teneat.
1291 863 1532 927 Paucos
1566 863 1749 926 credo
1782 884 1919 926 esse
1952 861 2376 944 quamquamb
2406 861 2469 922 in
2502 881 2735 940 magna

415 997 425 1005 -
477 951 714 1024 schola,
778 951 886 1033 qui
945 951 1274 1014 scientiam
1305 962 1333 990 ὃ
1391 950 1723 1013 honestam
1774 970 1897 1012 non
1946 948 2026 1010 ad
2072 947 2565 1010 ostentationem
2624 949 2735 1008 aut

440 1120 444 1122 .
477 1041 809 1119 quaestum
860 1036 1150 1112 referant,
1199 1036 1380 1098 vanis
1412 1058 1597 1108 vana,
1634 1036 1821 1116 nugis
1856 1033 2139 1106 ridicula,
2174 1032 2551 1113 ambagibus
2586 1031 2737 1093 deli-

478 1128 765 1187 ramenta
813 1122 1233 1197 consolidant,
1290 1121 1568 1198 firmant,
1632 1120 1989 1184 stabiliunt.
2084 1119 2426 1199 Postquam
2475 1118 2567 1180 ita
2612 1117 2735 1180 Sil-

477 1210 660 1272 vanis
689 1221 712 1249 ⁰
757 1209 887 1271 tuis
935 1209 1193 1288 placuit,
1242 1214 1314 1271 ut
1357 1213 1424 1271 te
1471 1207 2029 1290 prudentissimum
2090 1205 2419 1285 abigerent
2462 1226 2535 1267 ac
2582 1203 2765 1265 rele--

478 1299 724 1377 garent,
793 1294 950 1356 ferre
1007 1294 1195 1356 debes
1252 1295 1415 1357 hanc
1463 1294 1805 1364 fortunam,
1852 1314 1951 1364 ne,
1999 1291 2052 1354 si
2098 1313 2230 1353 eam
2282 1291 2558 1370 graviter
2604 1311 2737 1352 mo-

484 1382 765 1462 lesteque
811 1381 1050 1452 tuleris,
1099 1379 1387 1442 acerbius
1433 1379 1553 1442 tibi
1601 1381 1718 1460 ipsi
1780 1378 1975 1440 facias
2040 1377 2318 1440 exilium.
2409 1375 2543 1455 Ego
2604 1377 2737 1438 sine

478 1462 798 1531 lacrimisd
837 1488 964 1528 non
1009 1488 1264 1548 possum
1308 1467 1519 1530 animo
1569 1465 1863 1546 replicare
1896 1469 2073 1526 tuum
2110 1486 2343 1525 casum.
2426 1463 2503 1524 Et.
2534 1463 2585 1524 si
2624 1484 2735 1524 an-

478 1555 662 1618 tistes
709 1553 880 1616 dicat
927 1559 988 1615 te
1037 1573 1182 1633 prae
1229 1552 1453 1614 ceteris
1487 1552 1895 1615 honestatum
1930 1556 1993 1611 et,
2026 1549 2335 1612 delectum
2371 1571 2443 1612 ac
2477 1549 2736 1630 dignum

479 1640 792 1717 habitum,
840 1661 1024 1720 quem
1075 1662 1107 1700 e
1153 1660 1266 1702 suo
1315 1660 1575 1701 numero
1622 1637 1861 1718 Lipsim
1925 1637 2288 1707 dimitteret,
2352 1636 2568 1698 eredat
2621 1635 2737 1696 im-

479 1727 752 1807 peritus3
800 1725 954 1788 mihi
1005 1746 1130 1787 non
1179 1725 1535 1806 persuadet,
1586 1747 1723 1786 cum
1772 1723 2067 1787 Urbanus
2114 1744 2289 1785 meus
2351 1722 2540 1784 etiam
2604 1723 2740 1784 sine

482 1812 730 1888 baculu,
779 1812 916 1874 sine
961 1811 1326 1892 magisterio
1373 1811 1564 1874 fuerit
1608 1814 1672 1873 et
1716 1809 1915 1872 literis
1964 1814 2027 1871 et
2072 1810 2297 1890 peritia
2329 1808 2741 1891 praestantis-

479 1899 678 1962 simus
725 1901 788 1960 et
832 1898 1063 1978 dignus
1111 1919 1234 1960 non
1283 1898 1483 1960 solum
1533 1894 1886 1976 archigalli'
1940 1895 2169 1958 throno
2216 1895 2321 1958 sed
2375 1895 2561 1957 etiam
2610 1894 2740 1976 epi-

479 1984 715 2067 scopali
750 1984 911 2046 sede.
983 1983 1123 2046 Non
1157 1985 1434 2048 arbitror
1463 1988 1528 2047 te
1562 1986 1989 2065 exspectare,⁰
2031 1982 2182 2062 quid
2216 1982 2485 2044 sentiam
2520 1981 2596 2044 de
2628 1985 2739 2043 tuo

485 2091 864 2152 successore,
897 2070 1049 2152 quid
1083 2069 1160 2134 de
1193 2071 1417 2134 ceteris
1457 2069 1821 2150 semigallis.
1870 2067 2083 2130 Habes
2116 2069 2279 2130 enim
2316 2067 2739 2150 Spalatinum,

482 2162 547 2222 et
576 2161 841 2238 uterque
889 2162 1163 2220 vestrum
1213 2157 1394 2220 novit
1442 2178 1536 2218 me
1586 2177 1709 2219 non
1758 2153 1956 2218 solere
2002 2176 2107 2218 eos
2154 2155 2431 2235 diligere,
2465 2155 2572 2235 qui
2607 2174 2743 2234 per-

485 2245 626 2306 dita
672 2248 825 2306 sunt
870 2243 1249 2324 arrogantia.
1341 2241 1464 2306 Sed
1512 2248 1725 2305 tamen
1775 2241 1924 2324 quia
1972 2241 2104 2304 fieri
2153 2244 2383 2321 potest,
2417 2244 2491 2303 ut
2520 2239 2742 2302 turba·
2796 2276 2801 2282 -

485 2331 649 2394 tiore
693 2331 904 2393 animo
952 2329 1114 2392 feras
1160 2333 1404 2392 tantam
1464 2329 1868 2411 iniquitatem
1937 2327 2118 2410 (estis
2178 2327 2342 2390 enim
2400 2327 2621 2407 iniqui,
2670 2330 2743 2389 tu

487 2422 551 2481 et
595 2416 719 2493 ille,
766 2420 831 2480 et
874 2415 939 2479 in
987 2415 1160 2481 nullo
1209 2436 1555 2497 compareS,
1603 2415 1792 2479 sicuti
1839 2415 2123 2491 docebo),
2172 2422 2323 2495 puto
2368 2435 2501 2477 esse
2537 2434 2744 2477 meum

492 2504 740 2586 plenius
785 2502 1048 2584 exsequi
1083 2503 1104 2542 f
1153 2524 1349 2565 meam
1385 2503 1784 2566 sententiam.
1886 2501 2123 2565 Habuit
2152 2505 2268 2563 tua
2302 2500 2493 2563 Vallis
2526 2500 2741 2563 mitem

481 2595 548 2653 ἐτ
595 2590 1004 2669 tranquillum
1056 2610 1490 2663 oeconomum,
1555 2593 1802 2670 gratum
1858 2588 2137 2665 rusticiS‚
2196 2587 2545 2668 jucundum
2603 2608 2745 2649 eru-

489 2676 661 2752 ditis,
709 2676 926 2739 utilem
963 2676 1287 2749 coenobio,
1321 2697 1530 2738 carum
1567 2675 1881 2738 omnibus
1974 2674 2042 2738 Si
2088 2674 2331 2748 habuit,
2380 2695 2524 2754 ergo
2574 2695 2743 2735 nunc

489 2785 614 2825 non
649 2762 860 2826 habet.
951 2761 1202 2843 Integer
1235 2760 1356 2825 fuit
1391 2760 1703 2835 Urbanus,
1738 2762 1843 2824 sed
1882 2758 2265 2825 Stercutius²
2298 2760 2744 2823 fallacissimus

489 2854 602 2912 est.
698 2848 813 2912 Hic
857 2870 922 2911 se
968 2853 1142 2913 amat
1175 2852 1234 2912 et
1267 2848 1633 2926 admiratur,
1684 2848 1927 2912 invidet
1971 2847 2173 2922 boniS,
2220 2847 2356 2910 odit
2401 2846 2743 2923 doctiores3

486 2935 590 2999 ille
634 2956 734 2998 me
777 2934 850 2999 ⁴et
894 2934 1292 3017 Spalatinum
1343 2934 1557 3009 coluit,
1625 2934 1837 3015 probis
1900 2935 2081 2997 unice
2137 2932 2315 3008 favit,
2372 2931 2745 2995 eruditiores

431 3029 438 3032 “
486 3022 891 3086 veneratione
952 3026 1324 3104 prosecutus
1389 3026 1501 3083 est.
1595 3020 1846 3097 Quanta
1906 3020 2257 3093 diversitas,
2320 3023 2567 3099 quanta
2619 3018 2744 3081 ini-

489 3108 734 3191 quitas!
831 3110 924 3171 An
974 3108 1160 3189 aequi
1198 3114 1473 3188 possunt
1521 3129 1679 3183 esse,
1725 3128 1885 3189 quos
1950 3127 2185 3168 morum
2234 3109 2299 3168 et
2341 3104 2583 3186 ingenii
2632 3127 2743 3167 na-

490 3201 796 3276 turaeque
843 3194 1002 3257 ratio
1051 3193 1431 3274 distinguit?
1481 3193 1573 3256 vel
1624 3214 1887 3274 quorum
1952 3194 2109 3255 alter
2170 3192 2589 3273 aequissimus
2650 3196 2745 3253 est

493 3285 555 3346 et
589 3281 789 3345 nostri
821 3280 1316 3357 amantissimuS‚
1353 3280 1510 3342 alter
1546 3302 1688 3342 vero
1724 3278 2109 3361 periniquus,
2145 3280 2470 3359 superbus,
2520 3299 2745 3340 saevus

493 3372 557 3432 et
601 3367 800 3432 nostri
847 3366 1086 3431 ordinis
1132 3367 1520 3430 obtrectator
1576 3366 1959 3429 acerrimus?
2047 3365 2272 3427 Verum
2336 3364 2487 3427 nihil
2542 3368 2738 3445 ,agent

492 3460 672 3537 pater
719 3459 780 3517 et
841 3452 1218 3517 Stercutius,
1311 3452 1531 3515 Veniet
1600 3452 1719 3515 tibi
1789 3474 2055 3535 magnus
2125 3450 2324 3513 honor
2391 3451 2746 3531 impetratis

493 3541 776 3621 magistri
812 3540 1186 3621 insignibus.
1277 3539 1522 3601 Interea
1554 3544 1617 3601 te
1649 3544 1761 3601 tua
1808 3539 2113 3601 facilitate
2159 3540 2467 3599 sustenta.
2556 3536 2741 3615 Lege,

493 3626 717 3703 scribe,
766 3627 1040 3707 disputa,
1087 3625 1336 3689 solutus
1368 3630 1431 3686 et
1463 3626 1818 3705 expeditus,
1858 3630 1918 3686 et
1952 3625 2050 3686 fac
2080 3624 2343 3703 gradum
2380 3624 2457 3685 ad
2492 3622 2739 3685 laudem

493 3715 822 3777 robustum
874 3718 937 3775 et.
983 3712 1250 3774 firmum.
1346 3711 1663 3791 Accepisti
1707 3710 1996 3774 baculum
2048 3711 2107 3771 id
2160 3715 2253 3772 est
2288 3710 2633 3785 materiam,
2668 3730 2743 3769 ex

495 3822 622 3881 qua
665 3800 783 3861 tibi
833 3798 1086 3880 parabis
1153 3795 1533 3859 ascensum.³
1575 3805 1582 3810 ’
1624 3796 1901 3859 Baculus
1969 3798 2133 3857 euim
2202 3795 2588 3858 necessarius
2650 3799 2748 3855 est

493 3886 558 3948 in
608 3884 994 3948 fabricandis
1041 3884 1347 3947 scalarum
1397 3881 1716 3962 gradibus
1814 3882 2123 3944 Haereath
2154 3882 2416 3944 firmiter
2448 3882 2586 3943 sino
2619 3880 2745 3942 ullo

494 3970 714 4035 ruinae
763 3971 1056 4052 perieu10,
1104 3976 1176 4033 ut
1220 3970 1282 4031 in
1333 3970 1502 4031 scala
1547 3969 1771 4032 Jacobi
1818 3991 1957 4030 cum
2020 3968 2261 4047 angelis
2324 3968 2442 4029 hoc
2489 3971 2582 4028 est
2628 3966 2747 4027 im-

629 4138 656 4165 a
686 4121 734 4175 ci
769 4126 832 4173 st.
868 4121 923 4175 ti.
1064 4125 1092 4162 b
1120 4136 1433 4188 quanquam.
1576 4135 1599 4161 0
1628 4118 1886 4185 Sylvanis.
2009 4114 2047 4159 'd
2074 4118 2372 4184 lachrymis.
2504 4131 2527 4158 e
2558 4132 2748 4183 expec-

493 4194 619 4245 tare.
762 4194 784 4232 f
809 4190 1014 4257 exequi.
1155 4203 1184 4239 s
1211 4189 1442 4241 Haereas
1481 4187 1627 4241 slenz.

637 4262 653 4292 ¹
689 4260 794 4313 Des
847 4259 1022 4312 Abtes.
1096 4258 1230 4309 Galli
1267 4284 1316 4299 ---
1351 4257 1583 4309 Priester
1641 4260 1732 4307 der
1787 4255 1993 4322 Cybele.
2138 4259 2155 4286 ²
2190 4256 2297 4307 Der
2351 4253 2748 4307 mutmassliche

493 4329 811 4397 Naohfolger
861 4328 1070 4381 Urbans
1124 4326 1515 4393 (Pseudonym).
1660 4327 1680 4357 ³
1721 4325 1854 4377 Vom
1906 4323 2219 4377 Bakularius
2273 4324 2369 4377 soll
2414 4324 2591 4376 Urban
2626 4339 2750 4374 zum

495 4398 746 4467 Magister
781 4396 1084 4465 aufsteigen.
1157 4395 1308 4451 Tenz.
1344 4394 1726 4463 interpungieit
1758 4410 1853 4447 vor
1886 4393 2197 4447 Robustum.
