<?xml version="1.0" encoding="UTF-8"?>
<!DOCTYPE html PUBLIC "-//W3C//DTD XHTML 1.0 Transitional//EN"
    "http://www.w3.org/TR/xhtml1/DTD/xhtml1-transitional.dtd">
<html xmlns="http://www.w3.org/1999/xhtml" xml:lang="en" lang="en">
 <head>
  <title>
</title>
<meta http-equiv="Content-Type" content="text/html;charset=utf-8" />
  <meta name='ocr-system' content='tesseract 3.04.00' />
  <meta name='ocr-capabilities' content='ocr_page ocr_carea ocr_par ocr_line ocrx_word'/>
</head>
<body>
  <div class='ocr_page' id='page_1' title='image "./derbriefwechsel02kraugoog_0433.png"; bbox 0 0 3084 4895; ppageno 0'>
   <div class='ocr_carea' id='block_1_1' title="bbox 841 419 2601 491">
    <p class='ocr_par' dir='ltr' id='par_1_1' title="bbox 841 419 2601 491">
     <span class='ocr_line' id='line_1_1' title="bbox 841 419 2601 491; baseline 0.001 -17"><span class='ocrx_word' id='word_1_1' title='bbox 841 419 1052 474; x_wconf 83' lang='lat' dir='ltr'><strong>Mutian</strong></span> <span class='ocrx_word' id='word_1_2' title='bbox 1088 435 1156 474; x_wconf 86' lang='lat' dir='ltr'><strong>an</strong></span> <span class='ocrx_word' id='word_1_3' title='bbox 1190 419 1449 489; x_wconf 70' lang='lat' dir='ltr'><strong>PetrejuS.</strong></span> <span class='ocrx_word' id='word_1_4' title='bbox 1518 420 1729 476; x_wconf 72' lang='lat' dir='ltr'><strong>Mutian</strong></span> <span class='ocrx_word' id='word_1_5' title='bbox 1766 435 1834 474; x_wconf 81' lang='lat' dir='ltr'><strong>an</strong></span> <span class='ocrx_word' id='word_1_6' title='bbox 1872 421 2183 491; x_wconf 73' lang='lat' dir='ltr'><strong>campagus,</strong></span> <span class='ocrx_word' id='word_1_7' title='bbox 2478 423 2601 488; x_wconf 72' lang='lat'><strong>3‘47</strong></span> 
     </span>
    </p>
   </div>
   <div class='ocr_carea' id='block_1_2' title="bbox 358 592 2607 1967">
    <p class='ocr_par' dir='ltr' id='par_1_2' title="bbox 358 592 2607 1967">
     <span class='ocr_line' id='line_1_2' title="bbox 372 592 2606 680; baseline 0.002 -24"><span class='ocrx_word' id='word_1_8' title='bbox 372 592 662 674; x_wconf 84' lang='lat' dir='ltr'><strong>optabat,</strong></span> <span class='ocrx_word' id='word_1_9' title='bbox 710 593 990 658; x_wconf 88' lang='lat' dir='ltr'><strong>fucatum</strong></span> <span class='ocrx_word' id='word_1_10' title='bbox 1036 597 1100 657; x_wconf 90' lang='lat' dir='ltr'><strong>et</strong></span> <span class='ocrx_word' id='word_1_11' title='bbox 1145 593 1467 670; x_wconf 78' lang='lat' dir='ltr'><strong>blandum,</strong></span> <span class='ocrx_word' id='word_1_12' title='bbox 1523 594 1632 657; x_wconf 90' lang='lat' dir='ltr'><strong>sed</strong></span> <span class='ocrx_word' id='word_1_13' title='bbox 1678 617 1983 658; x_wconf 88' lang='lat' dir='ltr'><strong>severum.</strong></span> <span class='ocrx_word' id='word_1_14' title='bbox 2076 595 2397 680; x_wconf 70' lang='lat' dir='ltr'><strong>Castigavi</strong></span> <span class='ocrx_word' id='word_1_15' title='bbox 2443 619 2606 660; x_wconf 88' lang='lat' dir='ltr'><strong>mor-</strong></span> 
     </span>
     <span class='ocr_line' id='line_1_3' title="bbox 369 679 2605 763; baseline 0.003 -23"><span class='ocrx_word' id='word_1_16' title='bbox 369 679 711 743; x_wconf 89' lang='lat' dir='ltr'><strong>dacitatem</strong></span> <span class='ocrx_word' id='word_1_17' title='bbox 757 679 1366 762; x_wconf 79' lang='lat' dir='ltr'><strong>impudentissimam</strong></span> <span class='ocrx_word' id='word_1_18' title='bbox 1414 680 1831 763; x_wconf 74' lang='lat' dir='ltr'><strong>hortatusque</strong></span> <span class='ocrx_word' id='word_1_19' title='bbox 1875 705 2033 760; x_wconf 78' lang='lat' dir='ltr'><strong>sum,</strong></span> <span class='ocrx_word' id='word_1_20' title='bbox 2096 688 2167 746; x_wconf 92' lang='lat' dir='ltr'><strong>ut</strong></span> <span class='ocrx_word' id='word_1_21' title='bbox 2212 705 2421 746; x_wconf 87' lang='lat' dir='ltr'><strong>amore</strong></span> <span class='ocrx_word' id='word_1_22' title='bbox 2466 683 2605 746; x_wconf 91' lang='lat' dir='ltr'><strong>Mu-</strong></span> 
     </span>
     <span class='ocr_line' id='line_1_4' title="bbox 367 765 2604 848; baseline 0.002 -20"><span class='ocrx_word' id='word_1_23' title='bbox 367 787 575 828; x_wconf 84' lang='lat' dir='ltr'>sarum</span> <span class='ocrx_word' id='word_1_24' title='bbox 623 766 978 846; x_wconf 78' lang='lat' dir='ltr'><strong>ignosceret</strong></span> <span class='ocrx_word' id='word_1_25' title='bbox 1033 765 1287 830; x_wconf 85' lang='lat' dir='ltr'><strong>Proteo¹</strong></span> <span class='ocrx_word' id='word_1_26' title='bbox 1338 770 1401 828; x_wconf 92' lang='lat' dir='ltr'><strong>et</strong></span> <span class='ocrx_word' id='word_1_27' title='bbox 1445 766 1831 848; x_wconf 86' lang='lat' dir='ltr'><strong>palinodiam</strong></span> <span class='ocrx_word' id='word_1_28' title='bbox 1892 772 2175 832; x_wconf 83' lang='lat' dir='ltr'><strong>cantaret</strong></span> <span class='ocrx_word' id='word_1_29' title='bbox 2220 791 2293 832; x_wconf 87' lang='lat' dir='ltr'><strong>ac</strong></span> <span class='ocrx_word' id='word_1_30' title='bbox 2324 769 2467 832; x_wconf 88' lang='lat' dir='ltr'><strong>dein</strong></span> <span class='ocrx_word' id='word_1_31' title='bbox 2513 770 2604 832; x_wconf 89' lang='lat' dir='ltr'><strong>la-</strong></span> 
     </span>
     <span class='ocr_line' id='line_1_5' title="bbox 369 851 2607 934; baseline 0.002 -20"><span class='ocrx_word' id='word_1_32' title='bbox 369 851 507 914; x_wconf 88' lang='lat' dir='ltr'><strong>tino</strong></span> <span class='ocrx_word' id='word_1_33' title='bbox 553 851 766 934; x_wconf 83' lang='lat' dir='ltr'><strong>potius</strong></span> <span class='ocrx_word' id='word_1_34' title='bbox 812 852 1054 915; x_wconf 89' lang='lat' dir='ltr'><strong>homini</strong></span> <span class='ocrx_word' id='word_1_35' title='bbox 1109 874 1297 934; x_wconf 88' lang='lat' dir='ltr'><strong>quam</strong></span> <span class='ocrx_word' id='word_1_36' title='bbox 1343 852 1602 916; x_wconf 87' lang='lat' dir='ltr'><strong>frivolae</strong></span> <span class='ocrx_word' id='word_1_37' title='bbox 1648 853 2073 934; x_wconf 81' lang='lat' dir='ltr'><strong>sophistarum</strong></span> <span class='ocrx_word' id='word_1_38' title='bbox 2129 856 2451 919; x_wconf 84' lang='lat' dir='ltr'><strong>doctrinae</strong></span> <span class='ocrx_word' id='word_1_39' title='bbox 2497 856 2607 919; x_wconf 89' lang='lat' dir='ltr'><strong>ad-</strong></span> 
     </span>
     <span class='ocr_line' id='line_1_6' title="bbox 367 936 2605 1022; baseline 0.003 -24"><span class='ocrx_word' id='word_1_40' title='bbox 367 936 672 1002; x_wconf 80' lang='lat' dir='ltr'><strong>haereret.</strong></span> <span class='ocrx_word' id='word_1_41' title='bbox 761 936 955 1001; x_wconf 89' lang='lat' dir='ltr'><strong>Porro</strong></span> <span class='ocrx_word' id='word_1_42' title='bbox 1002 939 1145 1003; x_wconf 87' lang='lat' dir='ltr'><strong>decli</strong></span> <span class='ocrx_word' id='word_1_43' title='bbox 1191 939 1542 1017; x_wconf 88' lang='lat' dir='ltr'><strong>consilium,</strong></span> <span class='ocrx_word' id='word_1_44' title='bbox 1590 943 1663 1002; x_wconf 91' lang='lat' dir='ltr'><strong>ut</strong></span> <span class='ocrx_word' id='word_1_45' title='bbox 1706 941 1929 1004; x_wconf 86' lang='lat' dir='ltr'><strong>ceteris</strong></span> <span class='ocrx_word' id='word_1_46' title='bbox 1962 941 2193 1022; x_wconf 82' lang='lat' dir='ltr'><strong>eclogis</strong></span> <span class='ocrx_word' id='word_1_47' title='bbox 2240 941 2417 1004; x_wconf 87' lang='lat' dir='ltr'><strong>daret</strong></span> <span class='ocrx_word' id='word_1_48' title='bbox 2447 945 2605 1005; x_wconf 88' lang='lat' dir='ltr'><strong>tem-</strong></span> 
     </span>
     <span class='ocr_line' id='line_1_7' title="bbox 368 1023 2605 1107; baseline 0.002 -21"><span class='ocrx_word' id='word_1_49' title='bbox 368 1044 490 1104; x_wconf 91' lang='lat' dir='ltr'><strong>pus</strong></span> <span class='ocrx_word' id='word_1_50' title='bbox 534 1023 962 1106; x_wconf 78' lang='lat' dir='ltr'><strong>refrigerandi,</strong></span> <span class='ocrx_word' id='word_1_51' title='bbox 1010 1047 1134 1088; x_wconf 90' lang='lat' dir='ltr'><strong>non</strong></span> <span class='ocrx_word' id='word_1_52' title='bbox 1183 1025 1627 1107; x_wconf 89' lang='lat' dir='ltr'><strong>praecipitaret</strong></span> <span class='ocrx_word' id='word_1_53' title='bbox 1685 1026 2046 1090; x_wconf 85' lang='lat' dir='ltr'><strong>editionem.</strong></span> <span class='ocrx_word' id='word_1_54' title='bbox 2139 1025 2205 1090; x_wconf 92' lang='lat' dir='ltr'><strong>Si</strong></span> <span class='ocrx_word' id='word_1_55' title='bbox 2253 1049 2446 1090; x_wconf 88' lang='lat' dir='ltr'><strong>sanus</strong></span> <span class='ocrx_word' id='word_1_56' title='bbox 2492 1031 2605 1107; x_wconf 88' lang='lat' dir='ltr'><strong>est,</strong></span> 
     </span>
     <span class='ocr_line' id='line_1_8' title="bbox 369 1108 2606 1196; baseline 0.003 -25"><span class='ocrx_word' id='word_1_57' title='bbox 369 1108 856 1192; x_wconf 77' lang='lat' dir='ltr'><strong>obtemperabit,</strong></span> <span class='ocrx_word' id='word_1_58' title='bbox 929 1111 980 1174; x_wconf 91' lang='lat' dir='ltr'><strong>si</strong></span> <span class='ocrx_word' id='word_1_59' title='bbox 1043 1111 1336 1187; x_wconf 77' lang='lat' dir='ltr'><strong>insanUS‚</strong></span> <span class='ocrx_word' id='word_1_60' title='bbox 1403 1111 1646 1174; x_wconf 84' lang='lat' dir='ltr'><strong>irritavi</strong></span> <span class='ocrx_word' id='word_1_61' title='bbox 1712 1111 2063 1176; x_wconf 85' lang='lat' dir='ltr'><strong>crabrones.</strong></span> <span class='ocrx_word' id='word_1_62' title='bbox 2152 1113 2273 1177; x_wconf 88' lang='lat' dir='ltr'><strong>Pro</strong></span> <span class='ocrx_word' id='word_1_63' title='bbox 2336 1113 2606 1196; x_wconf 80' lang='lat' dir='ltr'><strong>Speculo</strong></span> 
     </span>
     <span class='ocr_line' id='line_1_9' title="bbox 369 1193 2599 1278; baseline 0.003 -21"><span class='ocrx_word' id='word_1_64' title='bbox 369 1193 730 1259; x_wconf 82' lang='lat' dir='ltr'><strong>Selestano²</strong></span> <span class='ocrx_word' id='word_1_65' title='bbox 781 1194 958 1259; x_wconf 89' lang='lat' dir='ltr'><strong>dabit</strong></span> <span class='ocrx_word' id='word_1_66' title='bbox 1002 1197 1121 1259; x_wconf 90' lang='lat' dir='ltr'><strong>tibi</strong></span> <span class='ocrx_word' id='word_1_67' title='bbox 1167 1197 1435 1278; x_wconf 80' lang='lat' dir='ltr'><strong>pret-ium</strong></span> <span class='ocrx_word' id='word_1_68' title='bbox 1501 1195 1797 1260; x_wconf 88' lang='lat' dir='ltr'><strong>Urbanus</strong></span> <span class='ocrx_word' id='word_1_69' title='bbox 1860 1203 2073 1262; x_wconf 86' lang='lat' dir='ltr'><strong>noster</strong></span> <span class='ocrx_word' id='word_1_70' title='bbox 2134 1221 2270 1262; x_wconf 85' lang='lat' dir='ltr'><strong>meo</strong></span> <span class='ocrx_word' id='word_1_71' title='bbox 2331 1201 2599 1264; x_wconf 89' lang='lat' dir='ltr'><strong>nomine.</strong></span> 
     </span>
     <span class='ocr_line' id='line_1_10' title="bbox 363 1281 2599 1365; baseline 0.004 -24"><span class='ocrx_word' id='word_1_72' title='bbox 363 1281 520 1345; x_wconf 85' lang='lat' dir='ltr'><strong>Vere</strong></span> <span class='ocrx_word' id='word_1_73' title='bbox 563 1281 906 1363; x_wconf 89' lang='lat' dir='ltr'><strong>pretiosum</strong></span> <span class='ocrx_word' id='word_1_74' title='bbox 955 1288 1052 1346; x_wconf 89' lang='lat' dir='ltr'><strong>est</strong></span> <span class='ocrx_word' id='word_1_75' title='bbox 1097 1287 1160 1344; x_wconf 90' lang='lat' dir='ltr'><strong>et</strong></span> <span class='ocrx_word' id='word_1_76' title='bbox 1206 1305 1375 1345; x_wconf 87' lang='lat' dir='ltr'><strong>nunc</strong></span> <span class='ocrx_word' id='word_1_77' title='bbox 1406 1305 1648 1346; x_wconf 87' lang='lat' dir='ltr'><strong>crucem</strong></span> <span class='ocrx_word' id='word_1_78' title='bbox 1697 1283 2055 1365; x_wconf 80' lang='lat' dir='ltr'><strong>religiosius</strong></span> <span class='ocrx_word' id='word_1_79' title='bbox 2089 1286 2223 1349; x_wconf 92' lang='lat' dir='ltr'><strong>colo</strong></span> <span class='ocrx_word' id='word_1_80' title='bbox 2258 1290 2321 1348; x_wconf 89' lang='lat' dir='ltr'><strong>et</strong></span> <span class='ocrx_word' id='word_1_81' title='bbox 2351 1309 2599 1349; x_wconf 81' lang='lat' dir='ltr'><strong>scenam</strong></span> 
     </span>
     <span class='ocr_line' id='line_1_11' title="bbox 361 1366 2602 1453; baseline 0.003 -23"><span class='ocrx_word' id='word_1_82' title='bbox 361 1366 668 1431; x_wconf 90' lang='lat' dir='ltr'><strong>libentius</strong></span> <span class='ocrx_word' id='word_1_83' title='bbox 712 1367 980 1431; x_wconf 88' lang='lat' dir='ltr'><strong>intueor.</strong></span> <span class='ocrx_word' id='word_1_84' title='bbox 1070 1368 1230 1432; x_wconf 90' lang='lat' dir='ltr'><strong>Illud</strong></span> <span class='ocrx_word' id='word_1_85' title='bbox 1278 1389 1406 1446; x_wconf 79' lang='lat' dir='ltr'><strong>om,</strong></span> <span class='ocrx_word' id='word_1_86' title='bbox 1452 1373 1526 1431; x_wconf 88' lang='lat' dir='ltr'><strong>ut</strong></span> <span class='ocrx_word' id='word_1_87' title='bbox 1570 1368 1831 1433; x_wconf 87' lang='lat' dir='ltr'><strong>alteram</strong></span> <span class='ocrx_word' id='word_1_88' title='bbox 1867 1393 2117 1453; x_wconf 86' lang='lat' dir='ltr'><strong>quoque</strong></span> <span class='ocrx_word' id='word_1_89' title='bbox 2163 1392 2411 1434; x_wconf 83' lang='lat' dir='ltr'><strong>scenam</strong></span> <span class='ocrx_word' id='word_1_90' title='bbox 2458 1372 2602 1436; x_wconf 69' lang='lat' dir='ltr'><strong>‚Iani</strong></span> 
     </span>
     <span class='ocr_line' id='line_1_12' title="bbox 362 1453 2597 1539; baseline 0.004 -25"><span class='ocrx_word' id='word_1_91' title='bbox 362 1453 672 1517; x_wconf 87' lang='lat' dir='ltr'><strong>Reuchlin</strong></span> <span class='ocrx_word' id='word_1_92' title='bbox 723 1476 862 1516; x_wconf 89' lang='lat' dir='ltr'><strong>cum</strong></span> <span class='ocrx_word' id='word_1_93' title='bbox 911 1455 1304 1518; x_wconf 83' lang='lat' dir='ltr'><strong>enarratione</strong></span> <span class='ocrx_word' id='word_1_94' title='bbox 1333 1453 1737 1518; x_wconf 79' lang='lat' dir='ltr'><strong>Simleriana³</strong></span> <span class='ocrx_word' id='word_1_95' title='bbox 1770 1458 2093 1539; x_wconf 82' lang='lat' dir='ltr'><strong>perquiras</strong></span> <span class='ocrx_word' id='word_1_96' title='bbox 2127 1462 2189 1520; x_wconf 86' lang='lat' dir='ltr'><strong>et</strong></span> <span class='ocrx_word' id='word_1_97' title='bbox 2222 1481 2391 1520; x_wconf 89' lang='lat' dir='ltr'><strong>emas</strong></span> <span class='ocrx_word' id='word_1_98' title='bbox 2426 1458 2597 1523; x_wconf 86' lang='lat' dir='ltr'><strong>mihi.</strong></span> 
     </span>
     <span class='ocr_line' id='line_1_13' title="bbox 364 1539 2606 1626; baseline 0.004 -26"><span class='ocrx_word' id='word_1_99' title='bbox 364 1539 601 1603; x_wconf 88' lang='lat' dir='ltr'><strong>Vellem</strong></span> <span class='ocrx_word' id='word_1_100' title='bbox 647 1539 1020 1604; x_wconf 86' lang='lat' dir='ltr'><strong>haberemus</strong></span> <span class='ocrx_word' id='word_1_101' title='bbox 1065 1541 1382 1604; x_wconf 88' lang='lat' dir='ltr'><strong>novicium</strong></span> <span class='ocrx_word' id='word_1_102' title='bbox 1427 1541 1708 1606; x_wconf 88' lang='lat' dir='ltr'><strong>libellum</strong></span> <span class='ocrx_word' id='word_1_103' title='bbox 1756 1541 1835 1604; x_wconf 89' lang='lat' dir='ltr'><strong>N.</strong></span> <span class='ocrx_word' id='word_1_104' title='bbox 1884 1543 2035 1606; x_wconf 90' lang='lat' dir='ltr'><strong>clari</strong></span> <span class='ocrx_word' id='word_1_105' title='bbox 2080 1542 2309 1607; x_wconf 88' lang='lat' dir='ltr'><strong>Elvetii</strong></span> <span class='ocrx_word' id='word_1_106' title='bbox 2336 1556 2363 1584; x_wconf 73' lang='lat'>⁸</span> <span class='ocrx_word' id='word_1_107' title='bbox 2408 1566 2606 1626; x_wconf 87' lang='lat' dir='ltr'><strong>nuper</strong></span> 
     </span>
     <span class='ocr_line' id='line_1_14' title="bbox 361 1625 2603 1713; baseline 0.002 -23"><span class='ocrx_word' id='word_1_108' title='bbox 361 1648 401 1689; x_wconf 91' lang='lat' dir='ltr'><strong>a</strong></span> <span class='ocrx_word' id='word_1_109' title='bbox 449 1625 716 1690; x_wconf 84' lang='lat' dir='ltr'><strong>Caesare</strong></span> <span class='ocrx_word' id='word_1_110' title='bbox 762 1625 826 1687; x_wconf 90' lang='lat' dir='ltr'><strong>in</strong></span> <span class='ocrx_word' id='word_1_111' title='bbox 876 1625 1138 1691; x_wconf 89' lang='lat' dir='ltr'><strong>Colonia</strong></span> <span class='ocrx_word' id='word_1_112' title='bbox 1183 1627 1528 1708; x_wconf 84' lang='lat' dir='ltr'><strong>Agrippina</strong></span> <span class='ocrx_word' id='word_1_113' title='bbox 1575 1627 1913 1692; x_wconf 61' lang='lat' dir='ltr'><strong>coronati.⁸</strong></span> <span class='ocrx_word' id='word_1_114' title='bbox 2002 1628 2247 1693; x_wconf 80' lang='lat' dir='ltr'><strong>Dicitur</strong></span> <span class='ocrx_word' id='word_1_115' title='bbox 2278 1653 2412 1694; x_wconf 88' lang='lat' dir='ltr'><strong>esse</strong></span> <span class='ocrx_word' id='word_1_116' title='bbox 2456 1651 2603 1713; x_wconf 81' lang='lat' dir='ltr'><strong>geo-</strong></span> 
     </span>
     <span class='ocr_line' id='line_1_15' title="bbox 362 1711 2601 1799; baseline 0.003 -25"><span class='ocrx_word' id='word_1_117' title='bbox 362 1711 642 1795; x_wconf 86' lang='lat' dir='ltr'><strong>graphus</strong></span> <span class='ocrx_word' id='word_1_118' title='bbox 688 1716 749 1774; x_wconf 84' lang='lat' dir='ltr'><strong>et</strong></span> <span class='ocrx_word' id='word_1_119' title='bbox 783 1714 961 1778; x_wconf 88' lang='lat' dir='ltr'><strong>valde</strong></span> <span class='ocrx_word' id='word_1_120' title='bbox 991 1713 1231 1795; x_wconf 89' lang='lat' dir='ltr'><strong>peritus</strong></span> <span class='ocrx_word' id='word_1_121' title='bbox 1278 1713 1699 1793; x_wconf 72' lang='lat' dir='ltr'><strong>antiquitatis</strong></span> <span class='ocrx_word' id='word_1_122' title='bbox 1792 1713 2054 1779; x_wconf 89' lang='lat' dir='ltr'><strong>Omilias</strong></span> <span class='ocrx_word' id='word_1_123' title='bbox 2086 1716 2445 1799; x_wconf 87' lang='lat' dir='ltr'><strong>Hieronymi</strong></span> <span class='ocrx_word' id='word_1_124' title='bbox 2492 1741 2601 1780; x_wconf 80' lang='lat' dir='ltr'><strong>ex-</strong></span> 
     </span>
     <span class='ocr_line' id='line_1_16' title="bbox 360 1797 2600 1885; baseline 0.003 -25"><span class='ocrx_word' id='word_1_125' title='bbox 360 1803 596 1880; x_wconf 85' lang='lat' dir='ltr'><strong>specto.</strong></span> <span class='ocrx_word' id='word_1_126' title='bbox 688 1797 884 1862; x_wconf 85' lang='lat' dir='ltr'><strong>Faxit</strong></span> <span class='ocrx_word' id='word_1_127' title='bbox 939 1800 1111 1876; x_wconf 80' lang='lat' dir='ltr'><strong>deuS‚</strong></span> <span class='ocrx_word' id='word_1_128' title='bbox 1181 1803 1250 1861; x_wconf 85' lang='lat' dir='ltr'><strong>ut</strong></span> <span class='ocrx_word' id='word_1_129' title='bbox 1296 1798 1448 1861; x_wconf 84' lang='lat' dir='ltr'><strong>felix</strong></span> <span class='ocrx_word' id='word_1_130' title='bbox 1494 1800 1581 1862; x_wconf 87' lang='lat' dir='ltr'><strong>sit.</strong></span> <span class='ocrx_word' id='word_1_131' title='bbox 1638 1805 1750 1862; x_wconf 89' lang='lat' dir='ltr'><strong>tua</strong></span> <span class='ocrx_word' id='word_1_132' title='bbox 1809 1801 1927 1862; x_wconf 83' lang='lat' dir='ltr'><strong>tibi</strong></span> <span class='ocrx_word' id='word_1_133' title='bbox 1975 1805 2037 1865; x_wconf 88' lang='lat' dir='ltr'><strong>et</strong></span> <span class='ocrx_word' id='word_1_134' title='bbox 2084 1803 2285 1876; x_wconf 81' lang='lat' dir='ltr'><strong>nobiS‚</strong></span> <span class='ocrx_word' id='word_1_135' title='bbox 2352 1803 2461 1885; x_wconf 90' lang='lat' dir='ltr'><strong>qui</strong></span> <span class='ocrx_word' id='word_1_136' title='bbox 2504 1803 2600 1870; x_wconf 91' lang='lat' dir='ltr'><strong>tui</strong></span> 
     </span>
     <span class='ocr_line' id='line_1_17' title="bbox 358 1883 2535 1967; baseline 0.004 -20"><span class='ocrx_word' id='word_1_137' title='bbox 358 1906 597 1962; x_wconf 79' lang='lat' dir='ltr'><strong>sumuS,</strong></span> <span class='ocrx_word' id='word_1_138' title='bbox 645 1883 993 1950; x_wconf 83' lang='lat' dir='ltr'><strong>literatoria</strong></span> <span class='ocrx_word' id='word_1_139' title='bbox 1037 1885 1478 1967; x_wconf 80' lang='lat' dir='ltr'><strong>peregrinatio,</strong></span> <span class='ocrx_word' id='word_1_140' title='bbox 1572 1885 1739 1951; x_wconf 90' lang='lat' dir='ltr'><strong>Vale.</strong></span> <span class='ocrx_word' id='word_1_141' title='bbox 1831 1887 1955 1950; x_wconf 90' lang='lat' dir='ltr'><strong>VII.</strong></span> <span class='ocrx_word' id='word_1_142' title='bbox 2002 1887 2201 1953; x_wconf 87' lang='lat' dir='ltr'><strong>Eidus</strong></span> <span class='ocrx_word' id='word_1_143' title='bbox 2246 1887 2535 1956; x_wconf 74' lang='lat' dir='ltr'><strong>Sextiles,</strong></span> 
     </span>
    </p>
   </div>
   <div class='ocr_carea' id='block_1_3' title="bbox 665 1985 1111 2042">
    <p class='ocr_par' dir='ltr' id='par_1_3' title="bbox 665 1985 1111 2042">
     <span class='ocr_line' id='line_1_18' title="bbox 665 1985 1111 2042; baseline -0.002 -2"><span class='ocrx_word' id='word_1_144' title='bbox 665 1985 786 2042; x_wconf 86' lang='lat' dir='ltr'><strong>Cod.</strong></span> <span class='ocrx_word' id='word_1_145' title='bbox 823 1985 956 2042; x_wconf 77' lang='lat' dir='ltr'><strong>Frof.</strong></span> <span class='ocrx_word' id='word_1_146' title='bbox 995 1985 1111 2040; x_wconf 87' lang='lat'>340.</span> 
     </span>
    </p>
   </div>
   <div class='ocr_carea' id='block_1_4' title="bbox 358 2195 2599 2410">
    <p class='ocr_par' dir='ltr' id='par_1_4' title="bbox 358 2195 2599 2410">
     <span class='ocr_line' id='line_1_19' title="bbox 358 2195 2599 2287; baseline 0.001 -20"><span class='ocrx_word' id='word_1_147' title='bbox 358 2212 589 2283; x_wconf 85' lang='lat' dir='ltr'><strong>(Gotha.)</strong></span> <span class='ocrx_word' id='word_1_148' title='bbox 1401 2195 1545 2260; x_wconf 83' lang='lat'><strong>284.</strong></span> <span class='ocrx_word' id='word_1_149' title='bbox 2141 2217 2185 2270; x_wconf 80' lang='lat'><strong>7.</strong></span> <span class='ocrx_word' id='word_1_150' title='bbox 2223 2217 2355 2285; x_wconf 86' lang='lat' dir='ltr'><strong>Aug.</strong></span> <span class='ocrx_word' id='word_1_151' title='bbox 2406 2216 2599 2287; x_wconf 88' lang='grc'>(1513).</span> 
     </span>
     <span class='ocr_line' id='line_1_20' title="bbox 1016 2321 1960 2410; baseline 0.002 -18"><span class='ocrx_word' id='word_1_152' title='bbox 1016 2322 1304 2394; x_wconf 86' lang='lat' dir='ltr'><strong>Mutian</strong></span> <span class='ocrx_word' id='word_1_153' title='bbox 1349 2343 1445 2393; x_wconf 89' lang='lat' dir='ltr'><strong>an</strong></span> <span class='ocrx_word' id='word_1_154' title='bbox 1492 2321 1960 2410; x_wconf 78' lang='lat' dir='ltr'><strong>Campegus.⁶</strong></span> 
     </span>
    </p>
   </div>
   <div class='ocr_carea' id='block_1_5' title="bbox 355 2453 2601 2661">
    <p class='ocr_par' dir='ltr' id='par_1_5' title="bbox 355 2453 2601 2661">
     <span class='ocr_line' id='line_1_21' title="bbox 355 2453 2598 2525; baseline 0.001 -17"><span class='ocrx_word' id='word_1_155' title='bbox 355 2455 528 2521; x_wconf 82' lang='lat' dir='ltr'><strong>(Trost</strong></span> <span class='ocrx_word' id='word_1_156' title='bbox 573 2454 700 2507; x_wconf 69' lang='lat' dir='ltr'><strong>iiber</strong></span> <span class='ocrx_word' id='word_1_157' title='bbox 735 2453 890 2507; x_wconf 75' lang='lat' dir='ltr'><strong>einen</strong></span> <span class='ocrx_word' id='word_1_158' title='bbox 941 2454 1338 2521; x_wconf 68' lang='lat' dir='ltr'><strong>anylaeklichen</strong></span> <span class='ocrx_word' id='word_1_159' title='bbox 1389 2454 1778 2507; x_wconf 76' lang='lat' dir='ltr'><strong>Rechtshandel.</strong></span> <span class='ocrx_word' id='word_1_160' title='bbox 1858 2454 2059 2508; x_wconf 78' lang='lat' dir='ltr'><strong>Cordus</strong></span> <span class='ocrx_word' id='word_1_161' title='bbox 2107 2455 2181 2508; x_wconf 78' lang='lat' dir='ltr'><strong>ist</strong></span> <span class='ocrx_word' id='word_1_162' title='bbox 2223 2474 2598 2525; x_wconf 75' lang='lat' dir='ltr'><strong>weqqeyanyen.</strong></span> 
     </span>
     <span class='ocr_line' id='line_1_22' title="bbox 357 2522 2601 2592; baseline 0.001 -13"><span class='ocrx_word' id='word_1_163' title='bbox 357 2524 576 2579; x_wconf 78' lang='lat' dir='ltr'><strong>Tilonin</strong></span> <span class='ocrx_word' id='word_1_164' title='bbox 603 2522 746 2579; x_wconf 70' lang='lat' dir='ltr'><strong>wird</strong></span> <span class='ocrx_word' id='word_1_165' title='bbox 777 2523 937 2591; x_wconf 74' lang='lat' dir='ltr'><strong>heftiy</strong></span> <span class='ocrx_word' id='word_1_166' title='bbox 971 2540 1072 2575; x_wconf 80' lang='lat' dir='ltr'><strong>von</strong></span> <span class='ocrx_word' id='word_1_167' title='bbox 1104 2524 1202 2575; x_wconf 75' lang='lat' dir='ltr'><strong>den</strong></span> <span class='ocrx_word' id='word_1_168' title='bbox 1235 2522 1513 2575; x_wconf 76' lang='lat' dir='ltr'><strong>Bwrbaren</strong></span> <span class='ocrx_word' id='word_1_169' title='bbox 1548 2522 1805 2591; x_wconf 72' lang='lat' dir='ltr'><strong>bedrc&#39;inyt.</strong></span> <span class='ocrx_word' id='word_1_170' title='bbox 1872 2522 2163 2592; x_wconf 75' lang='lat' dir='ltr'><strong>Gampequs</strong></span> <span class='ocrx_word' id='word_1_171' title='bbox 2201 2525 2270 2579; x_wconf 78' lang='lat' dir='ltr'><strong>ist</strong></span> <span class='ocrx_word' id='word_1_172' title='bbox 2304 2526 2385 2579; x_wconf 82' lang='lat' dir='ltr'><strong>als</strong></span> <span class='ocrx_word' id='word_1_173' title='bbox 2409 2526 2601 2582; x_wconf 72' lang='lat' dir='ltr'><strong>Scriba</strong></span> 
     </span>
     <span class='ocr_line' id='line_1_23' title="bbox 933 2590 2016 2661; baseline -0.001 -16"><span class='ocrx_word' id='word_1_174' title='bbox 933 2610 1026 2645; x_wconf 78' lang='lat' dir='ltr'><strong>vor</strong></span> <span class='ocrx_word' id='word_1_175' title='bbox 1059 2592 1265 2645; x_wconf 66' lang='lat' dir='ltr'><strong>solchaem</strong></span> <span class='ocrx_word' id='word_1_176' title='bbox 1311 2590 1701 2659; x_wconf 62' lang='lat' dir='ltr'><strong>Wechselfh&#39;llen</strong></span> <span class='ocrx_word' id='word_1_177' title='bbox 1730 2591 2016 2661; x_wconf 68' lang='lat' dir='ltr'><strong>yesichert.)</strong></span> 
     </span>
    </p>
   </div>
   <div class='ocr_carea' id='block_1_6' title="bbox 560 2722 2399 2861">
    <p class='ocr_par' dir='ltr' id='par_1_6' title="bbox 560 2722 2399 2861">
     <span class='ocr_line' id='line_1_24' title="bbox 560 2722 2399 2784; baseline 0 -9"><span class='ocrx_word' id='word_1_178' title='bbox 560 2723 604 2775; x_wconf 84' lang='lat' dir='ltr'><strong>J</strong></span> <span class='ocrx_word' id='word_1_179' title='bbox 603 2736 724 2775; x_wconf 84' lang='lat' dir='ltr'><strong>ano</strong></span> <span class='ocrx_word' id='word_1_180' title='bbox 759 2724 1066 2784; x_wconf 75' lang='lat' dir='ltr'><strong>campego</strong></span> <span class='ocrx_word' id='word_1_181' title='bbox 1102 2723 1341 2774; x_wconf 79' lang='lat' dir='ltr'><strong>scribae</strong></span> <span class='ocrx_word' id='word_1_182' title='bbox 1380 2722 1598 2781; x_wconf 80' lang='lat' dir='ltr'><strong>fiscali,</strong></span> <span class='ocrx_word' id='word_1_183' title='bbox 1634 2724 1829 2773; x_wconf 82' lang='lat' dir='ltr'><strong>amico</strong></span> <span class='ocrx_word' id='word_1_184' title='bbox 1864 2723 2128 2775; x_wconf 77' lang='lat' dir='ltr'><strong>liter-arii</strong></span> <span class='ocrx_word' id='word_1_185' title='bbox 2162 2724 2399 2775; x_wconf 71' lang='lat' dir='ltr'><strong>ordinis</strong></span> 
     </span>
     <span class='ocr_line' id='line_1_25' title="bbox 1305 2808 1648 2861; baseline -0.003 0"><span class='ocrx_word' id='word_1_186' title='bbox 1305 2810 1391 2861; x_wconf 75' lang='lat' dir='ltr'><strong>M.</strong></span> <span class='ocrx_word' id='word_1_187' title='bbox 1427 2808 1648 2861; x_wconf 75' lang='lat' dir='ltr'><strong>Rufus.</strong></span> 
     </span>
    </p>
   </div>
   <div class='ocr_carea' id='block_1_7' title="bbox 345 2918 2593 3778">
    <p class='ocr_par' dir='ltr' id='par_1_7' title="bbox 345 2918 2593 3778">
     <span class='ocr_line' id='line_1_26' title="bbox 558 2918 2590 3005; baseline 0 -20"><span class='ocrx_word' id='word_1_188' title='bbox 558 2920 622 2985; x_wconf 90' lang='lat' dir='ltr'><strong>S.</strong></span> <span class='ocrx_word' id='word_1_189' title='bbox 715 2918 1045 2985; x_wconf 89' lang='lat' dir='ltr'><strong>Sancitum</strong></span> <span class='ocrx_word' id='word_1_190' title='bbox 1092 2924 1189 2985; x_wconf 87' lang='lat' dir='ltr'><strong>est</strong></span> <span class='ocrx_word' id='word_1_191' title='bbox 1235 2922 1298 2984; x_wconf 90' lang='lat' dir='ltr'><strong>in</strong></span> <span class='ocrx_word' id='word_1_192' title='bbox 1344 2921 1593 3003; x_wconf 86' lang='lat' dir='ltr'><strong>legibus</strong></span> <span class='ocrx_word' id='word_1_193' title='bbox 1637 2918 2087 2998; x_wconf 88' lang='lat' dir='ltr'><strong>Romanorum,</strong></span> <span class='ocrx_word' id='word_1_194' title='bbox 2135 2922 2371 2985; x_wconf 90' lang='lat' dir='ltr'><strong>nullam</strong></span> <span class='ocrx_word' id='word_1_195' title='bbox 2418 2943 2590 3005; x_wconf 88' lang='lat' dir='ltr'><strong>emp-</strong></span> 
     </span>
     <span class='ocr_line' id='line_1_27' title="bbox 351 3006 2593 3092; baseline 0 -19"><span class='ocrx_word' id='word_1_196' title='bbox 351 3009 596 3073; x_wconf 89' lang='lat' dir='ltr'><strong>tionem</strong></span> <span class='ocrx_word' id='word_1_197' title='bbox 641 3006 778 3071; x_wconf 87' lang='lat' dir='ltr'><strong>sine</strong></span> <span class='ocrx_word' id='word_1_198' title='bbox 825 3007 1027 3089; x_wconf 89' lang='lat' dir='ltr'><strong>pretio</strong></span> <span class='ocrx_word' id='word_1_199' title='bbox 1074 3030 1211 3071; x_wconf 87' lang='lat' dir='ltr'><strong>esse</strong></span> <span class='ocrx_word' id='word_1_200' title='bbox 1257 3030 1458 3090; x_wconf 87' lang='lat' dir='ltr'><strong>posse.</strong></span> <span class='ocrx_word' id='word_1_201' title='bbox 1525 3006 1880 3072; x_wconf 74' lang='lat' dir='ltr'><strong>vendidisti</strong></span> <span class='ocrx_word' id='word_1_202' title='bbox 1922 3007 2185 3085; x_wconf 40' lang='lat' dir='ltr'><strong>tabulas,</strong></span> <span class='ocrx_word' id='word_1_203' title='bbox 2220 3008 2593 3092; x_wconf 89' lang='lat' dir='ltr'><strong>philosopho</strong></span> 
     </span>
     <span class='ocr_line' id='line_1_28' title="bbox 357 3092 2591 3178; baseline -0 -19"><span class='ocrx_word' id='word_1_204' title='bbox 357 3094 814 3159; x_wconf 80' lang='lat' dir='ltr'><strong>instructriceS.</strong></span> <span class='ocrx_word' id='word_1_205' title='bbox 884 3093 1058 3157; x_wconf 91' lang='lat' dir='ltr'><strong>Petis</strong></span> <span class='ocrx_word' id='word_1_206' title='bbox 1102 3095 1391 3176; x_wconf 88' lang='lat' dir='ltr'><strong>pretium.</strong></span> <span class='ocrx_word' id='word_1_207' title='bbox 1438 3092 1703 3178; x_wconf 89' lang='lat' dir='ltr'><strong>Emptor</strong></span> <span class='ocrx_word' id='word_1_208' title='bbox 1747 3094 1894 3159; x_wconf 88' lang='lat' dir='ltr'><strong>dare</strong></span> <span class='ocrx_word' id='word_1_209' title='bbox 1939 3094 2222 3176; x_wconf 84' lang='lat' dir='ltr'><strong>negligit.</strong></span> <span class='ocrx_word' id='word_1_210' title='bbox 2291 3094 2425 3159; x_wconf 89' lang='lat' dir='ltr'><strong>Itur</strong></span> <span class='ocrx_word' id='word_1_211' title='bbox 2456 3095 2591 3177; x_wconf 89' lang='lat' dir='ltr'><strong>ejus</strong></span> 
     </span>
     <span class='ocr_line' id='line_1_29' title="bbox 357 3178 2593 3263; baseline -0 -18"><span class='ocrx_word' id='word_1_212' title='bbox 357 3181 448 3245; x_wconf 89' lang='lat' dir='ltr'><strong>rei</strong></span> <span class='ocrx_word' id='word_1_213' title='bbox 495 3201 643 3261; x_wconf 89' lang='lat' dir='ltr'><strong>ergo</strong></span> <span class='ocrx_word' id='word_1_214' title='bbox 712 3178 777 3241; x_wconf 85' lang='lat' dir='ltr'><strong>in</strong></span> <span class='ocrx_word' id='word_1_215' title='bbox 837 3179 1045 3243; x_wconf 90' lang='lat' dir='ltr'><strong>curiae</strong></span> <span class='ocrx_word' id='word_1_216' title='bbox 1111 3179 1356 3262; x_wconf 89' lang='lat' dir='ltr'><strong>forique</strong></span> <span class='ocrx_word' id='word_1_217' title='bbox 1418 3179 1869 3263; x_wconf 84' lang='lat' dir='ltr'><strong>labyrinthum.</strong></span> <span class='ocrx_word' id='word_1_218' title='bbox 1962 3178 2361 3244; x_wconf 87' lang='lat' dir='ltr'><strong>Concurrunt</strong></span> <span class='ocrx_word' id='word_1_219' title='bbox 2428 3182 2593 3244; x_wconf 87' lang='lat' dir='ltr'><strong>acies</strong></span> 
     </span>
     <span class='ocr_line' id='line_1_30' title="bbox 354 3264 2593 3348; baseline 0 -18"><span class='ocrx_word' id='word_1_220' title='bbox 354 3266 769 3347; x_wconf 86' lang='lat' dir='ltr'><strong>litigantium.</strong></span> <span class='ocrx_word' id='word_1_221' title='bbox 860 3264 985 3329; x_wconf 88' lang='lat' dir='ltr'><strong>Sed</strong></span> <span class='ocrx_word' id='word_1_222' title='bbox 1032 3267 1470 3331; x_wconf 84' lang='lat' dir='ltr'><strong>contentiones</strong></span> <span class='ocrx_word' id='word_1_223' title='bbox 1513 3271 1756 3331; x_wconf 87' lang='lat' dir='ltr'><strong>vestras</strong></span> <span class='ocrx_word' id='word_1_224' title='bbox 1802 3268 2051 3331; x_wconf 89' lang='lat' dir='ltr'><strong>diremit</strong></span> <span class='ocrx_word' id='word_1_225' title='bbox 2096 3264 2392 3330; x_wconf 89' lang='lat' dir='ltr'><strong>inhibitio</strong></span> <span class='ocrx_word' id='word_1_226' title='bbox 2438 3288 2593 3348; x_wconf 89' lang='lat' dir='ltr'><strong>pon-</strong></span> 
     </span>
     <span class='ocr_line' id='line_1_31' title="bbox 355 3351 2593 3435; baseline 0 -19"><span class='ocrx_word' id='word_1_227' title='bbox 355 3353 568 3417; x_wconf 78' lang='lat' dir='ltr'><strong>tifieis.</strong></span> <span class='ocrx_word' id='word_1_228' title='bbox 660 3351 872 3415; x_wconf 89' lang='lat' dir='ltr'><strong>Habes</strong></span> <span class='ocrx_word' id='word_1_229' title='bbox 937 3351 1068 3415; x_wconf 88' lang='lat' dir='ltr'><strong>litis</strong></span> <span class='ocrx_word' id='word_1_230' title='bbox 1129 3352 1484 3416; x_wconf 88' lang='lat' dir='ltr'><strong>terminum.</strong></span> <span class='ocrx_word' id='word_1_231' title='bbox 1594 3353 1755 3429; x_wconf 85' lang='lat' dir='ltr'><strong>Quid</strong></span> <span class='ocrx_word' id='word_1_232' title='bbox 1820 3353 2014 3435; x_wconf 90' lang='lat' dir='ltr'><strong>igitur</strong></span> <span class='ocrx_word' id='word_1_233' title='bbox 2079 3352 2357 3416; x_wconf 87' lang='lat' dir='ltr'><strong>animum</strong></span> <span class='ocrx_word' id='word_1_234' title='bbox 2426 3352 2593 3417; x_wconf 90' lang='lat' dir='ltr'><strong>curis</strong></span> 
     </span>
     <span class='ocr_line' id='line_1_32' title="bbox 349 3438 2589 3522; baseline -0.001 -19"><span class='ocrx_word' id='word_1_235' title='bbox 349 3438 533 3522; x_wconf 87' lang='lat' dir='ltr'><strong>quasi</strong></span> <span class='ocrx_word' id='word_1_236' title='bbox 578 3442 812 3502; x_wconf 84' lang='lat' dir='ltr'><strong>tortore</strong></span> <span class='ocrx_word' id='word_1_237' title='bbox 845 3439 1146 3502; x_wconf 89' lang='lat' dir='ltr'><strong>intestino</strong></span> <span class='ocrx_word' id='word_1_238' title='bbox 1180 3439 1557 3503; x_wconf 69' lang='lat' dir='ltr'><strong>excrucias?</strong></span> <span class='ocrx_word' id='word_1_239' title='bbox 1644 3438 1855 3503; x_wconf 81' lang='lat' dir='ltr'><strong>Finita</strong></span> <span class='ocrx_word' id='word_1_240' title='bbox 1886 3438 2315 3502; x_wconf 83' lang='lat' dir='ltr'><strong>controversia</strong></span> <span class='ocrx_word' id='word_1_241' title='bbox 2346 3460 2589 3501; x_wconf 86' lang='lat' dir='ltr'><strong>resume</strong></span> 
     </span>
     <span class='ocr_line' id='line_1_33' title="bbox 347 3524 2589 3607; baseline -0 -18"><span class='ocrx_word' id='word_1_242' title='bbox 347 3524 543 3589; x_wconf 90' lang='lat' dir='ltr'><strong>animi</strong></span> <span class='ocrx_word' id='word_1_243' title='bbox 609 3524 1154 3607; x_wconf 79' lang='lat' dir='ltr'><strong>tranquillitatem.</strong></span> <span class='ocrx_word' id='word_1_244' title='bbox 1247 3525 1330 3588; x_wconf 88' lang='lat' dir='ltr'><strong>At</strong></span> <span class='ocrx_word' id='word_1_245' title='bbox 1375 3526 1572 3588; x_wconf 87' lang='lat' dir='ltr'><strong>dices:</strong></span> <span class='ocrx_word' id='word_1_246' title='bbox 1644 3527 1910 3606; x_wconf 86' lang='lat' dir='ltr'><strong>pretium</strong></span> <span class='ocrx_word' id='word_1_247' title='bbox 1973 3546 2097 3588; x_wconf 91' lang='lat' dir='ltr'><strong>non</strong></span> <span class='ocrx_word' id='word_1_248' title='bbox 2162 3525 2381 3589; x_wconf 90' lang='lat' dir='ltr'><strong>habeo.</strong></span> <span class='ocrx_word' id='word_1_249' title='bbox 2472 3524 2589 3589; x_wconf 86' lang='lat' dir='ltr'><strong>Jus</strong></span> 
     </span>
     <span class='ocr_line' id='line_1_34' title="bbox 345 3610 2589 3691; baseline 0 -16"><span class='ocrx_word' id='word_1_250' title='bbox 345 3616 562 3675; x_wconf 87' lang='lat' dir='ltr'><strong>tamen</strong></span> <span class='ocrx_word' id='word_1_251' title='bbox 607 3610 852 3691; x_wconf 89' lang='lat' dir='ltr'><strong>collegii</strong></span> <span class='ocrx_word' id='word_1_252' title='bbox 897 3610 1114 3687; x_wconf 82' lang='lat' dir='ltr'><strong>habeS,</strong></span> <span class='ocrx_word' id='word_1_253' title='bbox 1163 3611 1334 3691; x_wconf 92' lang='lat' dir='ltr'><strong>quod</strong></span> <span class='ocrx_word' id='word_1_254' title='bbox 1379 3633 1493 3691; x_wconf 89' lang='lat' dir='ltr'><strong>ego</strong></span> <span class='ocrx_word' id='word_1_255' title='bbox 1541 3611 1841 3690; x_wconf 86' lang='lat' dir='ltr'><strong>dignitati</strong></span> <span class='ocrx_word' id='word_1_256' title='bbox 1884 3617 2035 3675; x_wconf 89' lang='lat' dir='ltr'><strong>tuae</strong></span> <span class='ocrx_word' id='word_1_257' title='bbox 2097 3611 2442 3675; x_wconf 88' lang='lat' dir='ltr'><strong>conducere</strong></span> <span class='ocrx_word' id='word_1_258' title='bbox 2488 3634 2589 3675; x_wconf 87' lang='lat' dir='ltr'><strong>ar-</strong></span> 
     </span>
     <span class='ocr_line' id='line_1_35' title="bbox 346 3696 2585 3778; baseline 0 -17"><span class='ocrx_word' id='word_1_259' title='bbox 346 3697 562 3761; x_wconf 89' lang='lat' dir='ltr'><strong>bitror.</strong></span> <span class='ocrx_word' id='word_1_260' title='bbox 653 3696 876 3778; x_wconf 85' lang='lat' dir='ltr'><strong>Itaque</strong></span> <span class='ocrx_word' id='word_1_261' title='bbox 943 3718 1054 3778; x_wconf 91' lang='lat' dir='ltr'><strong>pro</strong></span> <span class='ocrx_word' id='word_1_262' title='bbox 1119 3696 1292 3760; x_wconf 91' lang='lat' dir='ltr'><strong>lucro</strong></span> <span class='ocrx_word' id='word_1_263' title='bbox 1361 3696 1445 3760; x_wconf 88' lang='lat' dir='ltr'><strong>sit</strong></span> <span class='ocrx_word' id='word_1_264' title='bbox 1513 3718 1636 3759; x_wconf 91' lang='lat' dir='ltr'><strong>non</strong></span> <span class='ocrx_word' id='word_1_265' title='bbox 1686 3700 1841 3761; x_wconf 77' lang='lat' dir='ltr'><strong>&#39;esse</strong></span> <span class='ocrx_word' id='word_1_266' title='bbox 1904 3699 2277 3761; x_wconf 85' lang='lat' dir='ltr'><strong>mulctatum</strong></span> <span class='ocrx_word' id='word_1_267' title='bbox 2346 3698 2585 3762; x_wconf 83' lang='lat' dir='ltr'><strong>exsilio.</strong></span> 
     </span>
    </p>
   </div>
   <div class='ocr_carea' id='block_1_8' title="bbox 342 3835 752 3845">
    <p class='ocr_par' dir='ltr' id='par_1_8' title="bbox 342 3835 752 3845">
     <span class='ocr_line' id='line_1_36' title="bbox 342 3835 752 3845; baseline 0 1050"><span class='ocrx_word' id='word_1_268' title='bbox 342 3835 752 3845; x_wconf 95' lang='lat' dir='ltr'><strong> </strong></span> 
     </span>
    </p>
   </div>
   <div class='ocr_carea' id='block_1_9' title="bbox 479 3898 956 3953">
    <p class='ocr_par' dir='ltr' id='par_1_9' title="bbox 479 3898 956 3953">
     <span class='ocr_line' id='line_1_37' title="bbox 479 3898 956 3953; baseline -0.006 1"><span class='ocrx_word' id='word_1_269' title='bbox 479 3916 506 3943; x_wconf 76' lang='lat' dir='ltr'><strong>a</strong></span> <span class='ocrx_word' id='word_1_270' title='bbox 533 3898 769 3953; x_wconf 78' lang='lat' dir='ltr'><strong>Helvetii</strong></span> <span class='ocrx_word' id='word_1_271' title='bbox 810 3899 956 3951; x_wconf 72' lang='lat' dir='ltr'><strong>Tem.</strong></span> 
     </span>
    </p>
   </div>
   <div class='ocr_carea' id='block_1_10' title="bbox 337 3983 2587 4535">
    <p class='ocr_par' dir='ltr' id='par_1_10' title="bbox 337 3983 2587 4535">
     <span class='ocr_line' id='line_1_38' title="bbox 485 3983 2580 4053; baseline 0.002 -15"><span class='ocrx_word' id='word_1_272' title='bbox 485 3989 501 4019; x_wconf 86' lang='lat'>¹</span> <span class='ocrx_word' id='word_1_273' title='bbox 537 3986 759 4038; x_wconf 87' lang='lat' dir='ltr'><strong>Proteus</strong></span> <span class='ocrx_word' id='word_1_274' title='bbox 796 3985 842 4038; x_wconf 90' lang='lat' dir='ltr'><strong>d.</strong></span> <span class='ocrx_word' id='word_1_275' title='bbox 880 3984 914 4036; x_wconf 91' lang='lat' dir='ltr'><strong>i.</strong></span> <span class='ocrx_word' id='word_1_276' title='bbox 953 3984 1168 4037; x_wconf 85' lang='lat' dir='ltr'><strong>Tilonin.</strong></span> <span class='ocrx_word' id='word_1_277' title='bbox 1205 3983 1257 4037; x_wconf 88' lang='lat' dir='ltr'><strong>S.</strong></span> <span class='ocrx_word' id='word_1_278' title='bbox 1296 3985 1395 4038; x_wconf 85' lang='lat'><strong>323</strong></span> <span class='ocrx_word' id='word_1_279' title='bbox 1431 3988 1491 4037; x_wconf 93' lang='lat' dir='ltr'><strong>A.</strong></span> <span class='ocrx_word' id='word_1_280' title='bbox 1529 3987 1577 4038; x_wconf 86' lang='grc'><strong>5.</strong></span> <span class='ocrx_word' id='word_1_281' title='bbox 1718 3985 1737 4017; x_wconf 71' lang='lat'>²</span> <span class='ocrx_word' id='word_1_282' title='bbox 1766 3984 1929 4039; x_wconf 89' lang='lat' dir='ltr'><strong>Jacob</strong></span> <span class='ocrx_word' id='word_1_283' title='bbox 1975 3984 2183 4053; x_wconf 83' lang='lat' dir='ltr'><strong>Spiegel</strong></span> <span class='ocrx_word' id='word_1_284' title='bbox 2224 4002 2319 4041; x_wconf 88' lang='lat' dir='ltr'><strong>aus</strong></span> <span class='ocrx_word' id='word_1_285' title='bbox 2354 3987 2580 4043; x_wconf 84' lang='lat' dir='ltr'><strong>Schlett-</strong></span> 
     </span>
     <span class='ocr_line' id='line_1_39' title="bbox 341 4052 2580 4123; baseline 0 -14"><span class='ocrx_word' id='word_1_286' title='bbox 341 4056 482 4109; x_wconf 76' lang='lat' dir='ltr'><strong>stadt</strong></span> <span class='ocrx_word' id='word_1_287' title='bbox 536 4054 859 4123; x_wconf 84' lang='lat' dir='ltr'><strong>(Selestanus</strong></span> <span class='ocrx_word' id='word_1_288' title='bbox 908 4056 970 4107; x_wconf 89' lang='lat' dir='ltr'><strong>st.</strong></span> <span class='ocrx_word' id='word_1_289' title='bbox 1009 4052 1394 4120; x_wconf 84' lang='lat' dir='ltr'><strong>Selestadanus)</strong></span> <span class='ocrx_word' id='word_1_290' title='bbox 1445 4053 1545 4120; x_wconf 83' lang='lat' dir='ltr'><strong>gab</strong></span> <span class='ocrx_word' id='word_1_291' title='bbox 1594 4052 1747 4105; x_wconf 84' lang='lat' dir='ltr'><strong>einen</strong></span> <span class='ocrx_word' id='word_1_292' title='bbox 1803 4053 2147 4107; x_wconf 85' lang='lat' dir='ltr'><strong>Kommentar</strong></span> <span class='ocrx_word' id='word_1_293' title='bbox 2194 4073 2261 4108; x_wconf 88' lang='lat' dir='ltr'><strong>zu</strong></span> <span class='ocrx_word' id='word_1_294' title='bbox 2293 4056 2580 4110; x_wconf 87' lang='lat' dir='ltr'><strong>Reuchlins</strong></span> 
     </span>
     <span class='ocr_line' id='line_1_40' title="bbox 340 4122 2579 4190; baseline 0.001 -13"><span class='ocrx_word' id='word_1_295' title='bbox 340 4124 560 4178; x_wconf 88' lang='lat' dir='ltr'><strong>Scenica</strong></span> <span class='ocrx_word' id='word_1_296' title='bbox 594 4124 1053 4190; x_wconf 79' lang='lat' dir='ltr'><strong>progymnasmata</strong></span> <span class='ocrx_word' id='word_1_297' title='bbox 1085 4122 1210 4174; x_wconf 74' lang='lat' dir='ltr'><strong>Tiib.</strong></span> <span class='ocrx_word' id='word_1_298' title='bbox 1251 4122 1382 4175; x_wconf 84' lang='lat'>1512</span> <span class='ocrx_word' id='word_1_299' title='bbox 1421 4123 1623 4175; x_wconf 88' lang='lat' dir='ltr'><strong>heraus.</strong></span> <span class='ocrx_word' id='word_1_300' title='bbox 1697 4126 1821 4175; x_wconf 88' lang='lat' dir='ltr'><strong>Asc</strong></span> <span class='ocrx_word' id='word_1_301' title='bbox 1839 4124 1921 4176; x_wconf 87' lang='lat' dir='ltr'><strong>hb</strong></span> <span class='ocrx_word' id='word_1_302' title='bbox 1938 4124 2074 4188; x_wconf 89' lang='lat' dir='ltr'><strong>ach,</strong></span> <span class='ocrx_word' id='word_1_303' title='bbox 2125 4123 2369 4178; x_wconf 74' lang='lat' dir='ltr'><strong>Univers.</strong></span> <span class='ocrx_word' id='word_1_304' title='bbox 2405 4126 2579 4180; x_wconf 88' lang='lat' dir='ltr'><strong>Wien.</strong></span> 
     </span>
     <span class='ocr_line' id='line_1_41' title="bbox 337 4190 2578 4259; baseline -0 -11"><span class='ocrx_word' id='word_1_305' title='bbox 337 4194 406 4256; x_wconf 84' lang='grc' dir='ltr'><strong>Π,</strong></span> <span class='ocrx_word' id='word_1_306' title='bbox 445 4194 560 4247; x_wconf 85' lang='grc'>360.</span> <span class='ocrx_word' id='word_1_307' title='bbox 617 4192 734 4259; x_wconf 86' lang='lat' dir='ltr'><strong>Vgl.</strong></span> <span class='ocrx_word' id='word_1_308' title='bbox 772 4192 871 4243; x_wconf 90' lang='lat' dir='ltr'><strong>den</strong></span> <span class='ocrx_word' id='word_1_309' title='bbox 908 4207 1017 4244; x_wconf 86' lang='lat' dir='ltr'><strong>vor.</strong></span> <span class='ocrx_word' id='word_1_310' title='bbox 1054 4191 1138 4243; x_wconf 91' lang='lat' dir='ltr'><strong>Br.</strong></span> <span class='ocrx_word' id='word_1_311' title='bbox 1177 4207 1279 4243; x_wconf 88' lang='lat' dir='ltr'><strong>von</strong></span> <span class='ocrx_word' id='word_1_312' title='bbox 1315 4190 1575 4259; x_wconf 86' lang='lat' dir='ltr'><strong>gleichem</strong></span> <span class='ocrx_word' id='word_1_313' title='bbox 1618 4191 1815 4243; x_wconf 89' lang='lat' dir='ltr'><strong>Datum</strong></span> <span class='ocrx_word' id='word_1_314' title='bbox 1850 4208 1917 4245; x_wconf 84' lang='lat' dir='ltr'><strong>an</strong></span> <span class='ocrx_word' id='word_1_315' title='bbox 1954 4192 2148 4245; x_wconf 88' lang='lat' dir='ltr'><strong>Urban.</strong></span> <span class='ocrx_word' id='word_1_316' title='bbox 2292 4196 2312 4225; x_wconf 81' lang='lat'>³</span> <span class='ocrx_word' id='word_1_317' title='bbox 2347 4195 2403 4247; x_wconf 90' lang='lat' dir='ltr'><strong>G.</strong></span> <span class='ocrx_word' id='word_1_318' title='bbox 2441 4194 2578 4247; x_wconf 87' lang='lat' dir='ltr'><strong>Sim-</strong></span> 
     </span>
     <span class='ocr_line' id='line_1_42' title="bbox 337 4258 2578 4326; baseline 0 -11"><span class='ocrx_word' id='word_1_319' title='bbox 337 4263 442 4315; x_wconf 88' lang='lat' dir='ltr'><strong>lers</strong></span> <span class='ocrx_word' id='word_1_320' title='bbox 475 4262 819 4314; x_wconf 86' lang='lat' dir='ltr'><strong>Kommentar</strong></span> <span class='ocrx_word' id='word_1_321' title='bbox 854 4277 920 4311; x_wconf 90' lang='lat' dir='ltr'><strong>zu</strong></span> <span class='ocrx_word' id='word_1_322' title='bbox 954 4258 1240 4311; x_wconf 84' lang='lat' dir='ltr'><strong>Reuchlins</strong></span> <span class='ocrx_word' id='word_1_323' title='bbox 1273 4260 1529 4312; x_wconf 74' lang='lat' dir='ltr'><strong>Komodie</strong></span> <span class='ocrx_word' id='word_1_324' title='bbox 1567 4259 1791 4326; x_wconf 70' lang='lat' dir='ltr'><strong>Sergius</strong></span> <span class='ocrx_word' id='word_1_325' title='bbox 1828 4260 2016 4313; x_wconf 82' lang='lat' dir='ltr'><strong>Phorc.</strong></span> <span class='ocrx_word' id='word_1_326' title='bbox 2055 4262 2206 4315; x_wconf 86' lang='lat'><strong>1507.</strong></span> <span class='ocrx_word' id='word_1_327' title='bbox 2349 4264 2368 4294; x_wconf 72' lang='lat'>4</span> <span class='ocrx_word' id='word_1_328' title='bbox 2401 4262 2578 4316; x_wconf 88' lang='lat' dir='ltr'><strong>Heinr.</strong></span> 
     </span>
     <span class='ocr_line' id='line_1_43' title="bbox 337 4327 2587 4399; baseline -0.001 -14"><span class='ocrx_word' id='word_1_329' title='bbox 337 4330 501 4385; x_wconf 82' lang='lat' dir='ltr'><strong>Loriti</strong></span> <span class='ocrx_word' id='word_1_330' title='bbox 539 4330 839 4393; x_wconf 83' lang='lat' dir='ltr'><strong>Glareanus,</strong></span> <span class='ocrx_word' id='word_1_331' title='bbox 892 4329 984 4381; x_wconf 82' lang='lat' dir='ltr'><strong>der</strong></span> <span class='ocrx_word' id='word_1_332' title='bbox 1021 4328 1152 4381; x_wconf 90' lang='grc'>1512</span> <span class='ocrx_word' id='word_1_333' title='bbox 1208 4344 1310 4381; x_wconf 88' lang='lat' dir='ltr'><strong>von</strong></span> <span class='ocrx_word' id='word_1_334' title='bbox 1344 4327 1531 4381; x_wconf 86' lang='lat' dir='ltr'><strong>Kaiser</strong></span> <span class='ocrx_word' id='word_1_335' title='bbox 1584 4328 1915 4382; x_wconf 63' lang='lat' dir='ltr'><strong>Maximillam</strong></span> <span class='ocrx_word' id='word_1_336' title='bbox 1959 4346 2079 4381; x_wconf 88' lang='lat' dir='ltr'><strong>zum</strong></span> <span class='ocrx_word' id='word_1_337' title='bbox 2120 4330 2338 4383; x_wconf 87' lang='lat' dir='ltr'><strong>Dichter</strong></span> <span class='ocrx_word' id='word_1_338' title='bbox 2372 4332 2587 4399; x_wconf 75' lang='lat' dir='ltr'><strong>gekront</strong></span> 
     </span>
     <span class='ocr_line' id='line_1_44' title="bbox 340 4397 2583 4467; baseline 0 -16"><span class='ocrx_word' id='word_1_339' title='bbox 340 4400 499 4453; x_wconf 83' lang='lat' dir='ltr'><strong>ward.</strong></span> <span class='ocrx_word' id='word_1_340' title='bbox 561 4398 714 4452; x_wconf 81' lang='lat' dir='ltr'><strong>Scine</strong></span> <span class='ocrx_word' id='word_1_341' title='bbox 751 4397 1026 4451; x_wconf 83' lang='lat' dir='ltr'><strong>Helvetiae</strong></span> <span class='ocrx_word' id='word_1_342' title='bbox 1062 4397 1340 4465; x_wconf 86' lang='lat' dir='ltr'><strong>descriptio</strong></span> <span class='ocrx_word' id='word_1_343' title='bbox 1377 4397 1619 4451; x_wconf 86' lang='lat' dir='ltr'><strong>erschien</strong></span> <span class='ocrx_word' id='word_1_344' title='bbox 1654 4401 1761 4451; x_wconf 82' lang='lat' dir='ltr'><strong>erst</strong></span> <span class='ocrx_word' id='word_1_345' title='bbox 1793 4397 1947 4451; x_wconf 85' lang='lat' dir='ltr'><strong>Basel</strong></span> <span class='ocrx_word' id='word_1_346' title='bbox 1982 4399 2127 4451; x_wconf 83' lang='lat'><strong>1514.</strong></span> <span class='ocrx_word' id='word_1_347' title='bbox 2199 4398 2583 4467; x_wconf 41' lang='lat' dir='ltr'><strong>Schrei‘ber,</strong></span> 
     </span>
     <span class='ocr_line' id='line_1_45' title="bbox 337 4466 2027 4535; baseline 0 -13"><span class='ocrx_word' id='word_1_348' title='bbox 337 4468 406 4525; x_wconf 93' lang='lat' dir='ltr'><strong>H.</strong></span> <span class='ocrx_word' id='word_1_349' title='bbox 441 4468 561 4521; x_wconf 89' lang='lat' dir='ltr'><strong>Lor.</strong></span> <span class='ocrx_word' id='word_1_350' title='bbox 600 4466 741 4521; x_wconf 84' lang='lat' dir='ltr'><strong>Glar.</strong></span> <span class='ocrx_word' id='word_1_351' title='bbox 777 4466 1023 4535; x_wconf 86' lang='lat' dir='ltr'><strong>Freiberg</strong></span> <span class='ocrx_word' id='word_1_352' title='bbox 1059 4466 1205 4522; x_wconf 83' lang='lat'><strong>1837.</strong></span> <span class='ocrx_word' id='word_1_353' title='bbox 1311 4468 1333 4499; x_wconf 82' lang='lat'>⁵</span> <span class='ocrx_word' id='word_1_354' title='bbox 1365 4466 1617 4535; x_wconf 78' lang='lat' dir='ltr'><strong>Pyrrhus.</strong></span> <span class='ocrx_word' id='word_1_355' title='bbox 1656 4466 1707 4520; x_wconf 87' lang='lat' dir='ltr'><strong>S.</strong></span> <span class='ocrx_word' id='word_1_356' title='bbox 1746 4466 1847 4521; x_wconf 88' lang='grc'><strong>210</strong></span> <span class='ocrx_word' id='word_1_357' title='bbox 1880 4469 1941 4521; x_wconf 87' lang='lat' dir='ltr'><strong>A.</strong></span> <span class='ocrx_word' id='word_1_358' title='bbox 1982 4469 2027 4522; x_wconf 93' lang='grc'><strong>1.</strong></span> 
     </span>
    </p>
   </div>
  </div>
 </body>
</html>
