3084 4895
404 394 532 463 538
1233 394 1410 451 Brinta
1447 394 1540 451 dos
1576 394 1625 451 J.
1667 395 1815 451 1515.

407 566 705 649 ejusdem.
798 566 968 648 Ego:
1037 566 1348 649 „Tantum
1393 566 1552 631 mihi
1597 566 1878 650 polliceri
1940 571 2186 633 vestrae
2247 567 2675 631 humanitatis

411 656 526 715 est.
615 651 786 715 Bene
831 654 1028 717 sentit
1071 656 1282 715 vestra
1328 653 1586 719 caritas.
1675 652 1889 717 Sbruli
1936 654 2040 726 mi,
2092 658 2297 717 totum
2346 676 2443 717 me
2491 651 2676 715 vobis

412 737 634 803 dedico
681 744 985 818 perpetuo
1028 734 1547 818 obsequentem.“
1647 736 1913 803 Talibus
1969 738 2303 804 blanditiis
2361 760 2475 821 par
2533 736 2672 817 pati

411 821 619 899 retuli,
667 827 731 885 et
775 830 1084 903 quantum
1119 823 1224 888 ille
1267 842 1368 887 me
1413 822 1728 904 depressit
1760 824 2082 905 (deprimit
2112 825 2302 897 enim,
2336 825 2445 905 qui
2480 821 2673 904 palpo

409 908 730 991 percutit),
773 913 1027 995 tantum
1071 930 1192 990 ego
1237 928 1617 989 magnorum
1660 908 1991 973 verborum
2038 909 2436 987 remetiebar‚
2497 907 2675 970 nulla

407 993 660 1074 quidem
729 994 794 1057 in
870 999 1047 1076 parte
1113 992 1445 1059 Gnathoni
1510 991 1790 1057 inferior.
1882 993 2009 1059 Sed
2076 995 2252 1059 vides
2318 1016 2417 1057 me
2483 992 2675 1073 longe

412 1078 762 1143 modestius
809 1084 876 1143 et
918 1080 1168 1144 civilius
1214 1079 1410 1143 fuisse
1453 1078 1760 1160 locutum,
1792 1081 1848 1145 si
1878 1081 2063 1145 civile
2102 1084 2201 1143 est
2244 1081 2337 1144 uti
2387 1077 2674 1143 moribus

409 1163 854 1246 praesentibus
901 1169 965 1228 et
1009 1165 1218 1229 verbis
1265 1168 1338 1227 ut
1383 1164 1476 1227 ita
1520 1163 1725 1227 dicam
1776 1166 2107 1230 vestriciis.
2202 1164 2456 1230 Obtulit
2514 1161 2673 1227 mihi

409 1248 734 1313 versatiles
767 1272 986 1314 versus
1032 1254 1096 1315 et
1142 1251 1328 1331 plane
1358 1248 1643 1313 lubricae
1674 1250 2107 1315 rotunditatis.
2184 1250 2340 1313 Erat
2371 1251 2433 1313 in
2467 1247 2675 1330 prima

405 1334 649 1399 fronte:
705 1334 1055 1417 „Conspice
1100 1356 1340 1417 quaeso
1383 1339 1569 1398 tuum
1633 1336 1955 1399 constanti
2018 1336 2261 1401 lumine
2324 1334 2670 1407 Christum,

405 1420 786 1499 Quicunque
815 1431 844 1460 ¹⁵
913 1444 997 1496 es,
1067 1421 1394 1485 dominum
1468 1420 1765 1503 conspice
1838 1442 2078 1503 quaeso
2150 1418 2392 1485 tuum.“
2512 1416 2669 1481 Ohe.

410 1503 760 1587 „Conspice
831 1526 1070 1586 quaeso
1134 1502 1380 1581 tuum“‚
1431 1507 1494 1567 et
1539 1504 1604 1569 in
1652 1506 1823 1571 calce
1890 1506 2412 1588 quaternionum:
2490 1502 2674 1584 „Vita

404 1611 626 1655 serena
663 1591 850 1672 juvat
911 1599 1113 1656 terrae
1181 1590 1470 1657 studiosa
1527 1590 1781 1671 polique
1844 1591 2160 1673 Auspiciis
2224 1590 2491 1665 dextris,
2540 1588 2672 1653 vita

409 1696 632 1741 serena
687 1676 930 1757 juvat.“
1024 1677 1196 1743 Haec
1261 1678 1415 1741 sunt
1479 1674 1717 1740 infirmi
1760 1696 1835 1740 ac
1880 1676 2093 1759 pusilli
2161 1676 2403 1757 ingenii
2471 1674 2673 1738 velut-i

409 1762 722 1843 quaedam
784 1761 1068 1829 subsidia
1129 1784 1334 1845 neque
1379 1760 1506 1825 vim
1555 1759 1727 1825 illam
1788 1760 2062 1827 habent:
2132 1760 2512 1844 „Rumpitur
2572 1758 2672 1821 in-

415 1846 606 1924 vidia,
653 1846 825 1927 quod
869 1850 1058 1915 turba
1103 1868 1346 1929 semper
1391 1846 1458 1909 in
1505 1846 1678 1911 omni
1724 1845 2153 1913 Monstramur
2212 1847 2437 1930 digitn,
2502 1864 2671 1909 rum·

409 1932 584 2013 pitur
629 1931 959 1996 invidia.“¹
1051 1932 1183 1997 Nos
1227 1934 1322 1999 ita
1363 1930 1660 2001 lusimus:

611 2016 876 2100 Suspice
919 2019 1339 2101 sanguineum
1385 2016 1833 2102 terebrataque
1872 2020 2163 2100 tempora
2204 2038 2418 2101 regem

702 2107 767 2169 et
811 2104 946 2171 cole
991 2106 1221 2171 devota
1265 2107 1478 2253 mentia
1522 2103 1751 2171 salutis
1794 2124 1977 2186 opus.

1466 2192 1627 2253 tem:

609 2275 799 2340 Nulla
846 2276 1052 2347 crucis
1097 2296 1299 2354 servo,
1345 2275 1603 2345 domino
1647 2275 1734 2341 sit
1778 2272 1981 2357 gloria
2026 2276 2300 2351 tantum,

696 2383 844 2425 nam
891 2384 1074 2427 cruce
1120 2383 1288 2426 mors
1333 2363 1504 2509 victa
1550 2363 1648 2424 est
1693 2364 1757 2427 et
1802 2382 1985 2426 cruce
2032 2363 2216 2441 parta
2262 2359 2453 2425 salus,

1467 2451 1625 2511 tem:

610 2532 810 2617 Signa
854 2533 1164 2598 salutiferi
1211 2533 1390 2597 ducis
1437 2532 1595 2595 haec
1640 2553 1794 2615 rogo
1842 2532 2093 2613 suspice
2140 2530 2346 2608 miles,

706 2620 910 2704 signa,
957 2618 1193 2702 quibus
1239 2619 1465 2766 vitiuui
1512 2616 1760 2682 tollitur
1806 2638 1993 2682 omne
2036 2616 2273 2699 procul.

1467 2706 1626 2766 tem:

617 2790 820 2873 Ligna
865 2789 1270 2873 triumphalis
1313 2789 1462 2854 fidei
1507 2788 1805 2870 vitaeque
1850 2786 2103 2851 futurae

703 2875 1072 2958 Subsequor
1118 2879 1192 2939 ut
1228 2874 1407 2958 justi·
1437 2875 1701 2956 mystica
1747 2875 1931 2955 signa
1976 2873 2173 2937 ducis.

616 2963 785 3027 Haec
846 2961 1073 3039 obiter,
1119 2961 1229 3024 sed
1275 2983 1355 3024 ex
1400 2959 1651 3023 intimis
1708 2957 2071 3040 theologiae
2128 2955 2405 3022 secretis.
2500 2954 2669 3032 Quin

411 3053 476 3112 et
521 3047 976 3130 posterioribus
1022 3045 1350 3110 versiculis
1393 3045 1677 3111 illudam.
1726 3043 2001 3126 sumptis
2046 3066 2125 3106 ex
2168 3063 2401 3106 arcana
2456 3039 2667 3123 philo-

411 3133 638 3217 sophia
681 3133 960 3197 visendis
1004 3131 1486 3212 ediscendisque
1530 3129 1896 3192 sententiis:

581 3219 808 3284 lnfima
853 3240 994 3281 cum
1041 3217 1283 3298 superis
1329 3216 1538 3280 media
1583 3215 1819 3280 virtute
1856 3213 2194 3295 jugantu13

665 3303 822 3370 utile
867 3303 961 3366 sic
1006 3301 1269 3385 pulchro
1314 3300 1711 3448 conslseruisse
1751 3299 1953 3382 juvat.

1471 3389 1629 3448 tem:
2254 3441 2259 3444 .

585 3473 775 3540 Terra
820 3472 1078 3556 quidem
1123 3492 1371 3553 corpus,
1419 3490 1665 3534 summo
1710 3471 1890 3533 tenet
1933 3466 2189 3532 aethere
2235 3470 2515 3530 ment-em

672 3559 958 3642 Jupiter3
1003 3558 1187 3636 hanc,
1235 3557 1413 3634 illud,
1443 3556 1569 3702 Iqui
1614 3554 1804 3638 sapit,
1850 3552 1959 3616 ille
2003 3551 2173 3616 colit.

1473 3645 1631 3704 tem:

582 3728 704 3806 Qui
751 3729 940 3793 nimis
984 3727 1281 3810 indulget
1324 3726 1518 3803 coele,
1568 3724 2161 3806 possessio-terrae·

667 3815 840 3879 hunc
883 3813 1050 3895 fugit
1094 3819 1158 3877 et
1203 3812 1418 3876 stultis
1448 3810 1722 3958 1stultior
1768 3812 1935 3872 errat
1977 3807 2170 3870 humi.

1477 3900 1634 3960 tem:

590 3984 658 4048 Si
707 3985 896 4047 nimis
941 3983 1231 4064 indulges
1278 3985 1498 4053 terrae,
1547 3978 1861 4062 possessio
1910 3976 2066 4038 coeli

674 4070 948 4150 diffugit,
993 4070 1058 4132 in
1107 4071 1333 4130 neutra
1378 4071 1556 4148 parte
1602 4065 1887 4143 relinque
1930 4062 2158 4124 locum.

554 4338 582 4434 ἶ
609 4322 950 4458 ffirlstcilffsix’
985 4386 1069 4456 98,
1106 4387 1139 4440 2
1173 4403 1252 4456 sq.
