3084 4895
1258 375 1467 430 Mutian
1504 391 1572 429 an
1610 373 1808 431 Urban.
2530 381 2654 446 103

402 551 639 616 frustra
703 574 899 616 essem
970 550 1313 626 officiosuS,
1369 552 1505 612 tum
1556 549 1805 612 demum
1869 550 2172 631 cogitavi:
2242 550 2415 615 Nihil
2481 553 2650 617 aliud

401 639 633 719 agitur,
681 660 870 720 quam
920 641 992 700 ut
1035 637 1274 699 Morius
1321 657 1461 698 cum
1508 635 1693 698 Lotio
1725 656 1839 699 suo
1873 637 2086 699 veniat
2117 636 2196 700 ad
2233 637 2471 701 Saliare
2501 660 2652 702 con-

403 725 662 788 vivium.
737 723 908 788 Satis
941 723 1184 787 faciunt
1216 721 1545 803 ingeniosi=
1565 727 1793 820 patres,
1827 723 1994 803 quod
2029 722 2093 784 in
2129 722 2398 787 Mutiani
2443 723 2646 789 locum

398 810 669 874 Morium
720 810 1085 891 subrogant.
1161 810 1257 873 Ita
1289 809 1453 871 enim
1486 808 1616 882 fiet,
1650 809 1768 870 ut
1752 830 1889 890 ipse
1920 810 2218 891 conqueri
2257 831 2381 873 non
2416 813 2649 893 possim

400 919 500 960 me
530 919 667 970 esse
700 898 1128 979 praeteritum.
1221 895 1320 957 Me
1358 899 1570 957 tamen
1617 916 1740 957 non
1789 895 2071 975 poenitet
2118 895 2408 972 defuisse,
2455 918 2650 978 quum

406 1004 568 1065 „non
618 983 919 1064 loquendi
967 986 1235 1063 tempuS,
1284 1002 1407 1044 non
1454 981 1709 1043 tacendi
1755 980 2150 1067 modestiam,
2210 1003 2335 1045 non
2383 947 2652 1066 denique

399 1068 660 1132 sedendi
688 1069 1065 1150 dignitatem
1094 1067 1474 1132 custoditam
1507 1065 1678 1129 esse“
1696 1057 2016 1130 'constet
2065 1066 2267 1131 Taceo
2295 1070 2645 1144 indecoram

402 1155 866 1231 confusionem,
912 1155 1157 1217 foedam
1194 1154 1583 1229 ebrietatem,
1621 1174 1820 1216 mores
1855 1155 2172 1234 pecuinos.
2245 1155 2468 1218 Allecti
2501 1160 2650 1219 sunt

398 1242 701 1324 epulones
750 1242 997 1322 impuri,
1054 1263 1213 1323 quos
1271 1239 1742 1322 proterminare,
1802 1239 2057 1303 invitati
2114 1245 2264 1303 sunt
2323 1263 2651 1323 compran-

397 1349 570 1391 sores
613 1328 834 1409 inepti,
878 1349 1035 1409 quos
1078 1327 1427 1408 ‹xplodere,
1476 1327 1722 1389 advecti
1765 1331 1916 1390 sunt
1959 1325 2366 1390 combibones
2408 1327 2648 1406 nefarii,

398 1435 559 1495 quos
604 1415 991 1500 proscribere
1040 1411 1383 1477 monachus
1430 1418 1622 1494 atque
1667 1414 1926 1476 omnino
1987 1414 2259 1476 aversari
2319 1414 2648 1478 detestari-

400 1523 524 1583 que
592 1493 838 1564 debeat.
930 1499 1089 1576 Quid
1161 1521 1447 1562 accusem
1517 1499 1746 1576 nescio,
1807 1523 1885 1562 an
1943 1499 2284 1562 Fortunam
2342 1522 2423 1562 an
2470 1500 2647 1563 deam

396 1585 865 1668 Impudentiam
900 1609 980 1649 an
1014 1586 1200 1668 hujus
1235 1584 1469 1648 saeculi
1502 1607 1706 1649 mores
1741 1607 1964 1662 morOS,
1999 1593 2072 1649 ut
2102 1587 2312 1668 inquit
2336 1583 2648 1664 PlautuS,²

397 1672 461 1736 h.
499 1696 547 1736 e.
584 1672 819 1738 stultos
855 1678 919 1736 et
950 1672 1179 1736 fatuos,
1273 1670 1505 1733 Vellem
1555 1671 1903 1735 abstineret
1949 1677 2126 1754 pater
2157 1672 2237 1734 ab
2270 1672 2378 1734 illa
2411 1672 2650 1753 polluta

400 1759 799 1840 contagione.
894 1757 1019 1822 Sed
1052 1758 1307 1822 fortuna
1353 1756 1551 1820 trahit
1597 1757 1658 1820 id
1703 1778 1902 1837 genus
1951 1758 2234 1821 homines
2278 1759 2344 1821 in
2393 1758 2648 1833 Vallem,

398 1846 464 1907 in
514 1845 729 1908 villam
774 1841 1173 1908 Vulcaniam³
1218 1845 1279 1906 in
1328 1843 1664 1925 perniciem
1701 1843 2027 1922 bonorum,
2055 1845 2240 1924 juxta
2274 1843 2647 1908 catholicam

400 1932 571 1995 illam
623 1930 1255 2029 vulgatissimamque
1299 1930 1712 1992 sententiam:
1745 1941 1772 1970 ὃ
1819 1930 1970 1993 nihil
2006 1952 2369 2013 prosperum
2415 1935 2649 1995 morta-

403 2017 572 2080 libus
641 2017 968 2098 provenire
1014 2021 1226 2099 potest
1271 2016 1473 2079 invita
1520 2022 1584 2080 et
1629 2015 2003 2080 adversante
2062 2017 2332 2081 fortuna.
2425 2015 2648 2081 Consi-

399 2103 547 2167 mile
594 2109 694 2166 est
740 2103 896 2166 illud
945 2103 1568 2167 memoratissimum:
1623 2103 1793 2200 „Heu
1847 2103 1999 2167 nihil
2045 2103 2262 2166 invitis
2305 2103 2399 2166 fas
2431 2125 2648 2185 quem-

400 2191 629 2273 quamb
667 2191 855 2254 fidere
892 2190 1069 2254 divis.
1082 2187 1143 2220 “⁴
1205 2189 1373 2252 Haec
1402 2178 1559 2274 κακή
1590 2153 1746 2274 τύχη
1792 2194 1855 2254 et
1899 2184 2243 2274 εἱμαρμένη
2288 2191 2326 2254 1.
2363 2213 2412 2253 e.
2449 2189 2646 2254 fatum

403 2282 467 2340 et
513 2278 856 2341 necessitas
900 2276 1022 2339 sibi
1067 2277 1333 2339 invicem
1394 2276 1720 2339 individuo
1782 2298 2068 2340 connexa
2123 2277 2368 2358 glutino
2429 2275 2646 2340 devin-

404 2369 557 2427 cunt
602 2364 875 2446 prudens
918 2363 1274 2438 consilium,
1320 2383 1515 2443 sagax
1566 2363 1924 2439 remedium,
1966 2362 2206 2445 justum
2255 2363 2644 2427 institutum.

408 2450 604 2532 „Fa-ta
650 2456 878 2532 regunt
921 2450 1159 2526 orbem,
1207 2453 1379 2513 certa
1424 2454 1603 2513 stant
1646 2452 1857 2513 omnia
1903 2447 2132 2531 lege.“⁸
2220 2449 2300 2514 Et
2334 2456 2522 2514 notus
2553 2453 2651 2513 est

402 2536 509 2600 ille
554 2536 881 2600 Cleanthis
909 2548 934 2577 ‘⁵
985 2537 1347 2613 νει-3101111151,
1395 2556 1581 2617 quem
1630 2535 1868 2599 Seneca
1905 2537 2170 2599 latinum
2217 2537 2368 2600 fecit
2411 2538 2474 2600 in
2521 2540 2650 2601 tra-

399 2624 644 2703 goedia,
694 2623 795 2686 cui
841 2624 1068 2687 titulus
1114 2627 1210 2685 est
1256 2622 1554 2685 Hercules
1616 2623 1910 2686 insanus:
1981 2623 2275 2704 „Ducunt
2335 2624 2646 2687 volentem

401 2710 553 2786 fata,
602 2705 919 2773 nolentem
969 2706 1325 2783 trahunt“,‘3
1370 2714 1434 2771 et
1479 2709 1813 2790 scriptores
1855 2710 2222 2789 agminatim
2258 2710 2644 2773 exclamant:

408 2796 655 2877 „Vitam
703 2800 866 2876 regit
908 2795 1182 2873 fortuna,
1234 2816 1355 2857 non
1406 2794 1807 2876 sapientia.“⁷
1895 2796 2040 2860 Ideo
2089 2796 2304 2859 Cicero
2338 2800 2551 2859 noster
2583 2798 2645 2878 ip

401 2883 671 2964 epistola
724 2883 1061 2945 scitissime
1108 2882 1446 2944 exclamat:
1521 2881 1693 2960 „Hoc
1754 2888 2033 2963 tempore
2078 2882 2342 2946 audacia
2389 2903 2498 2965 pro
2547 2905 2648 2946 sa-

398 2970 641 3052 pientia
685 2968 833 3032 licet
883 2966 1066 3032 uti.“⁸
1160 2968 1327 3031 Haec
1373 2966 1586 3030 fatalis
1646 2968 1974 3049 dispositio
2020 2970 2210 3033 moris
2256 2968 2442 3031 favet.
2536 2968 2647 3031 Ni-

400 3056 626 3118 mirum
674 3055 933 3118 morbus
980 3076 1183 3118 mores
1230 3054 1482 3117 i'nvasit.
1576 3052 1723 3116 Mali
1771 3055 1953 3135 quasi
1999 3055 2194 3118 herba
2240 3054 2474 3136 irrigua
2503 3076 2646 3119 suc-

399 3147 730 3205 creverunt
777 3141 1104 3204 uberrime.
1195 3139 1485 3203 Illiterati
1530 3140 1904 3218 sacerdoteS,
1952 3142 2059 3222 qui
2109 3143 2216 3203 vix
2267 3140 2648 3222 primoribus

399 3228 592 3291 labris
638 3233 1055 3306 gustaverunt
1102 3226 1315 3289 literas
1361 3226 1816 3302 elementarias,
1851 3229 1980 3290 tam
2015 3222 2302 3301 barbare,
2332 3233 2461 3290 tam
2497 3249 2646 3290 con-

399 3315 537 3377 fuse
596 3317 1012 3394 corrupteque
1073 3317 1291 3375 sancta
1352 3312 1544 3374 verba
1609 3314 2098 3393 pronuntiant,‘³
2145 3318 2216 3375 ut
2258 3312 2646 3376 ineluibilem

399 3400 713 3463 maculam
762 3399 1127 3463 christianis
1163 3398 1518 3462 cerimoniis
1552 3405 1906 3480 aspergant.
1985 3400 2108 3463 Sed
2143 3405 2356 3463 essent
2387 3399 2644 3476 ferendi,

399 3488 454 3551 si
498 3492 748 3549 tantum
818 3487 1037 3567 lingua
1104 3489 1439 3565 peccarent
1484 3487 1548 3547 et
1595 3505 1718 3547 non
1767 3489 1976 3548 essent
2041 3486 2334 3549 omnibus
2403 3485 2645 3565 probris

400 3573 820 3636 contaminati
854 3575 917 3634 et
949 3572 1159 3634 animo
1194 3592 1320 3633 non
1358 3571 1565 3633 minus
1598 3592 1784 3652 quam
1833 3593 1936 3634 ore
1983 3571 2322 3654 depravati.
2403 3569 2646 3647 Quibus

402 3659 613 3721 nullus
662 3659 758 3721 dei
806 3661 1011 3722 metus
1043 3664 1161 3733 est,
1199 3657 1352 3718 nihil
1386 3658 1640 3737 penitus
1672 3657 2030 3737 religiosum
2068 3661 2310 3740 praeter
2358 3657 2642 3720 habitum

400 3745 870 3808 sacerdotalem.
919 3744 1062 3807 Non
1095 3742 1258 3806 enim
1297 3742 1709 3815 Salvatorem,
1745 3765 1870 3807 non
1908 3745 2226 3820 virtutem,
2276 3765 2399 3806 non
2451 3744 2644 3807 vitam

401 3832 795 3913 dispositam,
864 3830 1176 3912 pudicam,
1235 3828 1663 3912 tranquillam,
1725 3831 1832 3893 sed
1887 3831 2191 3894 subantes
2235 3832 2298 3893 in
2347 3830 2646 3893 Venerem

403 3922 681 3981 ventrem
718 3917 935 3980 colunt
965 3921 1026 3980 et
1060 3938 1221 3998 quae
1253 3916 1370 3978 sub
1402 3921 1620 3978 ventre
1652 3921 1820 3994 sunt,
1857 3938 2099 3999 semper
2143 3917 2358 3995 rixosi,
2406 3938 2647 3999 semper

536 4083 563 4109 a
592 4069 640 4120 ci
677 4074 740 4121 st.
778 4031 833 4122 ti
974 4072 1003 4108 b
1031 4082 1342 4134 quenquam.
1485 4082 1508 4107 0
1538 4066 1784 4121 CleantiS.

544 4141 559 4169 ¹
596 4138 729 4190 Plin.
768 4138 862 4205 Ep.
899 4138 993 4198 III,
1030 4137 1119 4188 ²0:
1156 4136 1298 4188 »Non
1334 4139 1544 4201 tempus
1580 4136 1842 4203 loquendi,
1867 4152 1968 4188 non
1993 4136 2197 4189 tacendi
2237 4135 2506 4201 modestia,
2545 4152 2645 4189 non

402 4206 627 4275 denique
682 4206 897 4259 sedendi
952 4177 1175 4271 dignitas
1230 4203 1818 4257 011310111011111111κ<2
1854 4204 1989 4257 Trin.
2045 4205 2138 4272 ΙΙΙ,
2177 4205 2224 4271 2,
2261 4206 2342 4259 43.
2487 4206 2507 4237 ³
2541 4204 2646 4258 Der

398 4274 749 4329 Klosterhof
738 4293 791 4327 1n
827 4274 1172 4342 Schiinauff).
1316 4275 1336 4304 ⁴
1379 4274 1525 4341 Verg.
1565 4277 1692 4327 A.en
1734 4272 1801 4341 II,
1836 4273 1952 4327 402.
2093 4276 2114 4306 ⁵
2147 4273 2323 4328 Manil.
2362 4274 2453 4329 IV.
2493 4274 2574 4328 14.

468 4345 491 4376 ⁶
524 4344 631 4399 Der
682 4344 817 4398 Vers
866 4346 1007 4397 steht
1058 4344 1135 4396 als
1177 4359 1280 4397 von
1334 4341 1612 4395 Cleanthes
1658 4342 1774 4397 Seu.
1813 4359 1877 4409 ep
1933 4342 2045 4405 107,
2087 4344 2146 4393 11
2187 4343 2299 4413 (Ed.
2339 4343 2509 4396 Haase
2546 4342 2644 4409 111,

398 4412 541 4483 350).
684 4415 701 4447 ⁷
740 4414 845 4470 Cic.
882 4414 1031 4469 Tusc.
1068 4412 1133 4480 V,
1170 4413 1220 4481 9,
1257 4412 1338 4465 25.
1476 4414 1502 4443 ⁸
1537 4412 1630 4479 Ep.
1668 4412 1735 4465 ad
1770 4360 1913 4465 Fani.
1952 4412 1993 4479 Ι,
2033 4411 2110 4465 10.
