3084 4895
469 336 593 415 276
1293 324 1462 397 Briefo
1497 321 1591 397 des
1625 324 1674 399 ,1.
1716 340 1861 400 1513.

470 520 669 585 Prisci
713 516 990 599 theologi
1033 515 1301 579 libenter
1347 518 1615 579 utuntur
1658 516 2054 598 appellativis
2082 528 2111 555 ⁸
2168 515 2529 579 nominibus
2583 522 2707 598 pro

470 604 756 689 propriis,
869 601 1007 665 Non
1079 602 1171 665 ita
1235 606 1389 683 puto
1464 602 1810 666 vocabatur
1882 601 2091 683 puella
2164 600 2467 675 Romana,
2545 602 2703 665 dum

471 688 930 773 Symphronius
960 686 1312 767 praefectus
1343 686 1540 749 urbis'
1580 686 1743 749 hanc
1772 687 1924 750 tulit
1961 688 2374 749 sententiam:
2410 687 2703 768 Hagnem

471 776 836 855 sacrilegam
904 772 1208 851 virginem
1271 772 1402 835 deis
1462 771 1912 853 blasphemiam
1983 772 2346 835 inferent-em
2418 778 2705 835 scortum

473 859 884 945 lupanaribus
930 858 1160 921 datam.
1251 854 1371 919 Sed
1419 858 1569 937 quia
1613 858 1955 941 pudicitiae
2008 857 2220 919 florem
2275 878 2398 920 non
2460 857 2703 933 amisit,

471 967 638 1011 anno
685 943 914 1007 aetatis
956 941 1117 1005 XIII.
1159 941 1469 1024 jugulata,
1505 941 1645 1005 ideo
1690 932 1881 1027 ἁγνῆς
1926 944 1963 1005 i.
1998 965 2049 1005 e.
2096 942 2323 1024 pudica
2352 953 2707 1023 sanctaque

472 1029 848 1096 Christianis
904 1033 1001 1091 est
1057 1027 1242 1091 dicta.
1332 1027 1467 1103 Qua
1513 1028 1587 1090 de
1632 1050 1697 1091 re
1740 1032 1919 1091 tuum
1964 1027 2063 1090 his
2112 1028 2392 1091 versibus
2438 1027 2703 1108 exploro

477 1115 793 1181 ‘adiciam

467 1140 491 1199 J
660 1197 823 1277 Quid
870 1196 1022 1280 vigil
1067 1198 1130 1259 in
1177 1197 1428 1277 templis
1472 1218 1777 1279 peragens
1823 1198 2129 1261 solemnia
2173 1220 2349 1261 sacra

662 1284 925 1365 virginis
969 1282 1275 1365 Hagnetis
1319 1282 1523 1365 patrio
1570 1283 1646 1346 de
1691 1283 1928 1347 semine
1974 1283 2175 1347 clarae

663 1371 873 1434 contio
913 1370 1208 1447 ‚cantaria
1257 1368 1448 1431 dubio
1495 1369 1709 1448 procul
1755 1368 1886 1450 ipse
1934 1370 2189 1432 notasti.

661 1454 822 1519 Nam
867 1476 1012 1537 pars
1057 1454 1426 1535 Hagnetem‚
1472 1475 1617 1536 pars
1662 1454 1859 1517 altera
1904 1456 2176 1517 succinit
2221 1452 2481 1535 Agnem.

659 1542 755 1604 Da
799 1540 970 1617 mihi,
1017 1561 1179 1621 quae
1224 1544 1333 1603 tua
1379 1540 1463 1603 sit
1507 1540 1843 1624 sententia,
1890 1540 2042 1621 qnid
2090 1540 2283 1602 Breve
2330 1541 2498 1602 dicat

666 1625 947 1691 melliflui
993 1624 1281 1706 patris‘P’
1371 1624 1553 1702 Quid,
1600 1626 1650 1687 si
1698 1625 1839 1707 quis
1886 1626 2117 1688 diceret
2161 1624 2495 1705 Hagnarn?

781 1724 902 1779 Cod.
939 1724 1071 1778 me.
1107 1724 1222 1779 229.

469 1911 698 1983 (eutha.)
1502 1896 1644 1960 221.
2350 1911 2487 1981 (Ans.
2526 1912 2702 1980 1513.)

1216 2020 1502 2091 Mutian
1546 2042 1642 2091 an
1686 2020 1960 2091 Urban.

472 2148 635 2217 (Will
667 2150 765 2201 den
806 2148 1124 2203 Oekonomus
1158 2148 1434 2201 Friedrich
1467 2149 1788 2213 vomekmen,
1824 2149 1942 2201 weil
1972 2166 2029 2201 er
2060 2150 2124 2201 in
2150 2149 2240 2201 der
2264 2148 2510 2201 Maium
2532 2146 2705 2199 Kurie

1023 2217 1243 2271 Mutian
1274 2217 1426 2270 einen
1459 2218 1649 2270 Poeten
1676 2216 1987 2285 yesehvhnpft
2020 2218 2147 2283 hat.)

1119 2332 1374 2383 Urbano
1408 2335 1619 2384 nostro
1658 2329 1767 2400 (M.
1802 2328 2046 2398 Rufus).

674 2438 737 2505 S.
830 2440 1143 2506 Mirabilia
1187 2442 1338 2508 mihi
1382 2442 1547 2507 dixit
1602 2464 2003 2526 compransor
2064 2443 2293 2515 noster,
2356 2437 2702 2502 Herebordi

473 2528 670 2592 nostri
717 2525 960 2610 SyruS‚⁸
1006 2529 1082 2592 de
1125 2527 1445 2593 Friderico
1491 2527 1886 2593 oeconomo*
1960 2527 2221 2591 Summa
2266 2527 2419 2589 haec
2450 2525 2551 2588 sit.
2627 2524 2698 2587 In

470 2610 642 2676 curia
687 2613 1061 2694 Moguntina
1104 2615 1184 2678 ad
1227 2637 1528 2686 mensam,
1574 2615 1756 2696 quasi
1804 2615 2037 2696 legeret
2083 2611 2322 2694 aliquid
2376 2611 2555 2684 sacri,
2603 2632 2701 2672 me

471 2705 716 2782 poetam
788 2699 1147 2781 appellavit.
1253 2699 1657 2764 Contradixit
1720 2700 2132 2764 Herebordus.
2239 2697 2378 2760 Non
2443 2698 2702 2778 impune

470 2785 607 2847 fuit.
639 2785 668 2822 b
755 2783 912 2847 Nam
961 2789 1023 2848 et
1067 2785 1268 2868 ipsum
1327 2799 1579 2868 poetam
1642 2809 1775 2849 esse
1834 2789 2126 2868 arguunt.
2159 2795 2182 2823 0
2273 2783 2428 2845 Ecce
2494 2781 2701 2864 qualis

473 2868 860 2950 improbitas.
950 2870 1216 2952 Reliqua
1262 2871 1542 2934 narrabit
1586 2873 1842 2934 amicus,
1932 2871 2064 2952 Ego
2098 2869 2431 2949 castigabo.
2455 2873 2698 2950 patrem

470 2957 533 3019 in
602 2955 718 3018 hoc
784 2957 1034 3036 templo,
1114 2954 1220 3019 Sic
1281 2957 1519 3020 dicam:
1590 2957 1831 3038 „Pater‚
1890 2959 2120 3018 matnmb
2182 2959 2270 3032 hat
2322 2955 2370 3015 it
2422 2956 2547 3026 mid)
2598 2971 2697 3030 emt

467 3051 651 3122 putten
697 3039 1069 3117 gesdjnlteu3¹¹
1154 3042 1225 3104 In
1261 3045 1565 3106 utramvis
1611 3044 1775 3106 viam
1820 3042 2237 3118 inclinaverit,
2268 3041 2497 3103 tenebo
2536 3060 2698 3100 eum.

470 3125 537 3190 Si
585 3125 845 3189 dixerit:
899 3125 1132 3206 „Poeta
1176 3128 1269 3190 vir
1318 3129 1520 3192 bonus
1566 3127 1724 3206 est“,
1770 3127 2193 3210 respondebo:
2242 3125 2393 3204 „2³22
2440 3127 2621 3199 glenbt
2652 3125 2700 3184 it

469 3213 605 3274 niv·
695 3209 807 3275 Sin
861 3219 1098 3276 autem:
1161 3213 1293 3295 „Ita
1352 3213 1632 3295 putavi“,
1700 3218 1868 3277 tum:
1934 3213 2087 3294 „Qui
2140 3213 2259 3276 hoc
2315 3210 2701 3292 praedicavit

471 3296 546 3358 de
610 3318 732 3374 me,L
795 3296 1016 3360 falsum
1090 3298 1260 3362 dicit.
1351 3297 1518 3362 Cave
1580 3303 1774 3380 pater,
1833 3321 1910 3362 ne
1970 3299 2065 3361 vel
2110 3299 2171 3361 in
2222 3297 2443 3360 melius
2488 3295 2585 3358 vel
2634 3295 2695 3356 in
2800 3331 2805 3340 ·

470 3382 742 3446 deterius
806 3382 1069 3447 aberres⁸
1163 3383 1332 3448 Satis
1392 3385 1477 3448 sit
1530 3384 1650 3449 tibi
1710 3391 1823 3448 tua
1884 3383 2111 3447 secta.“
2207 3383 2358 3460 Hoc,
2428 3380 2699 3454 Urbane,

469 3469 597 3531 scio
663 3468 978 3550 probabis.
1085 3470 1250 3534 Vale.
1361 3471 1531 3534 Inter
1600 3471 1823 3534 edulia.
1914 3468 2125 3533 Cotio⁵
2193 3471 2283 3532 sic
2353 3466 2701 3530 excusabat

473 3553 931 3616 Herebordum:
1011 3553 1228 3637 „Certe
1295 3561 1483 3638 poeta
1551 3577 1672 3620 non
1742 3560 1838 3619 est
1907 3555 2319 3618 Herebordus
2431 3551 2695 3614 Tantam

475 3639 917 3702 contumeliam
973 3661 1097 3704 non
1154 3640 1304 3705 ferO.
1400 3641 1443 3703 Α
1489 3663 1591 3705 me
1635 3642 1852 3705 doctor
1913 3645 2009 3705 est
2065 3641 2271 3704 factus
2318 3645 2381 3702 et
2444 3638 2699 3721 quidem

603 3803 629 3831 ²
656 3778 710 3842 θ’
721 3789 864 3842 tivis.
1005 3795 1034 3832 b
1061 3790 1186 3844 fecit
1224 3791 1369 3844 Tem.
1511 3805 1534 3833 0
1566 3789 1737 3858 arguit
1774 3790 1920 3842 Tema.

610 3861 622 3889 ¹
659 3887 686 3924 ss.
711 3859 808 3910 ach
862 3859 954 3911 der
1002 3859 1241 3928 Legende
1293 3859 1506 3913 brachte
1560 3861 1651 3911 der
1701 3857 1891 3911 Romer
1926 3857 2309 3926 Symphronius
2348 3858 2431 3910 die
2468 3856 2699 3908 keusohe

470 3931 642 3994 Agnes
677 3927 730 3978 in
767 3927 850 3979 ein
886 3927 1210 3980 offentliches
1255 3927 1419 3993 Hans,
1463 3944 1555 3979 um
1600 3926 1743 3980 seine
1788 3927 1948 3979 Liiste
1985 3943 2049 3980 an
2084 3926 2169 3978 ihr
2204 3944 2270 3979 zu
2304 3925 2542 3992 sattigen.
2612 3924 2701 3975 Sie

469 3996 646 4048 wurde
699 3996 798 4048 303
844 3995 1162 4063 enthauptet.
1233 3997 1362 4064 Tag:
1413 3997 1494 4048 21.
1539 3995 1749 4048 Januar.
1822 3995 1971 4047 Weil'
2011 3995 2094 4048 die
2143 3995 2381 4062 Legende
2427 3994 2499 4044 im
2536 3993 2701 4044 Chore

473 4063 774 4182 vorgffesen
810 4065 970 4163 wahrd,
1006 4065 1210 4116 scheint
1245 4065 1336 4117 der
1369 4063 1516 4117 Brief
1548 4065 1639 4116 auf
1670 4065 1985 4144 diesen-Tag
2020 4081 2085 4116 zu
2118 4063 2324 4141 fallen..
2426 4061 2592 4181 {inei
2604 4061 2701 4180 Γ1ἰ13

468 4133 614 4268 Ξῗῗέἒ.
644 4132 768 4278 Ἵὲἑι
837 4201 914 4254 as
933 4132 1253 4254 ‘ima-2
1265 4131 2585 4279 ΟῧίέξὲϊΜὲἔὲἓὲᾓέἓᾶῗζέθῖὲὴῗὲῖῗἳέὠΤΘῑῃὲἰᾶι

469 4269 656 4390 gagga
677 4284 737 4388 12
789 4287 851 4390 6r.
891 4270 1004 4324 230.
1111 4271 1132 4301 ⁴
1165 4270 1281 4322 Von
1310 4269 1789 4324 Remhardsbrunn.
1828 4269 1878 4322 S.
1916 4269 2011 4322 201
2052 4272 2112 4322 A.
2152 4269 2203 4320 2.
2307 4273 2327 4300 ⁵
2362 4267 2701 4332 Sommermg.
