3084 4895
402 409 487 482 36
1177 404 1351 467 Briefe
1390 429 1490 466 von
1533 399 1888 468 1505-1508.

408 588 544 665 erit,
589 592 663 651 ut
705 586 958 668 inopiae
1002 585 1276 649 hominis
1323 583 1683 666 philosophi
1717 583 1976 649 feliciter
2008 592 2427 664 succurratur,
2479 585 2669 650 modo

407 679 480 736 tu
536 674 695 736 assis
759 673 1033 754 negotio.
1097 672 1223 735 imo
1292 673 1529 753 praesis
1601 673 1884 747 consilio,
1955 672 2231 750 solertia,
2302 672 2664 754 prudentia.

411 759 715 840 Equidem
750 758 1103 822 calcaribus
1143 779 1269 821 non
1318 779 1489 838 ege0,
1524 781 1768 822 curram
1807 758 1971 822 ultro
2005 781 2210 841 neque
2241 759 2664 840 defatigabor,

409 847 775 928 priusquam
830 868 867 909 a
928 845 1284 909 carceribus
1341 844 1422 906 ad
1484 850 1715 908 metam
1786 845 2064 908 decursis
2132 850 2374 928 septem
2443 845 2668 926 spatiis

413 933 853 1013 perveniamus
899 931 978 994 ad
1026 931 1320 1013 palmam.
1412 927 1483 993 Si
1513 935 1720 1007 vacat,
1755 930 2030 1008 Urbane,
2066 951 2372 1013 compone
2403 930 2666 1012 aliquid,

408 1039 533 1101 quo
572 1026 636 1082 te
680 1019 916 1082 vixisse
948 1023 1011 1081 et
1042 1018 1237 1081 fuisse
1282 1016 1495 1091 talem,
1545 1017 1752 1097 qualis
1799 1039 1888 1097 es,
1934 1018 2293 1098 posteritati
2339 1022 2404 1081 et
2450 1016 2668 1080 multis

414 1104 784 1168 nationibus
816 1103 1115 1168 testeris.¹
1184 1101 1808 1180 StiIUS,lucubrati0,
1840 1103 2146 1184 judicium
2183 1107 2470 1167 nostrum
2505 1125 2669 1166 nun·-

412 1212 599 1272 quam
665 1191 785 1255 tibi
847 1190 1133 1253 defuerit.
1224 1187 1438 1252 Habes
1506 1189 1695 1251 etiam
1767 1189 2189 1269 Spalatinum,
2260 1190 2414 1253 deus
2483 1190 2667 1264 bone,

411 1277 660 1360 qualem
716 1277 1046 1359 juvenem!
1136 1275 1197 1337 Is
1256 1274 1548 1340 limatulo
1618 1295 1870 1357 quoque
1931 1296 2046 1338 suo
2106 1275 2320 1338 >studio
2384 1280 2448 1339 et
2509 1276 2668 1338 mira

410 1363 741 1444 diligentia.
786 1361 1182 1446 promovebit
1224 1362 1465 1442 ingenii
1509 1361 1608 1424 tui
1661 1361 1995 1425 clarissimi
2040 1361 2239 1425 dotes,
2327 1361 2492 1425 Vale.
2571 1360 2668 1424 Ex

411 1449 642 1514 Gotha.
736 1448 1147 1514 Corollarium
1218 1447 1446 1510 villicis
1513 1447 1644 1509 tuis
1717 1447 1857 1510 ideo
1928 1448 2090 1525 dedi,
2153 1470 2230 1511 ne
2291 1445 2665 1530 peccarem.²

410 1536 642 1600 Peccat
685 1536 871 1611 enim,
919 1535 1027 1615 qui
1074 1536 1361 1614 ingratus
1406 1537 1521 1610 est,
1570 1536 1634 1596 et
1668 1534 1924 1614 quidem
1968 1535 2355 1616 gravissime.
2449 1533 2668 1615 Neque

408 1644 555 1686 vero
625 1623 781 1685 satis
848 1626 945 1685 est
1013 1620 1242 1684 habere
1311 1619 1580 1701 gratiam
1631 1624 1694 1682 et
1738 1641 1924 1700 agere
1988 1621 2246 1701 gratias,
2312 1621 2502 1683 etiam
2571 1624 2669 1683 est

415 1708 743 1772 referenda
790 1729 899 1789 pro
948 1707 1129 1770 virili.
1218 1705 1453 1769 Iterum
1512 1705 1667 1782 vale,
1727 1706 2132 1770 dilectissime
2188 1707 2461 1771 domine.
2541 1705 2665 1768 Do-

416 1797 656 1858 minum
704 1798 767 1856 te
809 1815 987 1872 voce,
1034 1793 1183 1875 quia

1660 1876 1892 1941 Servus
1939 1886 2090 1942 tuus
2135 1901 2274 1942 sum
2325 1899 2459 1960 ego.

716 1962 836 2016 Ood.
874 1961 1011 2015 Frcf.
1052 1962 1134 2014 15.

308 2115 319 2122 ·
412 2100 601 2154 eotha.
1489 2080 1589 2144 29.
2467 2095 2665 2166 (1505.)

1104 2247 1107 2250 ·
1154 2206 1443 2277 Mutian
1488 2227 1585 2277 an
1630 2207 1910 2277 Urban.

409 2337 674 2405 (Mutians
694 2335 1023 2407 Lebenspfad
1036 2336 1184 2389 nieht
1201 2337 1291 2389 der
1307 2337 1397 2389 der
1424 2336 1621 2390 Thoren
1637 2337 1752 2390 und
1779 2335 2052 2389 Verdehter
2071 2335 2162 2388 der
2185 2333 2667 2401 Wissensclzaften.)

476 2454 890 2505 Dilectissimo
926 2454 1108 2504 fratri
1145 2456 1208 2504 et
1244 2454 1489 2503 domino
1525 2453 1802 2510 Urbano,
1826 2454 1962 2503 viro
1996 2452 2313 2513 ingenioso
2351 2454 2414 2501 et
2449 2452 2667 2510 latine,

866 2553 1197 2591 oeconomo
1232 2540 1437 2590 Vallis
1474 2542 1535 2591 S.
1573 2541 1826 2601 Georgii
1860 2541 1950 2591 M.
1984 2538 2206 2589 Rufus.

615 2650 679 2715 S.
754 2650 1021 2734 „Itinera
1048 2652 1386 2716 stultorum
1414 2656 1585 2715 recta
1617 2652 1681 2715 in
1717 2654 2058 2733 conspectu
2084 2645 2306 2729 suo.“³,
2363 2648 2481 2725 Qui
2517 2668 2665 2729 ergo

409 2759 523 2801 suo
562 2738 800 2820 judicio
840 2738 1013 2819 juste
1058 2738 1318 2815 faciunt,
1369 2739 1485 2801 etsi
1533 2739 1711 2819 pravi
1757 2739 1904 2814 sint,
1955 2757 2078 2800 non
2139 2736 2357 2799 vident
2423 2755 2666 2798 errores

411 2845 577 2888 suos
676 2824 852 2906 „Non
888 2824 1110 2907 recipit
1140 2826 1375 2888 stultus
1418 2825 1607 2888 verba
1654 2824 2044 2906 prudentiae,
2074 2834 2101 2861 a
2145 2822 2268 2885 nisi
2300 2843 2374 2884 ea
2409 2822 2664 2899 dixeris,

410 2933 571 2992 quae
634 2916 964 2975 versantur
1009 2913 1073 2973 in
1122 2912 1305 2975 corde
1362 2910 1585 2993 ejuS.⁴“
1681 2910 1751 2974 Si
1793 2910 1990 2991 igitur
2035 2908 2375 2973 adversarii
2421 2911 2662 2971 rectum

411 2998 527 3059 iter
572 2998 740 3061 vitae
786 3002 1025 3078 tenent,
1072 3003 1146 3060 ut
1190 2998 1310 3079 ipsi
1348 2998 1616 3080 jactant,
1666 3018 1790 3061 non
1837 3001 2067 3059 terram
2127 2995 2496 3077 aspiciantb
2553 2994 2662 3056 sed

410 3083 673 3159 coelum,
738 3106 866 3147 non
936 3082 1225 3146 homines
1292 3085 1400 3147 sed
1471 3085 1685 3163 deum3
1752 3086 1817 3145 et
1883 3082 1936 3144 si
2006 3082 2188 3145 deum
2267 3080 2657 3163 aspexerint,

418 3175 804 3251 cognoscent
836 3192 901 3232 se
934 3170 1355 3234 alienissimos
1389 3170 1468 3233 ab
1501 3171 1744 3251 optima
1774 3168 2031 3231 vivendi
2076 3190 2313 3230 norma.
2389 3166 2662 3241 Urbane,

412 3260 627 3319 nostra
688 3258 789 3319 via
848 3256 1116 3337 simplex
1178 3260 1275 3319 est
1336 3260 1400 3319 et
1459 3260 1736 3337 angusta
1799 3260 1860 3318 et
1921 3255 2157 3317 clivosa
2219 3260 2282 3316 et
2339 3253 2535 3316 ardua
2602 3258 2664 3313 et

410 3342 705 3421 difficilis,
745 3343 848 3405 vel
882 3343 1081 3425 spinis
1113 3342 1516 3407 horrentibus
1580 3364 1801 3424 aspera
1847 3341 1941 3403 vel
1989 3341 2162 3404 saxis
2207 3340 2610 3403 exstantibus
2640 3348 2662 3375 ⁰

407 3429 728 3511 impedita,
776 3436 846 3492 ut
893 3451 1033 3492 cum
1080 3430 1311 3510 magno
1380 3428 1597 3492 labore
1655 3449 1728 3491 ac
1786 3428 2010 3509 pedum
2083 3427 2318 3490 detritu
2393 3445 2663 3505 cumque

412 3536 643 3597 magna
688 3516 953 3578 cadendi
1000 3515 1428 3578 sollicitudine
1474 3516 1560 3577 sit
1605 3516 1831 3595 cuique
1863 3513 2294 3594 gradiendum.
2375 3512 2654 3591 Simplex
2747 3566 2750 3569 .

410 3606 524 3677 est,
570 3602 719 3682 quia
766 3602 1159 3665 concorditer
1211 3624 1403 3665 unum
1467 3602 1653 3664 deum
1710 3602 2032 3681 sequimur
2077 3606 2140 3662 et
2186 3599 2482 3675 colimus;
2544 3619 2656 3659 an-

408 3691 615 3768 gusta,
652 3688 803 3769 quia
838 3689 1020 3769 pauci
1055 3688 1383 3751 nobiscum
1416 3687 1632 3750 literas
1666 3692 1729 3749 et
1763 3708 1968 3749 mores
2005 3686 2286 3749 mitiores
2333 3683 2663 3762 affectant3

408 3773 623 3849 ardua,
671 3774 820 3855 quia
852 3775 931 3837 ad
962 3774 1202 3838 cultum
1238 3774 1493 3854 linguae
1524 3774 1782 3849 latinae,
1818 3772 1896 3835 ad
1933 3794 2144 3835 verum
2177 3772 2371 3834 animi
2420 3770 2656 3832 bonum

408 3860 592 3942 pauci
640 3862 775 3923 sine
820 3861 1032 3925 labore
1078 3861 1471 3941 perveniunt.
1562 3859 1632 3922 In
1670 3859 1787 3921 hac
1820 3859 1922 3921 via
1954 3859 2109 3921 mori
2146 3880 2270 3921 non
2303 3856 2654 3930 ambulant,

409 3947 517 4008 sed
564 3946 803 4009 habent
848 3948 1227 4027 multiplices
1272 3947 1577 4010 tramites
1678 3946 1799 4007 Alii
1847 3946 2087 4007 ducunt
2127 3944 2505 4015 luxuriOSOS,
2553 3941 2660 4003 alii

410 4032 753 4114 imperitOS,
816 4034 925 4097 sed
988 4033 1207 4098 eodem
1266 4039 1329 4096 et
1382 4032 1461 4097 ad
1508 4054 1704 4095 unum
1769 4054 1987 4094 omnes
2050 4032 2286 4094 exitum
2353 4028 2471 4090 sub
2525 4029 2661 4109 ipso

409 4117 535 4181 fine
578 4118 953 4184 referuntur.
1044 4120 1207 4182 Nam
1255 4120 1760 4202 praecipitantur
1805 4140 2024 4179 omnes
2072 4118 2216 4180 mali
2264 4116 2326 4178 in
2378 4118 2661 4178 mortem.

544 4269 571 4355 ει·
600 4254 891 4333 prudencie.
1032 4258 1060 4295 b
1088 4254 1356 4333 aspitiant3
1490 4268 1513 4295 0
1544 4252 1862 4331 extantibus
2182 4320 2191 4329 .
2239 4319 2248 4327 .
2611 4332 2622 4344 “

480 4393 499 4423 2
534 4323 993 4445 νῑῖιῗὲὶέἶὲἳέηῗ·
1014 4324 1203 4447 Βᾶὸιῖθ·
1232 4320 2012 4512 έέἒῗὶῖζὲ“ἒῖξὲὲἳῆῗξ·ἓὲὲά’ἐοῖἓ.
2025 4334 2339 4457 “Οῗνξί.ΧῈῗῗ
2365 4320 2662 4439 &effus

479 4460 499 4491 ³
533 4460 645 4529 Spr.
684 4460 786 4516 Sal.
829 4463 907 4530 12,
948 4464 1027 4515 15.
1171 4463 1191 4494 ⁴
1224 4461 1335 4530 Spr.
1374 4461 1475 4515 Sal.
1517 4463 1540 4512 1
1585 4501 1597 4527 ,
1637 4460 1686 4513 2.
