3084 4895
1211 419 1420 476 Mutian
1454 438 1522 474 an
1561 419 1759 476 Urban.
1844 457 1849 462 -
2478 417 2602 484 345

366 599 670 659 sexcenta
715 593 1082 658 testimonia
1113 593 1354 675 colligit
1383 615 1555 656 more
1586 595 1822 658 usitato
1868 597 1931 658 et
1963 593 2174 658 omnia
2213 597 2603 676 nugamenta

363 681 648 764 congerit
694 680 758 744 in
805 679 1158 756 consilium,
1207 680 1358 760 quid
1403 680 1575 744 aliud
1621 679 1863 762 colligit
1907 702 2093 762 quam
2134 679 2442 743 nebulas?
2512 678 2602 744 De

359 789 486 849 qua
533 789 596 830 re
642 766 823 849 plura
867 767 1070 831 dicam
1103 765 1281 830 alias,
1343 765 1528 829 Nunc
1560 766 1718 830 bene
1753 768 1960 831 valeas
1994 788 2136 829 cum
2171 767 2355 830 unico
2388 765 2596 830 fratre.

365 854 462 918 Ad
507 851 725 917 Nonas
771 851 1046 916 Sextiles
1091 851 1277 915 Anno
1323 851 1609 946 MDXilI.

669 953 791 1008 Cod.
827 952 961 1008 Frof.
999 952 1115 1006 338.

360 1195 597 1264 (Gotha.)
1410 1179 1555 1243 282.
2197 1196 2243 1247 7.
2280 1195 2415 1262 Aug.
2456 1193 2603 1248 1513.

1109 1306 1398 1377 Mutian
1442 1327 1540 1376 an
1584 1306 1859 1377 Urban.

365 1435 499 1502 (Hac
531 1452 605 1488 κα
637 1434 692 1487 F
686 1435 880 1501 iyulus’
921 1436 1170 1489 Hochxeit
1207 1438 1243 1488 6
1265 1436 1498 1490 Bohmen
1527 1437 1811 1504 yeschemt.
1847 1435 2035 1488 Lotius
2070 1436 2170 1487 soll
2200 1436 2299 1487 den
2332 1434 2606 1502 lminftiqen

367 1503 561 1558 Scriba
609 1503 869 1556 bestimmt
915 1505 1094 1558 haben.
1168 1505 1238 1558 So
1272 1505 1411 1558 wird
1460 1506 1552 1558 der
1587 1505 1689 1557 Abt
1733 1522 1865 1558 xum
1902 1505 2125 1558 Sklaven
2175 1504 2348 1556 seiner
2396 1503 2605 1556 Diener.

361 1573 612 1626 Dietmar
651 1573 752 1628 soll
792 1573 856 1628 in
900 1568 1144 1628 Matiane
1192 1574 1348 1628 Haus
1395 1574 1505 1641 auf
1529 1577 1567 1627 5
1600 1575 1761 1628 Jahre
1803 1575 2020 1629 wolmeri
2064 1573 2179 1626 und
2220 1573 2299 1626 20
2351 1573 2431 1626 Gl.
2477 1584 2606 1625 xum

1211 1643 1402 1697 Rauen
1437 1643 1766 1711 bei-stenem.)

498 1773 778 1832 Sapienti
811 1773 946 1822 viro
980 1774 1060 1824 Η.
1098 1775 1353 1825 Urbano
1389 1775 1679 1837 theologo
1716 1775 2077 1837 gravissimo
2113 1776 2176 1824 et
2211 1769 2497 1833 apprime·

1119 1860 1460 1911 reverendo
1496 1862 1585 1911 Μ.
1620 1860 1843 1911 Rufus.

501 2023 508 2031 .
567 1968 832 2032 Domine
877 1976 1072 2051 pater.
1137 1972 1345 2036 Etiam
1378 1973 1430 2036 si
1462 1973 1763 2036 Hercules
1795 1971 2107 2036 semideus
2141 1993 2361 2047 essem,
2395 1974 2606 2035 tamen

362 2077 444 2116 ne
490 2055 770 2119 collectis
815 2057 1066 2138 quidem
1110 2059 1350 2122 viribus
1395 2061 1698 2123 solverem
1744 2059 2055 2140 triplicem
2113 2057 2465 2121 funiculum
2508 2058 2607 2121 vel

368 2140 585 2221 potius
631 2140 934 2206 Gordium
981 2145 1215 2209 nodum
1251 2145 1693 2210 bardistarum.
1785 2145 1955 2222 Quos
1987 2146 2151 2208 enim
2186 2144 2604 2208 cacodaemon

361 2225 717 2308 conjunxit,
763 2228 951 2292 homo
998 2253 1125 2293 non
1172 2236 1440 2313 separat.
1531 2232 1687 2295 Dedi
1734 2253 1931 2314 nuper
1975 2232 2038 2295 in
2073 2231 2306 2313 Figuli¹
2344 2231 2605 2313 nuptiiS‚

361 2313 490 2376 imo
545 2313 688 2377 misi
754 2336 865 2397 per
915 2315 1176 2380 Janum²
1234 2316 1310 2380 VI
1374 2319 1660 2390 BoemOS,
1730 2317 1962 2381 donum
2033 2341 2185 2381 sane
2248 2318 2603 2381 honestum.

365 2397 574 2463 Ceteri
619 2401 821 2466 nostri
867 2402 1114 2486 collegii
1161 2404 1490 2469 dimidium
1537 2405 1794 2469 dabant.
1846 2404 2000 2468 Dedi
2034 2405 2195 2488 patri
2233 2405 2447 2468 vinum
2480 2425 2607 2467 non

361 2486 574 2549 semel.
665 2488 890 2551 Darem
940 2494 1003 2553 et
1051 2489 1401 2555 Bartholo.³
1491 2490 1616 2555 Sed
1661 2494 1751 2555 ita
1796 2493 1963 2555 inter
1992 2514 2058 2555 se
2104 2496 2339 2569 amant,
2387 2494 2459 2554 ut
2492 2512 2607 2553 nos

361 2573 692 2637 irrideant.
765 2572 918 2637 Cras
963 2577 1309 2641 certabitur
1355 2583 1418 2642 et
1450 2580 1611 2642 ratio
1644 2579 2049 2643 villicationis
2094 2578 2405 2643 reddetur.
2473 2576 2607 2657 Ego

359 2659 702 2742 quiescam.
765 2660 988 2725 Lotius
1036 2663 1268 2727 dicitur
1313 2665 1679 2747 designasse
1711 2664 1977 2728 scribam
2011 2663 2346 2728 futurum.⁴
2406 2663 2607 2740 Quae-

365 2750 503 2810 stor
549 2767 660 2828 pro
706 2769 820 2811 suo
867 2748 1104 2813 famulo
1151 2750 1428 2814 sudabit.
1519 2751 1707 2815 Pater
1740 2752 1932 2816 dicet:
1986 2750 2180 2834 „Eum
2214 2751 2376 2837 volo,
2422 2770 2608 2831 quem

362 2831 706 2898 Bartholus
751 2834 1300 2913 voluerit“,.volet
1343 2841 1557 2901 autem
1586 2838 1948 2916 BartholuS,
1995 2860 2181 2920 quem
2213 2836 2453 2902 Lotius.
2501 2834 2609 2899 Sic

361 2940 581 2983 servus
625 2918 826 3002 major
885 2922 1003 2986 erit
1064 2923 1336 2987 dominO.
1429 2922 1613 2988 Abba
1679 2925 1842 2988 servi
1897 2924 2226 2989 arbitrium
2295 2926 2607 3006 sequetur.

363 3004 544 3081 Quod
591 3005 714 3073 tibi
757 3010 823 3071 et
855 3006 1167 3071 Schiloni⁵
1215 3009 1424 3093 placet
1467 3014 1532 3073 et
1563 3010 1796 3075 rationi
1842 3014 2333 3075 consentaneum
2383 3012 2498 3086 est,
2545 3012 2610 3073 et

305 3132 312 3138 -
367 3090 524 3153 mihi
584 3096 835 3176 quoque
895 3093 1137 3176 placet:
1207 3099 1280 3159 ut
1324 3094 1759 3160 Diethmarus⁶
1820 3096 2107 3161 aedificet
2174 3094 2609 3176 quinquennio

365 3178 674 3258 proximo.
765 3180 898 3243 Hac
946 3181 1080 3261 lege
1125 3185 1336 3245 stante
1382 3204 1506 3245 non
1556 3187 1650 3246 est
1697 3204 1969 3260 necesse,
2016 3190 2088 3245 ut
2133 3182 2348 3245 vicarii
2390 3202 2607 3243 assen-

363 3263 625 3327 tiantur.
718 3265 816 3329 Me
875 3266 1130 3330 domino
1199 3268 1422 3331 domus
1488 3269 1664 3331 salva
1719 3270 1836 3331 erit
1893 3269 2249 3341 conventio,
2318 3266 2607 3347 quamvis

361 3372 576 3413 annua
642 3352 942 3432 pensione
1013 3353 1256 3430 careb0‚
1326 3354 1434 3417 sed
1499 3355 1794 3435 aequius,
1830 3359 1893 3417 et
1938 3354 2326 3417 commodius
2382 3357 2479 3416 est
2535 3374 2609 3413 ea

363 3456 594 3506 carere,
657 3459 844 3519 quam
893 3438 1228 3503 facultates
1281 3462 1452 3503 meas
1506 3439 1898 3504 aedificando
1961 3439 2350 3522 profundere.
2441 3439 2609 3514 Quo-

363 3520 529 3584 circa
576 3543 686 3585 vos
730 3524 917 3588 ambo
963 3524 1003 3587 i.
1038 3548 1088 3589 e.
1140 3524 1429 3589 Urbanus
1476 3530 1538 3611 et
1572 3525 1785 3590 Schilo
1831 3525 2343 3589 Diethmarianae
2383 3524 2605 3588 volun—

363 3606 486 3670 tati
533 3606 754 3672 favete.
800 3652 808 3662 -
846 3610 1020 3674 Nihil
1066 3610 1221 3674 mihi
1265 3612 1608 3695 respondes
1654 3612 1730 3676 de
1774 3611 1933 3676 libro
1982 3614 2435 3694 mysteriorum.
2483 3610 2609 3674 Cur

517 3850 530 3878 ¹
575 3848 829 3902 Nikolaus
865 3848 1100 3917 Figulus,
1149 3850 1234 3901 ein
1268 3851 1404 3903 noch
1439 3851 1512 3903 oft
1546 3854 1889 3919 verspotteter
1934 3850 2266 3904 Zechbruder
2302 3851 2393 3903 des
2427 3849 2606 3916 Abtes,

361 3915 448 3969 ein
486 3916 828 3970 Gothaischer
864 3919 1062 3985 Topfer‚
1111 3919 1212 3971 den
1247 3918 1317 3973 M.
1367 3920 1421 3971 in
1457 3920 1629 3971 einem
1672 3920 1757 3972 Br.
1807 3937 1873 3973 an
1907 3920 2088 3973 Urban
2137 3919 2245 3987 (19)
2292 3918 2607 3986 »lutifigulus

361 3990 512 4036 tuus«
548 3990 722 4049 neunt,
758 3987 873 4053 »qui
909 4004 1012 4039 non
1049 3988 1228 4053 procul
1263 4004 1294 4039 a
1313 3988 1445 4039 meis
1464 3989 1683 4042 aedibus
1701 3990 1755 4040 in
1779 3989 1952 4056 platea
1976 3990 2203 4057 quadam
2238 3992 2608 4041 extramurana

363 4056 534 4106 rotam
579 4054 847 4122 figulinam
895 4060 1114 4108 versat«
1253 4060 1272 4087 ²
1307 4057 1550 4117 Urbicus,
1604 4058 1833 4110 Mutians
1887 4058 2091 4110 Diener.
2164 4057 2213 4110 S.
2252 4057 2351 4109 ‘289
2386 4060 2450 4110 A.
2492 4058 2535 4108 l.

369 4122 389 4152 ³
423 4121 670 4174 Beaniter
707 4124 798 4175 des
834 4124 1276 4177 Nonnenklosters
1313 4125 1361 4179 S.
1401 4126 1583 4179 Crucis
1620 4127 1675 4178 in
1710 4127 1895 4179 Gotha.
1934 4126 1982 4180 S.
2023 4127 2121 4178 275
2157 4129 2217 4179 A.
2258 4126 2305 4177 2.
2429 4126 2450 4156 4
2484 4123 2603 4191 Vgl.

361 4189 449 4243 ΒΓ.
489 4190 603 4244 278.
743 4195 764 4224 ⁵
800 4192 988 4245 Maitin
1027 4192 1218 4258 Sohflo,
1255 4193 1484 4247 Mutians
1519 4196 1753 4247 Effuiter
1788 4195 2114 4247 Prokurator.
2164 4194 2213 4246 S.
2255 4195 2352 4246 133
2389 4195 2450 4246 A.
2491 4196 2535 4244 1.

362 4260 385 4289 ⁶
419 4259 527 4310 Der
559 4260 697 4312 nach
733 4250 1114 4315 Ubereinkunft
1163 4262 1260 4313 mit
1295 4263 1394 4315 deu
1431 4264 1661 4316 Vikaren
1698 4265 1789 4316 der
1824 4263 2204 4316 Marrcnkirche
2252 4263 2307 4313 in
2342 4262 2516 4314 Erfurt
2550 4260 2605 4312 in

365 4326 598 4380 Mutians
631 4327 778 4381 Haus
825 4330 1167 4399 eingezogene
1210 4330 1408 4384 Mieter.
1469 4333 1518 4386 S.
1557 4334 1654 4385 277
1693 4335 1753 4385 A.
1792 4334 1839 4386 3.
1912 4335 2085 4385 Allem
2128 4330 2423 4385 Anscheine
2473 4330 2607 4383 nach

362 4412 472 4518 {vg
499 4411 572 4518 εἰ
574 4397 744 4521 ᾰάἓιόο
733 4398 836 4453 alte
881 4400 1103 4467 Insasse,
1151 4399 1235 4451 ein
1271 4399 1473 4455 Offizial
1518 4403 1627 4455 und
1677 4401 1983 4470 Schiitzling
2030 4396 2289 4455 Voltzkes.
2362 4398 2478 4467 Vgl.
2516 4398 2599 4453 Br.
