3084 4895
828 415 1040 472 Mutian
1076 431 1145 470 an
1179 411 1448 484 Agricola.
1517 411 1734 470 Mutina
1763 427 1832 466 an
1866 410 1916 467 J.
1952 409 2166 466 Hessus.
2485 409 2607 476 411

372 589 511 674 Ego
582 612 851 674 quoque,
896 594 969 654 ut
1012 587 1225 671 inquit
1267 585 1406 666 ille,
1465 584 1766 653 minimus
1831 584 2258 668 apostolorum
2322 583 2610 650 contraxi

378 677 538 742 satis
584 677 855 742 validam
904 697 1161 740 manum
1208 679 1272 738 et
1318 693 1572 755 possum
1618 671 1684 736 in
1731 670 1988 742 cohorte
2032 675 2250 735 nostra
2293 673 2613 736 ostentare

376 763 569 827 duces
616 768 681 827 et
724 762 1039 846 principes
1082 761 1249 824 viros
1294 765 1357 822 et
1404 759 1478 822 de
1523 757 1719 823 sacris
1761 756 1964 822 abbas
2007 761 2072 822 et
2115 778 2377 837 magnos
2434 756 2616 822 Jovis

377 850 715 933 epulones;
762 871 838 912 ex
883 847 1104 912 ordine
1146 845 1425 910 litei-ario
1470 844 1654 928 quasi
1713 843 2014 927 quosdam
2064 842 2506 941 cataphractos
2551 846 2615 906 et
2731 875 2738 886 ·

376 935 853 1019 antesignanos»,
927 954 1086 1017 quos
1158 931 1413 1014 agmine
1484 931 1652 995 facto
1727 930 2082 1004 educemus,
2151 951 2205 993 si
2275 929 2614 994 necessitas

382 1021 819 1105 postulaverit,
864 1024 1086 1083 contra
1130 1016 1502 1082 fraterculos
1565 1015 1874 1080 casearios
1902 1022 1984 1098 εἰ
2023 1014 2340 1080 'fanaticos
2403 1015 2615 1096 paedi-

380 1111 645 1184 catores‚
691 1107 829 1170 hem
877 1103 1363 1189 praedicat-ores·
1414 1103 1620 1167 dicere
1664 1100 1850 1166 volui.
1936 1099 2087 1177 Nos,
2135 1100 2188 1164 si
2234 1100 2616 1182 probaveris,

382 1197 447 1260 te
493 1193 950 1258 constituemus
992 1186 1488 1272 imperatorem.’.
1572 1187 1741 1252 Haec
1784 1185 2113 1251 scribenda
2172 1186 2412 1269 putavi,
2473 1207 2612 1250 cum

428 1285 537 1342 uer
593 1275 1005 1362 NepotianuS,
1070 1275 1305 1341 Urbani
1364 1274 1566 1339 nostri
1625 1293 1838 1356 nepos,
1900 1273 1979 1337 ad
2033 1272 2309 1336 scholam
2378 1265 2614 1335 Vratis-

382 1301 727 1430 faviensem
762 1363 1177 1447 ablegaretur.
1224 1359 1391 1426 Vale.
1437 1359 1642 1424 Nonis
1665 1357 1985 1444 Aprilibus
2007 1356 2326 1424 MDVIXX
2351 1357 2613 1439 Gothae.

690 1465 812 1522 Cod.
848 1464 995 1526 Frcf„
1018 1463 1135 1518 291.

378 1671 568 1726 eotha.
1422 1653 1564 1720 339.
2198 1673 2246 1726 5.
2283 1670 2432 1743 April
2470 1669 2617 1727 1514.

1045 1779 1334 1853 Mutian
1376 1801 1475 1852 an
1518 1777 1588 1852 J.
1634 1777 1971 1854 HessuS.⁸

476 1910 891 1984 (Versichmny
923 1911 1015 1966 der
1048 1911 1435 1980 standsehaft
1466 1911 1583 1966 und
1620 1910 1792 1966 Gne-ss
1825 1928 1925 1966 von
1957 1911 2189 1981 Pardus
2221 1928 2324 1966 aus
2357 1910 2531 1978 Rom.)

508 2026 631 2078 Suo
667 2028 864 2088 flesso
898 2026 1150 2088 Norico,
1184 2027 1497 2090 pontificis
1528 2025 2086 2084 Vuranslaviensis
2106 2037 2136 2070 ο
2169 2039 2209 2078 a
2241 2026 2498 2080 aaron·

708 2113 943 2166 oratori
975 2117 1040 2166 et.
1072 2113 1441 2176 philosopho
1476 2113 1878 2166 disertissimo
1911 2110 2021 2182 (Π.
2055 2109 2299 2180 Eunu).

593 2223 811 2302 Hesse,
857 2227 945 2290 mi
989 2225 1207 2306 Hesse,
1252 2225 1616 2292 salvus'siS.
1705 2223 1840 2308 Ego
1879 2247 2022 2290 vero
2065 2229 2130 2290 te
2175 2224 2367 2309 diligo
2412 2226 2477 2289 et
2520 2243 2620 2287 me

382 2313 530 2374 a'te
580 2311 759 2394 diligi
807 2317 976 2377 certo
1022 2312 1171 2377 scio,
1260 2313 1331 2376 In
1376 2319 1569 2378 causa
1613 2318 1711 2377 est
1751 2315 1882 2378 tam
1929 2311 2134 2376 mutui
2187 2311 2416 2376 amoris
2469 2330 2622 2374 con-

378 2396 626 2481 junctio
672 2398 1048 2477 studiorum,
1096 2399 1363 2465 dicerem
1410 2420 1653 2465 morum
1702 2399 1910 2477 etiam,
1960 2399 2083 2465 nisi
2111 2403 2180 2465 tu
2213 2421 2312 2464 me
2345 2397 2623 2464 vinceres

384 2483 611 2547 officiis
658 2488 724 2548 et
767 2484 1182 2551 humanitate.
1273 2484 1345 2551 Si
1388 2492 1602 2551 tamen
1650 2508 1790 2551 mea
1844 2487 2297 2551 consuetudine
2350 2484 2444 2549 uti
2501 2483 2622 2548 tibi

384 2570 779 2635 familiariter
840 2572 1073 2649 liceret,
1139 2573 1420 2656 profecto
1490 2573 1759 2637 sentires
1813 2594 2016 2659 neque
2068 2572 2261 2637 officii
2320 2593 2432 2637 nos
2485 2588 2623 2638 esse

388 2678 593 2739 neque
668 2656 1083 2721 humanitatis
1168 2662 1477 2741 expertes.
1597 2658 1791 2723 Faxit
1863 2658 2234 2724 immortalis
2306 2659 2480 2734 dene,
2553 2660 2626 2737 ut

384 2744 641 2807 tandem
700 2744 1042 2827 aliquando
1096 2746 1563 2826 conveniamus.
1653 2744 1938 2829 Petrejus
1993 2751 2224 2823 noster,
2289 2762 2478 2829 quam
2524 2744 2620 2807 in-

387 2831 706 2911 geniosus,
754 2829 907 2894 deus
954 2829 1135 2906 bone,
1168 2852 1355 2913 quam
1390 2831 1617 2896 doctus
1647 2835 1712 2895 et
1743 2832 2013 2897 disertus
2037 2832 2315 2915 juvenis!
2392 2831 2625 2895 Romae

386 2916 523 2997 agit
575 2916 741 2980 inter
794 2916 1034 2981 scribas
1092 2915 1494 3000 apostolicOS,
1551 2916 1802 2983 futurus
1844 2918 1909 2982 in
1957 2918 2111 2982 urbe
2156 2917 2372 3001 procul
2431 2916 2623 2982 dubio

386 3001 601 3081 (modo
648 3003 905 3067 fortuna
946 3003 1117 3067 votis
1160 3003 1548 3078 subscribat)
1594 3008 1659 3069 et
1690 3024 1958 3087 magnus
1983 3010 2054 3069 et
2082 3004 2388 3070 honestus
2417 3001 2622 3067 hiero-

385 3087 646 3170 phanta.
738 3088 799 3153 Is
843 3094 909 3154 te
945 3088 1132 3173 jubet
1174 3112 1213 3154 a
1258 3089 1443 3155 nobis
1487 3088 1768 3155 salutari.
1859 3088 1930 3154 Si
1961 3091 2181 3170 crediS,
2221 3089 2381 3154 bene
2410 3087 2623 3166 habet,

384 3174 441 3239 si
484 3195 611 3237 non
659 3174 883 3253 credis,
945 3179 1145 3241 testor
1189 3174 1425 3255 Fidem,
1482 3173 1896 3241 Concordiam
1945 3181 2009 3241 et
2051 3180 2290 3241 ceteras
2335 3175 2483 3240 deas
2527 3177 2625 3238 at-

385 3280 510 3342 que
548 3260 717 3325 deos.
808 3261 1213 3343 Quamquam.
1249 3265 1316 3326 et
1356 3261 1614 3327 tabulas
1657 3260 1929 3346 proferre
1974 3283 2231 3346 possum
2274 3260 2626 3326 testimonii

287 3426 294 3432 .
383 3347 541 3411 loce.
630 3346 797 3429 Lege
840 3351 933 3420 tu,
980 3347 1075 3410 vir
1104 3347 1588 3413 facundis'sime.'
1669 3347 1990 3432 „Saluta“,
2034 3350 2246 3432 inquit
2287 3343 2624 3429 Petreju8,‘

391 3431 639 3515 „verbis
684 3433 841 3497 meis
887 3432 1309 3515 Spalatinum,
1377 3434 1531 3498 item
1606 3457 1681 3500 ac
1745 3433 2091 3509 Urbanum,
2146 3439 2210 3499 et
2262 3435 2319 3498 si
2361 3432 2472 3516 qui
2515 3430 2623 3495 alii

385 3522 540 3583 sunt
595 3518 716 3583 mei
772 3517 1119 3583 amantes.“
1214 3516 1471 3583 Audin?
1545 3520 1704 3603 „mei
1747 3519 2090 3587 amantes.“
2185 3520 2338 3599 Quis
2381 3516 2626 3583 nesciat

388 3604 655 3669 Hessum
725 3604 1022 3691 Noricum
1090 3626 1227 3669 esse
1288 3606 1800 3671 amantissimum
1865 3612 1929 3671 et
1994 3604 2624 3673 observantissimum

512 3854 552 3941 ‘⁸¹'
576 3840 1139 3978 ffissieffigrivmspiel
1157 3910 1208 3964 s.
1228 3911 1329 3965 405
1349 3911 1600 3968 zweimal.
1674 3913 1694 3945 ²
1707 3911 1826 3991 'Die
1879 3928 2007 3966 anzo
2025 3911 2200 3978 stelle,
2223 3912 2308 3966 <fle
2327 3912 2443 3967 sich
2461 3912 2626 3967 seibst

386 3977 435 4030 K
448 3993 547 4031 am
561 3995 595 4045 p
610 3978 721 4031 sch
735 3978 873 4031 ulte
908 3978 1002 4032 hat
1036 3980 1292 4046 entgehen
1329 3980 1516 4047 lassen,
1556 3981 1788 4046 bewmst,
1919 3998 1946 4035 s
1981 3982 2074 4035 das
2107 3980 2499 4036 Unternehmen
2535 3982 2628 4035 der

385 4046 971 4101 Dunkelmiinnerbriefe
993 4047 1077 4100 ein
1101 4064 1205 4101 von
1238 4048 1441 4103 Mutian
1476 4050 1746 4119 geplantes
1780 4050 1888 4103 und
1957 4049 2191 4104 eleitetes
2225 4067 2346 4106 war.
2453 4052 2475 4083 ⁸
2505 4050 2539 4104 J
2540 4051 2624 4105 oh.

385 4114 525 4167 Hess
560 4130 657 4168 aus
690 4115 983 4184 Niirnberg,
1020 4116 1223 4170 damals
1258 4118 1749 4172 Geheimschreiber
1783 4119 1876 4171 des
1959 4119 2152 4172 ischofs
2185 4118 2349 4173 Turzo
2383 4138 2434 4176 v,
2470 4118 2626 4173 Bres-

386 4182 494 4241 lau.
549 4188 721 4251 spiiter
772 4185 1002 4253 evangel.
1058 4184 1308 4253 Prediger
1358 4186 1605 4241 daselbst.
1676 4186 1898 4251 Kolde,
1950 4188 1998 4240 J.
2047 4186 2199 4242 Hess,
2252 4188 2416 4242 Bresl.
2476 4188 2624 4243 1846.

387 4251 673 4318 Kostlin,
727 4252 780 4304 in
829 4253 921 4305 der
965 4254 1163 4307 Ztschr.
1201 4256 1249 4309 d.
1288 4255 1407 4310 Ver.
1444 4256 1477 4308 f.
1516 4256 1705 4309 Gesch.
1757 4272 1808 4310 u.
1845 4256 2026 4309 Altert.
2080 4256 2277 4310 Schles.
2327 4256 2418 4311 Vl.
2488 4256 2625 4310 Dass

390 4319 595 4375 Mutian
632 4321 733 4375 den
766 4321 813 4375 J.
850 4320 1003 4389 HeSS,
1040 4322 1133 4375 der
1165 4324 1307 4377 scine
1342 4323 1562 4379 Studien
1594 4324 1742 4377 nicht
1775 4325 1868 4377 auf
1899 4326 1988 4377 der
2025 4325 2132 4379 Erf.
2151 4325 2346 4379 Schule
2378 4326 2624 4394 gemacht

392 4389 556 4457 hatte,
592 4388 743 4443 nicht
838 4390 1069 4445 rsonlich
1102 4390 1309 4459 kanuto,
1344 4408 1401 4445 er
1467 4393 1567 4447 ben
1600 4392 1742 4447 scine
1778 4394 1826 4449 ei
1897 4408 1964 4446 en
1998 4393 2182 4453 Worte
2215 4394 2290 4447 im
2325 4395 2440 4449 Ans.
2463 4394 2511 4447 d.
2533 4392 2621 4461 Bt.

452 4458 480 4491 ‘⁴
513 4456 707 4513 Diesen
787 4458 887 4513 ries
916 4460 1010 4514 des
1044 4458 1233 4530 Petrej.
1272 4466 1404 4516 erw’
1481 4462 1506 4515 t
1538 4461 1679 4533 auch
1711 4458 1798 4515 Br.
1827 4408 1956 4523 5¹50.
