3084 4895
487 395 618 459 466
1319 390 1490 446 Briefe
1525 391 1621 446 des
1656 392 1707 448 J.
1748 393 1897 446 1514.

492 578 724 649 (Gotha.)
1545 563 1691 626 397.
2390 576 2549 646 (Aug.
2592 577 2779 646 1514.)

1245 671 1536 742 Mutian
1583 691 1680 740 an
1723 671 2009 740 Eoban.

493 772 660 852 (Uber
694 783 795 835 den
841 781 968 835 Vers
1003 781 1094 834 der
1129 781 1396 835 Heroiden
1410 803 1427 836 .·
1467 781 1629 835 Hes-se
1656 799 1794 850 puer
1828 785 1917 833 ete.
1945 780 2061 833 und
2094 778 2247 832 Versa
2273 781 2357 832 als
2382 779 2779 848 Erm'edemny

613 852 786 904 dieser
819 850 1320 917 Aufnaerksamlceit.
1395 851 1681 904 F‘rommer
1724 849 1961 902 Wunseh
1992 848 2089 916 fv’ae‘r
2122 848 2338 901 Eobans
2372 849 2651 916 Zukzmft.)

1225 957 1553 1007 Mutianue
1588 954 1848 1006 Eobano
1885 965 2017 1004 suo.

701 1058 842 1122 Non
893 1057 1216 1123 imminuit
1260 1063 1437 1124 tuam
1487 1057 1775 1130 laudem..
1809 1057 2090 1134 Eobane‚
2155 1056 2327 1136 quod
2385 1057 2774 1120 versiculum

503 1145 820 1231 quendam
867 1165 1076 1207 meum
1123 1146 1350 1209 inseris
1397 1144 1770 1210 posteritati
1816 1142 2012 1220 tuae‚¹
2073 1143 2200 1204 imo
2263 1145 2458 1222 auget
2518 1143 2774 1224 opinor.

491 1229 593 1295 Ita
639 1231 806 1294 enim
855 1229 1012 1292 scite
1057 1230 1350 1308 includiS,
1401 1235 1474 1295 ut
1520 1230 1789 1293 multum
1838 1227 1998 1292 lucis
2043 1232 2240 1308 atque
2284 1227 2457 1290 haud
2503 1229 2639 1291 scio
2687 1247 2773 1290 an

495 1317 836 1399 plurimum
885 1313 1128 1378 decoris
1173 1316 1419 1380 afferat.
1512 1314 1696 1378 Cer-te
1740 1315 1935 1377 anulo
1980 1334 2232 1395 gemma
2276 1313 2583 1376 accessit:

729 1399 1012 1484 „Sponte
1056 1423 1175 1465 sua
1217 1402 1481 1466 influxit
1528 1400 1829 1466 brevibus
1873 1399 2034 1464 mihi
2075 1397 2260 1462 Musa
2306 1397 2531 1462 diebus

827 1491 893 1549 et
938 1484 1094 1550 mihi
1133 1487 1266 1568 jam
1314 1507 1510 1570 puero
1558 1507 1683 1551 non
1732 1485 1871 1551 leve
1915 1506 2147 1549 nomen
2192 1488 2349 1558 erat,

725 1577 799 1636 ut
843 1592 974 1634 non
1021 1573 1402 1656 praecipuus
1447 1572 1773 1638 dubitaret
1818 1571 2091 1635 scribere
2139 1575 2349 1633 vat-es:

827 1657 1023 1720 Hesse
1069 1679 1242 1740 puer,
1290 1658 1454 1723 sacri
1497 1657 1702 1740 gloria
1747 1655 1944 1720 fontis
1990 1653 2205 1720 eris.“²
2314 1703 2317 1706 .

699 1743 796 1806 Ex
875 1743 994 1806 hac
1067 1749 1184 1808 tua
1257 1744 1702 1808 benevolentia
1777 1746 2025 1806 tantam
2116 1741 2255 1823 cepi
2348 1740 2778 1822 voluptatem,

493 1834 803 1913 quantam
865 1849 946 1892 ex
1009 1850 1158 1892 vera
1222 1831 1425 1910 gloria
1493 1849 1717 1911 capere
1784 1828 1993 1892 debui.
2082 1827 2309 1910 Itaque
2374 1827 2468 1889 sic
2534 1833 2603 1889 te
2672 1847 2779 1889 re-

496 1935 933 1980 munet-amur:

747 2000 902 2063 Vere
945 2004 1060 2063 tuo
1107 2000 1276 2063 laeta
1320 1999 1613 2082 fulgebas
1658 2000 1892 2076 indole,
1940 1998 2150 2062 cultus

849 2085 1092 2166 ingenii
1141 2086 1313 2149 vario
1359 2087 1513 2150 flore
1560 2085 1812 2149 nitebat
1854 2103 2021 2165 ager,

745 2172 983 2236 diceret
1028 2175 1101 2234 ut
1147 2175 1326 2234 vates
1369 2172 1537 2235 inter
1586 2175 1785 2254 quota
1831 2169 2037 2254 portio
2082 2166 2317 2231 Rufus:

853 2257 1089 2338 „Hesse
1135 2277 1307 2338 puer,
1354 2259 1520 2321 sacri
1565 2257 1767 2338 gloria
1810 2255 2009 2318 fontis
2056 2253 2235 2316 eris.“

748 2342 986 2406 Addita
1031 2363 1202 2405 nunc
1246 2342 1482 2406 fidibus
1526 2343 1667 2405 laus
1712 2346 1809 2404 est
1854 2347 1920 2404 et
1965 2343 2149 2402 tanta
2196 2337 2469 2415 canoris„

739 2445 743 2451 ·
848 2431 924 2491 ut
966 2431 1080 2492 tua
1127 2428 1462 2511 contingat
1507 2428 1693 2492 Musa
1737 2447 1987 2491 novena
2033 2424 2266 2507 polum.

747 2514 1076 2596 Exemplis
1121 2512 1344 2579 fulcire
1389 2516 1558 2597 piam
1606 2536 1705 2577 res
1749 2514 1993 2596 optima
2038 2512 2261 2592 legem,

851 2600 1046 2681 digna
1091 2600 1373 2684 quidem,
1418 2600 1678 2681 grandis
1723 2600 1824 2663 cui
1870 2598 2191 2684 tribuat-ur
2236 2595 2460 2659 honoS.

746 2684 818 2749 Si
865 2684 1228 2768 Capitolina
1275 2687 1513 2767 legeret
1560 2686 1687 2749 Leo
1734 2705 1987 2749 carmen
2034 2683 2099 2745 in
2146 2703 2307 2758 arce,

705 2844 717 2856 ,Δ
856 2792 1048 2835 aurea
1095 2792 1204 2853 pro
1251 2773 1529 2835 numeris
1577 2770 1855 2854 praemia
1902 2769 2035 2833 scio
2080 2768 2279 2831 daret.

758 2854 1000 2920 Sancta
1043 2856 1310 2940 puellari
1356 2858 1663 2939 gauderet
1708 2857 1883 2919 curia
1928 2850 2165 2933 coetu‚⁸

856 2943 1162 3007 scriberet
1205 2944 1453 3006 auctori
1497 2940 1890 3007 bibliotheca
1933 2941 2161 3005 locum.

755 3025 1174 3092 Teutonicum
1221 3028 1389 3092 Latii
1435 3034 1651 3111 patres
1698 3025 2037 3108 (mirabile)
2084 3029 2293 3088 vatem

854 3114 1144 3177 versibus
1190 3119 1490 3178 ornarent
1533 3121 1757 3196 terque
1802 3116 2153 3195 quaterque
2198 3110 2351 3173 suis,

750 3198 930 3263 Tunc
975 3203 1128 3264 tuus
1173 3200 1298 3263 imo
1345 3222 1524 3263 meus
1570 3199 1859 3281 Petrejus
1904 3199 2114 3261 incola
2158 3196 2397 3259 Romae

803 3296 808 3301 '
851 3289 1243 3349 monstraret
1289 3287 1478 3349 sociis
1523 3286 1709 3349 Helia
1755 3282 1951 3349 dona‘²
1998 3283 2231 3365 probis.

751 3370 1000 3435 Interea
1046 3371 1349 3451 quoniam
1389 3372 1575 3453 juvat
1619 3372 1777 3434 haec
1823 3390 2123 3451 expressa
2168 3366 2487 3447 voluptaS‚

859 3457 1036 3519 vitali
1081 3478 1272 3521 succo
1320 3458 1618 3520 carminis
1661 3458 1798 3539 ipse
1844 3455 2039 3518 fruar.

708 3542 1038 3605 Hactenus
1085 3544 1160 3607 de
1209 3564 1350 3605 vere
1403 3548 1465 3606 et
1509 3548 1755 3606 aestate
1800 3546 1932 3605 tua.
2024 3540 2346 3621 Superest,
2393 3539 2467 3599 ut
2510 3537 2772 3597 autum-

502 3648 623 3690 nus
671 3631 735 3692 et
780 3626 922 3692 dein
987 3627 1191 3692 hiems
1257 3628 1490 3692 aetatis
1560 3628 1825 3691 feliciter
1870 3632 1933 3690 et
1977 3625 2139 3689 bene
2205 3620 2525 3687 succedat.
2615 3617 2773 3680 Vale

509 3711 852 3793 singularis
899 3718 964 3777 et
1007 3712 1276 3778 amande

1490 3795 1781 3862 POETA.

811 3881 934 3934 Cod.
969 3876 1105 3936 Frcf.
1145 3880 1260 3935 386.

500 4002 590 4055 Br.
631 3995 752 4055 330.
820 4001 892 4053 Er
928 4002 1082 4055 sollte
1116 4000 1231 4055 sich
1269 4000 1408 4053 nach
1442 3998 1530 4052 ΒΓ.
1559 3997 1662 4052 304
1680 3998 1774 4051 der
1792 3996 2071 4051 Laufbahn
2090 3995 2234 4048 eines
2251 3993 2503 4047 Notarius
2523 3990 2771 4067 widmen,

503 4086 554 4125 u.
596 4069 668 4125 M.
705 4069 949 4123 bediente
987 4070 1104 4123 sich
1141 4070 1315 4123 seiner
1349 4067 1427 4121 als
1461 4067 1793 4121 Prokurator.
1852 4065 1940 4120 ΒΓ.
1976 4066 2095 4119 451.
2206 4064 2224 4095 ²
2258 4062 2504 4115 Eobanus
2521 4059 2771 4139 ‘Post-en—

500 4138 613 4204 tati,
665 4139 752 4191 die
789 4138 946 4191 letzte
986 4140 1080 4191 der
1117 4138 1252 4191 1514
1305 4136 1681 4191 erschienenen
1736 4134 2015 4189 Heroiden.
2086 4132 2267 4185 Eoban
2318 4131 2467 4183 hatte
2518 4146 2569 4181 m
2624 4128 2770 4205 diese

502 4207 729 4260 Heroide
765 4206 849 4259 bei
894 4206 1243 4275 Schilderung
1277 4206 1450 4259 seines
1486 4203 1941 4271 Bildungsganges
1978 4200 2251 4271 geschickt
2286 4201 2384 4251 den
2425 4199 2557 4251 Vers
2593 4210 2769 4271 emge-

502 4276 658 4333 webt.
696 4276 796 4328 den
833 4277 971 4328 eiust
1005 4274 1210 4328 Mutiau
1249 4275 1383 4328 1506
1419 4290 1485 4326 an
1523 4274 1616 4324 ihn
1654 4273 1933 4340 gerichtet:
1983 4271 2177 4322 »Hesse
2224 4284 2370 4336 puer,
2423 4266 2557 4319 sacri
2607 4264 2771 4331 gloria

504 4344 664 4396 fontis
721 4345 865 4399 eris«
935 4345 1052 4411 Vgl.
1105 4344 1155 4398 S.
1205 4344 1272 4396 68
1323 4347 1384 4395 Α.
1442 4342 1490 4405 2,
1531 4344 1574 4395 1.
1720 4344 1740 4374 ²
1774 4338 2019 4393 Eobanus
2071 4338 2373 4391 Posteritati
2427 4336 2493 4389 V.
2548 4330 2768 4406 95-98.

504 4414 738 4481 Operum
763 4414 948 4481 fan-ag.
986 4414 1119 4467 Frcf.
1146 4414 1280 4466 1564
1304 4430 1352 4479 p.
1386 4412 1500 4465 252.
1591 4412 1611 4442 ³
1644 4408 1905 4463 Puellaris
1932 4411 2129 4475 coetus,
2149 4406 2236 4459 dio
2252 4404 2561 4459 Heroiden.·
2617 4404 2639 4433 ⁴
2670 4400 2771 4452 Die
