3084 4895
489 383 612 448 196
1256 377 1430 434 Briefe
1465 397 1569 434 von
1607 373 1964 438 1509—1511.

491 547 724 639 (ἀπῇα.)
1554 552 1693 616 148.
2262 567 2341 620 ιο.
2378 565 2515 619 Nov.
2552 565 2755 635 (1510).

1240 674 1532 744 Mutian
1576 696 1674 746 an
1718 675 2001 746 Urban.

492 809 516 872 (
524 805 778 858 Wic’mcht
813 803 929 854 sich
963 802 1117 854 einen
1153 803 1536 855 vollloommnm
1586 803 1776 854 Lehrer
1808 803 1923 854 und
1966 801 2041 854 W
2090 801 2288 864 wei-ser,
2339 818 2437 852 um
2492 801 2614 852 Gott
2661 801 2766 852 das

499 873 659 942 Opfer
693 871 1105 937 darxubrinqm.
1175 869 1344 937 Klaye
1377 871 1505 922 iiber
1537 870 1623 922 die
1669 869 1882 922 Wirren
1917 870 1982 921 in
2068 886 2215 921 essen
2258 869 2374 920 und
2420 869 2764 934 Tk-iirinyen.)

696 987 778 1036 Η.
814 984 1092 1042 Urbano,
1137 985 1274 1034 viro
1323 983 1522 1043 probo
1558 986 1623 1034 et
1659 983 1863 1042 docto,
1910 983 2143 1034 rectori
2189 981 2409 1032 domus
2458 981 2665 1031 Vallis
2702 980 2766 1030 S.

957 1067 1229 1128 Georgii,
1263 1068 1463 1118 amico
1499 1067 1870 1118 suavissimo
1907 1066 2019 1133 (Μ.
2054 1063 2301 1132 Eume).

705 1177 769 1242 S.
862 1175 1138 1240 Cautum
1196 1182 1294 1241 est
1358 1178 1424 1241 in
1487 1178 1760 1241 decretis
1829 1177 2156 1241 canonicis
2216 1179 2280 1238 et
2337 1176 2431 1238 ita
2488 1172 2767 1238 saeculis

501 1263 752 1346 aliquot
796 1262 1158 1326 sacerdotes
1204 1284 1558 1326 servavere:
1607 1283 1687 1325 ne
1732 1261 1969 1326 Christi
2017 1262 2212 1325 sacris
2257 1260 2554 1324 initiatus
2612 1263 2768 1322 ante

499 1370 629 1412 rem
677 1348 956 1411 divinam
1007 1349 1523 1428 ceremoniasque
1569 1348 1780 1424 obeat,
1813 1368 2003 1430 quam
2051 1347 2133 1409 ab
2178 1347 2524 1408 assistente
2556 1343 2767 1405 hiero-

497 1433 744 1516 phanta
792 1431 1090 1495 sacrificii
1119 1434 1312 1495 ritum
1345 1437 1410 1495 et
1439 1434 1741 1513 mysteria
1774 1433 2093 1496 doceatur.
2168 1429 2451 1505 Utinam,
2487 1429 2768 1504 Urbane,

505 1540 633 1581 non
683 1518 1100 1581 desiderarem
1165 1519 1486 1600 praevium
1552 1519 1883 1594 seniorem,
1941 1518 2050 1596 qui
2094 1516 2176 1578 ad
2222 1516 2418 1579 altare
2464 1535 2592 1594 qua
2636 1514 2772 1575 itur

499 1607 886 1667 monstraret
931 1604 1241 1666 semitam.
1333 1603 1425 1665 De
1471 1603 1751 1684 perfecto
1797 1603 2023 1683 loquor
2056 1604 2119 1663 et
2150 1595 2520 1681 ἱερουργίας
2561 1598 2769 1679 perito

501 1693 583 1759 et,
647 1694 720 1752 ut
781 1687 1054 1750 breviter
1119 1687 1344 1758 dicam,
1418 1689 1693 1751 vidente.
1787 1688 1973 1750 Caeci
2042 1690 2194 1748 sunt
2260 1685 2407 1760 fere,
2470 1687 2577 1764 qui
2646 1683 2771 1744 hac

503 1778 713 1836 aetate
779 1773 1156 1835 sacrificant.
1249 1772 1694 1834 Habrahamus
1757 1772 1919 1834 vidit
1973 1771 2138 1834 diem
2198 1770 2333 1851 ejus
2378 1774 2443 1831 et
2488 1769 2771 1831 laetatus

505 1862 621 1921 est.
715 1858 1179 1939 Aperiebantur
1225 1857 1380 1920 coeli
1429 1857 1763 1930 Ezechieli,
1803 1857 1911 1936 qui
1948 1855 2181 1938 populo
2215 1853 2531 1936 peccatori
2566 1853 2769 1915 clausi

509 1948 708 2005 erant.
806 1941 1142 2024 „Revela“‚
1209 1943 1419 2023 inquit
1487 1941 1712 2018 David,
1788 1942 2046 2022 „oculos
2106 1938 2339 2002 meos“
2436 1939 2772 2014 Quomodo

505 2050 604 2091 me
651 2027 876 2090 doceat
921 2027 1274 2112 imperituS‚
1331 2027 1500 2107 quod
1559 2027 1862 2107 ignorat?
1956 2024 2259 2089 Abditum
2318 2045 2574 2104 quaero,
2640 2043 2771 2084 non

505 2112 586 2176 ab
632 2112 759 2176 illis
803 2111 1092 2194 protrita,
1135 2110 1245 2191 qui
1292 2133 1370 2175 ne
1415 2113 1628 2175 sciunt
1659 2111 1936 2193 quidem,
1972 2111 2143 2193 quod
2174 2110 2487 2172 nesciunt.
2568 2108 2775 2170 Aliter

503 2199 742 2262 rustica
787 2197 1000 2260 contio
1035 2198 1327 2273 docetur,
1385 2196 1571 2259 aliter
1614 2196 1898 2278 mysterii
1961 2195 2349 2276 latentisque
2416 2193 2775 2275 sapientiae

506 2282 905 2365 percupidus
997 2281 1358 2345 Bernardus
1403 2285 1555 2345 tuus
1598 2285 2039 2364 praeceptores
2083 2301 2210 2343 non
2259 2279 2493 2342 habuit
2537 2284 2603 2341 et
2650 2297 2775 2358 ¹ego

507 2372 756 2449 gestum
832 2367 1326 2430 sacrificulorum
1404 2364 1751 2449 spectando
1821 2366 2033 2428 didici.
2148 2365 2333 2427 Docti
2401 2363 2639 2445 pariter
2706 2370 2777 2424 et

508 2454 749 2517 indocti
793 2474 924 2515 una
979 2452 1174 2515 ferme
1218 2452 1489 2515 formula
1534 2474 1663 2515 rem
1711 2472 1950 2514 sacram
1998 2451 2262 2529 faciunt,
2310 2452 2383 2513 ut
2428 2447 2779 2513 conveniat

509 2540 698 2602 nobis
743 2538 900 2601 illud
951 2538 1383 2601 persianumt¹
1441 2536 1832 2619 „Scribimus
1864 2538 2105 2600 indocti
2140 2536 2441 2616 doctique
2474 2540 2777 2615 poemata

511 2624 807 2704 passim.“
904 2622 1067 2698 Quid
1116 2624 1313 2701 igitur
1358 2622 1627 2685 censes?
1716 2622 2017 2685 Videntes
2064 2623 2314 2695 desunt,
2360 2620 2531 2682 caeci
2562 2619 2776 2682 abun-

509 2711 666 2771 dant
711 2708 885 2770 velut
931 2712 1296 2771 aestuosum
1350 2728 1533 2769 mare.
1629 2707 1722 2768 Ad
1786 2706 2153 2769 Trebatium
2224 2705 2441 2768 Cicero
2507 2705 2773 2767 scribit:

516 2792 718 2875 „Num
787 2793 891 2873 jus
968 2792 1152 2855 civile
1227 2796 1506 2855 vestrum
1580 2814 1659 2854 ex
1728 2791 1909 2854 libris
1984 2792 2284 2873 cognosci
2357 2794 2590 2872 potest,
2661 2792 2777 2870 qui

515 2899 882 2959 quanquam
916 2878 1128 2959 plures
1153 2877 1302 2953 sint,
1327 2878 1649 2940 doctorem
1681 2882 1894 2940 tamen
1926 2877 2270 2957 lumenque
2295 2873 2777 2938 desiderant?“²

513 2962 608 3025 Tu
653 2963 974 3043 intelligas
1030 2962 1349 3025 doctorem
1397 2962 1726 3043 idoneum.
1819 2962 2089 3025 Multum
2150 2961 2316 3024 enim
2372 2960 2579 3035 refert,
2645 2980 2777 3039 quo

511 3049 655 3132 quis
701 3052 920 3111 utatur
963 3048 1290 3128 magistro,
1338 3048 1470 3109 sive
1509 3047 1634 3127 juri
1685 3048 1817 3109 sive
1864 3047 2154 3128 religioni
2186 3046 2464 3109 studeas
2542 3043 2773 3107 Verum

513 3136 588 3196 de
634 3133 753 3197 hac
797 3155 862 3195 re
908 3133 1083 3195 satis,
1175 3132 1580 3195 Herebordus
1634 3133 1745 3195 ubi
1802 3132 1887 3195 sit
1946 3138 2010 3195 et
2065 3133 2216 3212 quid
2276 3137 2447 3212 agat,
2515 3150 2779 3210 prorsus

513 3216 790 3301 ignorO.³
877 3217 1050 3280 Nihil
1099 3218 1266 3281 enim
1313 3218 1391 3279 ad
1439 3238 1539 3279 me
1586 3217 1825 3281 scribit.
1916 3216 2122 3280 Meam
2179 3217 2376 3299 igitur
2437 3214 2776 3297 epistolam

513 3305 750 3367 frustra
839 3304 920 3367 ad
1009 3325 1151 3366 eum
1241 3303 1542 3383 scriptam
1634 3303 1953 3365 combure.
2086 3302 2469 3365 Benedictus
2558 3304 2780 3362 noster

511 3377 910 3473 ὑπωρόφιος
955 3376 1252 3471 κηδεμών
1278 3398 1306 3427 ⁸
1352 3388 1576 3450 visitat
1618 3409 1757 3451 meo
1793 3389 2065 3464 nomine,
2094 3388 2123 3425 ¹³
2166 3386 2470 3449 mandato
2517 3391 2777 3464 gentem

513 3472 993 3538 Hassiaticam.⁴
1082 3473 1172 3535 De
1218 3493 1346 3553 qua
1391 3472 1547 3535 mihi
1593 3472 1973 3535 nuntiantur
2017 3471 2272 3534 horrida
2302 3470 2469 3533 bella
2514 3474 2579 3532 et
2624 3491 2780 3531 con—

515 3562 918 3624 turbationes
983 3556 1360 3638 regiminis.⁵
1450 3557 1780 3621 Scinditur
1837 3558 1898 3619 in
1959 3562 2188 3639 partes,
2288 3556 2498 3618 Altera
2558 3555 2779 3617 studet

651 3774 678 3801 a
703 3756 958 3823 κησαμών.
1033 3758 1102 3810 So
1137 3758 1276 3811 auch
1314 3758 1462 3811 Tenx.
1604 3764 1632 3801 b
1658 3758 1868 3812 nomine
1902 3756 2026 3823 fehlt
2060 3755 2143 3808 bei
2179 3756 2328 3808 Tenz.

657 3830 673 3859 ¹
709 3826 912 3881 Mutian
963 3826 1072 3878 irrt.
1127 3826 1236 3879 Der
1279 3827 1481 3881 citierte
1516 3828 1652 3881 Vers
1689 3828 1831 3880 steht
1878 3826 2001 3879 Hor.
2049 3826 2095 3877 Ε
2134 3865 2144 3877 .
2180 3825 2251 3889 II,
2295 3827 2340 3883 1,
2381 3825 2494 3876 117.
2624 3824 2645 3855 ²
2680 3822 2779 3889 Ep.

516 3896 582 3949 ad
616 3895 738 3949 fam.
776 3896 896 3958 VII,
939 3896 1016 3949 19.
1159 3896 1179 3926 ³
1213 3894 1534 3950 Scherzhaft.
1574 3896 1691 3964 Vgl.
1730 3896 1818 3948 ΒΥ,
1858 3894 1958 3946 142
1994 3893 2100 3946 Sch
2122 3908 2229 3946 uss,
2373 3893 2393 3923 ⁴
2428 3892 2529 3943 Die
2564 3891 2779 3944 Dienst-

517 3964 822 4032 entlassung
862 3964 989 4033 ‚(B1·.
1044 3964 1166 4031 139)
1225 3980 1336 4016 war
1399 3965 1506 4017 also
1565 3966 1713 4016 nicht
1783 3980 1875 4015 zur
1930 3961 2239 4013 wirklichen
2292 3961 2641 4027 Ausfiihrung
2688 3976 2781 4027 ge-

515 4034 775 4086 kommen.
847 4026 992 4085 Uber
1038 4032 1154 4085 eine
1197 4032 1407 4085 friihere
1451 4032 1861 4085 Geschastsreise
1898 4031 2083 4082 Rufius
2132 4030 2271 4081 nach
2319 4028 2523 4080 Hessen
2578 4028 2685 4093 vgl.
2724 4027 2779 4081 S.

514 4102 584 4153 86
620 4104 680 4154 A.
720 4102 765 4153 7.
908 4103 929 4132 ⁶
961 4100 1119 4152 Diese
1155 4099 1365 4179 &Yirren
1411 4102 1639 4180 brachen
1686 4100 1807 4152 bald
1844 4100 1991 4179 ‘nach
2038 4100 2159 4149 dem
2214 4098 2351 4149 Tode
2386 4095 2671 4150 Wilhelms
2708 4095 2780 4147 Π.

517 4168 1743 4315 ἓξ,κῖὲῗῖῗέῑςῖ“ἓέξιΜὲἰῗθέι’ὲῗίῄἕέᾂθᾞὲἓὶ
1764 4165 2412 4303 ρῗὲίεὲἓὲἒῶῗᾱῗῧξᾶῗη
2418 4166 2557 4284 ᾰέἷ-’ἒ
2563 4178 2659 4282 {331-
2674 4179 2783 4283 Ἐξ

517 4304 805 4357 Wilhelms
865 4307 959 4357 des
1019 4305 1218 4370 Altern,
1271 4306 1364 4357 des
1415 4304 1906 4371 schwachsinnigen
1972 4302 2203 4355 Bruders
2257 4302 2350 4353 des
2407 4300 2782 4353 verstorbenen

522 4373 865 4443 Landgrafen,
902 4374 1110 4427 anstrat.
1183 4374 1284 4425 Die
1321 4372 1471 4426 Stadt
1513 4374 1785 4441 Homberg
1838 4372 2090 4439 (Mutians
2124 4370 2361 4438 Heimat)
2413 4368 2576 4422 nahm
2628 4382 2785 4434 sogar
