3084 4895
1255 411 1469 468 Mutian·
1506 431 1574 467 an
1609 405 1811 468 Urban.
2547 407 2668 470 187

400 588 606 653 habeo
655 589 1014 672 Baptistam
1063 587 1485 651 Mantuanum
1510 610 1547 648 :·
1578 585 1746 668 „Nec
1776 586 1978 649 solum
2014 584 2331 647 fortunam
2375 581 2665 646 homines

399 676 753 757 patiuntur,
817 675 883 737 in
928 674 1121 737 urbes
1177 673 1296 736 Jus
1355 672 1568 747 habet,
1616 673 1681 734 in
1726 672 1921 752 leges„
1970 672 2033 732 in
2076 691 2291 750 regna,
2328 670 2393 731 in
2423 667 2663 748 templa

399 761 696 842 deosque.
787 759 1034 840 Religio
1079 763 1264 822 vetus
1311 759 1581 833 interiit,
1628 779 1792 840 quae
1837 757 2057 820 floruit
2088 755 2237 818 olim
2288 753 2442 816 Tam
2474 754 2663 833 longe

397 847 656 927 lateque
709 849 972 927 patens,
1035 848 1190 907 sunt.
1260 843 1440 906 irrita
1498 843 1697 905 Mosis
1762 843 1971 922 Atque
2032 841 2277 903 Numae
2346 838 2660 911 consult-a,

401 931 600 995 Solon
647 930 792 994 silet
824 933 1018 1012 atque
1049 925 1470 1010 LycurguS.“¹
1564 927 1875 990 Desinant
1917 927 2114 1006 igitur
2145 925 2437 988 initiatae
2469 923 2665 986 sacris

403 1017 636 1080 Vestae
681 1015 950 1078 nimium
997 1015 1132 1077 suis
1175 1013 1492 1077 institutis
1535 1013 1865 1076 confidere.
1943 1012 2157 1074 Ruent
2187 1031 2327 1074 cum
2362 1013 2663 1090 tempore.

401 1101 714 1164 Desinant
787 1099 1062 1163 amicum
1136 1097 1464 1164 Urbanum
1539 1098 1849 1161 lacessere
1926 1096 2299 1160 maledictis.
2418 1094 2663 1157 Inimici

403 1193 556 1249 sunt
621 1186 766 1250 odio
833 1185 1049 1266 digni3
1127 1206 1306 1247 verae
1335 1196 1364 1224 ⁸
1427 1183 1768 1260 Barbarae,
1847 1194 2084 1246 veraea
2149 1181 2434 1255 Ursulae,
2502 1201 2665 1259 quae

402 1274 718 1336 amatores
793 1291 943 1334 suos
1017 1270 1228 1334 odisse
1301 1270 1527 1332 solent.
1650 1269 1963 1332 Desinant
2052 1267 2237 1330 nobis
2324 1265 2664 1329 obtrudere

403 1357 672 1420 Paulum
748 1353 1188 1432 Tharsensem,
1257 1355 1424 1436 quod
1497 1355 1702 1417 dicat:
1781 1354 2047 1435 „Fugite
2114 1349 2659 1417 fornicationem.“

407 1441 702 1506 Urbanus
745 1441 1126 1504 fornicarius
1169 1463 1299 1504 non
1347 1444 1462 1518 est,
1526 1440 1820 1520 quamvis
1865 1441 2144 1522 virgines
2206 1438 2664 1516 maritatasquo

401 1527 812 1610 cupidissime
843 1525 1088 1590 futuat:
1121 1526 1200 1589 ad
1235 1547 1512 1608 unguem
1546 1525 1775 1588 doctus
1792 1525 2161 1606 ‚clinopalen
2196 1528 2261 1586 et
2288 1522 2661 1586 amat-oriam

403 1613 732 1677 militiam:
782 1613 884 1675 cui
929 1616 1179 1692 praeter
1225 1613 1526 1675 talionem
1576 1611 1735 1674 nihil
1780 1611 1927 1674 mali
1976 1610 2215 1692 precari
2278 1609 2545 1684 debetis,
2591 1611 2665 1670 ut

401 1699 646 1762 scilicet
688 1717 802 1779 pro
846 1701 948 1761 tot
1007 1697 1306 1762 futuariis
1366 1696 1630 1777 flagitiis
1676 1717 1715 1758 a
1758 1697 2117 1760 membroso
2183 1696 2421 1777 pistore
2486 1693 2664 1758 miris

402 1784 609 1847 modis
671 1781 1084 1865 paedicetur.²
1173 1783 1411 1846 Notum
1462 1787 1559 1844 est
1605 1781 1790 1844 illud:
1860 1782 2036 1863 „Qua
2103 1801 2399 1844 mensura
2466 1779 2667 1842 mensi

404 1868 716 1947 fueritis“,
763 1869 916 1932 item
961 1868 1152 1932 illud:
1207 1869 1343 1950 „Ab
1389 1867 1514 1932 alio
1562 1872 1911 1950 exspecteS,
1959 1867 2141 1930 alteri
2173 1866 2345 1948 quod
2380 1862 2659 1927 feceris.“

403 1955 541 2018 Hac
583 1955 790 2017 bonae
837 1955 1231 2037 pudicaeque
1277 1952 1801 2018 sanctimoniales
1844 1953 2129 2016 vindicta
2182 1955 2521 2014 contentae
2570 1949 2665 2012 di-

403 2040 602 2104 scatis
636 2061 761 2104 non
797 2062 935 2104 esse
979 2041 1139 2104 satis
1183 2061 1502 2116 accusare,
1535 2039 1874 2102 criminari.
1952 2038 2107 2114 Quis
2139 2039 2305 2101 enim
2339 2037 2666 2112 innocens,

403 2130 478 2190 ut
524 2125 739 2209 inquit
782 2125 1080 2190 Julianus
1121 2125 1490 2210 Imperator,
1537 2125 1592 2188 si
1636 2145 1971 2190 accusasse
2016 2122 2333 2190 sufficiet?
2409 2121 2577 2187 Vale.

719 2225 844 2280 Cod.
881 2225 1014 2281 Frcf.
1054 2225 1167 2284 106.

403 2429 637 2501 (soffia.)
1463 2388 1606 2480 14⁴1.
2031 2427 2189 2498 (nach
2227 2429 2306 2481 11.
2342 2425 2455 2481 Juli
2493 2423 2667 2495 1510.)

1161 2540 1451 2609 Mutian
1497 2561 1592 2609 an
1639 2540 1919 2610 Urban.

407 2666 812 2737 (Nockmaliqer
861 2668 1006 2721 Tros-t
1052 2686 1223 2737 weyen
1267 2669 1360 2723 der
1403 2668 1705 2735 entfickrten
1749 2667 1940 2721 Nonne
1984 2667 2101 2719 und
2156 2665 2535 2733 Ver-sicherunq
2582 2666 2673 2718 der

833 2738 1324 2805 Verschwieqenheit
1353 2754 1512 2807 yeyen
1548 2737 1800 2807 Spalatin
1835 2736 1951 2789 und
1984 2735 2256 2803 Harbord.)

1155 2853 1238 2903 H.
1274 2852 1532 2903 Urbano
1569 2852 1658 2902 M.
1692 2848 1937 2901 Rufum

611 2958 679 3023 S.
793 2958 1303 3024 Succurrendum
1379 2964 1514 3025 erat
1589 2960 1859 3024 honesta
1934 2958 2217 3041 cupienti
2302 2956 2670 3037 praesertim

401 3044 662 3109 Urbano
696 3045 1055 3111 tabescenti
1085 3046 1172 3110 ob
1205 3052 1450 3129 raptam
1501 3044 1921 3129 Glaphyram⁸
1954 3050 2020 3108 et
2052 3044 2280 3107 mirum
2308 3044 2375 3105 in
2410 3041 2669 3105 modum

402 3130 516 3207 ira,
596 3135 790 3207 metu,
867 3131 1314 3211 indignatione
1395 3153 1681 3195 accenso
1808 3130 2060 3211 Alioqui
2134 3129 2333 3192 videri
2411 3148 2669 3209 possum

405 3216 747 3279 ambitiose
794 3216 984 3281 nimis
1030 3240 1109 3279 ne
1155 3218 1360 3281 dicam
1410 3219 1625 3299 inepte
1670 3216 1915 3292 fecisse,
1961 3216 2035 3291 si,
2084 3215 2231 3277 dum
2274 3213 2673 3276 familiariter

404 3300 638 3377 scribo,
683 3306 902 3366 tantas
945 3303 1330 3383 tragoedias,
1398 3307 1530 3365 tam
1588 3301 2008 3383 multiplicem
2074 3300 2428 3363 doctrinam
2498 3298 2672 3360 velut

405 3386 471 3448 in
510 3387 646 3450 acie
679 3386 892 3450 solatii
937 3408 1123 3470 ponc.
1201 3386 1327 3451 Sed
1360 3386 1518 3449 haec
1552 3387 1694 3467 plus
1726 3386 1970 3450 habent
2004 3385 2225 3447 virium
2266 3386 2331 3448 in
2364 3382 2671 3457 sanandO,

403 3493 596 3551 quam
665 3471 778 3535 illa
843 3472 1255 3555 legulejorum
1319 3473 1418 3537 vel
1485 3473 1677 3537 etiam
1747 3472 2193 3551 theologorum
2264 3470 2669 3550 malagmata.

403 3556 546 3619 Non
613 3558 782 3621 enim
844 3558 1033 3639 attigi
1091 3557 1294 3621 nostri
1356 3558 1516 3637 juris
1585 3557 1899 3639 pontificii
1968 3556 2222 3637 placita,
2292 3554 2413 3617 etsi
2482 3552 2673 3617 obvia

405 3646 654 3720 essent3
702 3642 888 3705 omisi
935 3644 1213 3723 glossam
1260 3643 1434 3705 verbi
1487 3641 1883 3723 „Honestae“
1941 3642 2031 3702 De
2066 3644 2240 3703 statu
2287 3638 2670 3721 regularium

400 3727 564 3790 libro
653 3725 814 3805 V13⁴
899 3729 1082 3791 omisi
1173 3726 1638 3790 Clementinam
1734 3724 2231 3808 „Attendentes“
2326 3725 2418 3787 De
2494 3728 2669 3787 statu

404 3811 932 3890 monachorum3⁵
1015 3813 1310 3895 praeterii
1396 3814 1887 3875 commentarios
1968 3811 2337 3893 Hieronymi
2393 3815 2456 3873 et
2518 3808 2670 3870 Am-

401 3897 598 3961 brosii
647 3902 720 3960 ut
763 3897 955 3961 nimis
1013 3903 1332 3961 austeram
1395 3897 1794 3960 medicinam.
1888 3897 2163 3977 Vulgata
2222 3900 2377 3959 sunt
2436 3894 2545 3957 illa
2606 3899 2672 3956 et

537 4078 566 4106 ὃ
593 4080 736 4117 Vere.

549 4132 730 4200 ¹Bapt.
751 4132 914 4186 Mant.
951 4132 1031 4185 De
1057 4134 1264 4185 fortuna
1283 4132 1570 4201 Gonzagae.
1610 4130 1742 4199 Opp.
1760 4132 1919 4183 Antv.
1943 4131 2092 4198 1576,
2112 4148 2163 4197 p.
2192 4130 2291 4183 189
2310 4130 2359 4183 b.
2433 4128 2672 4181 2Mutian

409 4200 550 4269 zeigt
591 4201 646 4253 in
702 4201 879 4255 dieser
921 4200 1214 4255 Auslassun
1292 4201 1635 4254 monchische
1689 4199 1965 4253 Frivolitat
2014 4200 2126 4252 und
2187 4197 2667 4265 Scheinheiligkeit.

403 4269 507 4322 Ein
541 4269 766 4335 Beweis,
803 4268 902 4323 wie
939 4270 1078 4323 auch
1113 4270 1198 4323 die
1229 4316 1236 4323 .
1277 4272 1426 4322 esten
1460 4286 1568 4323 von
1602 4269 1724 4321 dem
1743 4267 2086 4323 unsittlichen
2119 4267 2297 4320 Geiste
2324 4267 2417 4318 des
2436 4265 2671 4318 Kloster-

403 4337 588 4391 lebena
623 4338 927 4405 angosteckt
960 4354 1150 4391 waren.
1295 4338 1316 4369 ⁸
1331 4338 1452 4407 Vgl.
1489 4336 1708 4405 γλαφυραὶ
1743 4332 2040 4399 λευκόροδον
2078 4336 2171 4389 des
2206 4334 2422 4402 vorigen
2453 4333 2669 4393 BriefeS.

406 4406 428 4439 ⁴
462 4405 658 4460 Sextus
691 4406 950 4461 Decretal.
987 4406 1020 4463 L
1058 4406 1154 4475 111,
1187 4406 1268 4461 tit.
1309 4408 1388 4463 16.
1531 4410 1553 4439 5
1587 4405 1748 4461 Clem.
1785 4405 1819 4461 l.
1855 4405 1951 4473 111,
1986 4404 2066 4460 tit.
2106 4404 2187 4471 10,
2225 4403 2271 4459 2.
