3084 4895
463 387 588 452 304
1295 386 1467 444 Briefe
1503 391 1595 446 des
1630 379 1681 445 J.
1719 391 1867 449 1513.

464 563 844 647 professores
877 563 968 626 illi
999 563 1390 628 venerabiles
1422 568 1666 628 vestros
1711 564 2068 630 bacularios
2098 566 2445 634 honorifica
2474 587 2712 654 pompa

464 650 889 732 dignarentur.
979 646 1075 712 Tu
1121 670 1266 713 vero
1313 650 1518 714 minas
1564 653 1629 714 et
1665 649 1894 734 jurgia,
1952 674 2081 716 non
2139 654 2350 720 civilia
2404 657 2597 721 verba
2642 662 2711 722 et

463 735 783 800 modestas
828 733 1194 812 blanditias,-
1239 738 1312 798 ut
1357 735 1490 800 fieri
1533 736 1713 814 solet,
1758 739 2163 820 proposuisti.
2254 739 2325 804 Si
2370 740 2525 806 haec
2579 743 2707 806 tibi

461 822 620 885 falso
696 819 1029 902 objicimus
1106 820 1342 900 (potest
1417 821 1585 884 enim
1656 821 1811 900 fieri,
1880 827 1954 886 ut
2018 824 2344 889 hominum
2412 829 2709 911 quamvis

459 908 868 990 plurimorum
915 927 1117 969 sermo
1163 905 1553 989 mentiatur),
1607 911 1674 971 at
1719 914 1883 972 certe
1928 913 1993 972 te
2038 911 2245 991 ipsum
2298 913 2593 977 admirari
2640 919 2707 978 et

460 999 590 1058 tam
638 993 1036 1074 impudenter
1083 991 1338 1056 laudare
1382 993 1551 1075 apud
1585 999 1983 1075 praestantes
2016 997 2181 1060 viros
2214 1019 2340 1062 non
2373 999 2702 1064 debueras.

463 1081 698 1144 Rident
741 1079 851 1160 qui
898 1079 1186 1155 audiunt,
1231 1083 1296 1142 et
1341 1079 1627 1160 ineptum
1674 1078 2147 1164 gloriosumque
2192 1083 2509 1150 doctorem
2573 1109 2703 1150 non

457 1167 728 1249 possunt
792 1186 916 1227 non
980 1163 1162 1246 sequi
1227 1164 1507 1246 posticae
1573 1188 1829 1230 sannae.
1920 1166 2143 1246 Quare,
2193 1171 2276 1233 mi
2322 1171 2703 1249 Hereborde‚

463 1254 517 1316 si
562 1251 1002 1316 auctoritatem
1052 1250 1216 1314 tueri
1261 1254 1326 1313 et
1369 1251 1639 1331 gratiam
1688 1273 1935 1316 servare
1996 1253 2286 1335 volueris,
2332 1257 2409 1321 de
2455 1263 2516 1322 te
2561 1260 2699 1340 ipso

468 1340 534 1401 in
581 1337 726 1401 aula
771 1336 1148 1417 Moguntina
1193 1339 1484 1399 neutram
1533 1337 1596 1399 in
1633 1341 1873 1419 partem
1920 1338 2216 1420 loquaris
2312 1342 2603 1407 Urbanus
2636 1349 2701 1408 et

461 1446 598 1506 eg0,
660 1445 822 1505 quae
880 1421 1104 1485 honori
1149 1425 1260 1484 tuo
1307 1423 1499 1486 noxia
1545 1427 1697 1486 sunt
1742 1425 2135 1507 exitiosaque
2190 1425 2321 1491 fore
2380 1433 2699 1512 putamuS,

453 1511 574 1574 tibi
641 1513 946 1589 tanquam
1016 1508 1245 1571 viatori
1308 1507 1559 1571 foveam
1628 1510 2037 1575 ostendimus„
2131 1512 2201 1574 Id
2270 1515 2478 1597 ipsum
2548 1516 2700 1580 boni

458 1595 716 1660 consule
769 1600 834 1659 et
887 1615 1003 1674 age
1059 1595 1418 1676 prudenter,
1488 1595 1855 1676 praesertim
1922 1595 2042 1661 hac
2106 1601 2504 1681 tempestate,
2572 1625 2701 1684 qua

451 1681 806 1766 respublica
870 1679 1434 1762 Erphurdiensium
1503 1681 1570 1745 in
1637 1703 1881 1746 summo
1950 1683 2310 1749 discrimine
2377 1688 2695 1757 fluctuat.¹

453 1769 604 1832 Vale
651 1771 714 1830 et
758 1788 874 1843 me,
925 1767 1092 1849 quod
1138 1765 1312 1845 faciS,
1359 1789 1520 1830 ama.
1610 1767 1716 1832 XI.
1765 1767 1893 1832 Cal.
1941 1769 2185 1835 Junias.

754 1867 875 1920 Cod.
911 1865 1044 1919 Frcf.
1081 1866 1196 1920 283.

450 2056 678 2127 (Gotha.)
1487 2041 1633 2105 247.
2356 2060 2483 2131 (Mai
2522 2062 2696 2132 1513.)

1202 2168 1488 2238 Mutian
1531 2189 1631 2238 an
1677 2168 1950 2241 Urban.

449 2301 474 2366 (
482 2285 614 2351 Uber
668 2297 929 2355 Herbords
987 2296 1148 2350 Str-eit
1201 2297 1304 2349 ‘mit
1353 2297 1453 2350 den
1496 2298 1848 2368 Philosophen
1881 2300 1996 2352 und
2027 2281 2125 2353 den
2160 2301 2466 2354 Eberbaehs.
2540 2302 2700 2354 Seine

448 2367 890 2420 mutmassliehen
924 2365 1192 2418 fflnreden
1221 2383 1379 2434 yeqen-
1413 2365 1660 2420 Maiiam·
1682 2369 2151 2437 Zureektwez'suny.
2224 2369 2369 2423 Stolx
2398 2371 2515 2422 und
2546 2371 2697 2424 Hab-

569 2437 720 2489 sueht
754 2435 843 2488 ein
877 2434 1222 2503 Erfordernis
1255 2435 1342 2488 des
1375 2435 1618 2489 Juristen
1650 2437 1789 2491 nach
1823 2438 2174 2507 landldufi'yer
2219 2439 2579 2507 Vorstelluny.)

623 2552 926 2603 Primario
961 2552 1095 2601 viro
1130 2551 1346 2602 Errico
1380 2552 1655 2610 Urbane,
1690 2552 2069 2604 urbanorum
2102 2554 2512 2613 festivissime,

1393 2639 1480 2688 M.
1515 2637 1737 2689 Rufus.

655 2750 720 2815 S.
815 2750 1082 2814 Causam
1131 2750 1380 2814 dissidii
1439 2751 1605 2815 inter
1638 2751 2093 2815 .Herebordum
2140 2757 2203 2817 et
2246 2752 2692 2835 Aperbacchos

445 2840 594 2902 ante
657 2836 812 2901 mihi
879 2838 1266 2917 incognitam
1336 2842 1551 2920 aperte
1617 2837 1859 2917 scribiS,
1923 2842 1997 2901 ut
2054 2840 2267 2902 sciam.
2369 2840 2687 2903 Dicerem:

452 2923 736 3007 „Jupiter
798 2927 863 2986 te
926 2923 1088 2986 male
1154 2921 1476 3005 perdat“,²
1546 2924 1669 2987 nisi
1734 2924 2077 2988 benevolus
2123 2946 2319 2988 essem
2368 2929 2433 2988 et
2475 2924 2690 2988 fautor

439 3011 692 3093 juvenis
740 3009 998 3072 nimium
1064 3010 1394 3073 temerarii.
1486 3008 1708 3073 Servet
1754 3032 1893 3073 eum
1941 3011 2153 3093 potius
2199 3012 2367 3075 bona
2410 3011 2685 3075 fortuna.

446 3096 600 3173 Vah,
649 3096 824 3159 solus
871 3095 973 3157 hic
1017 3094 1408 3159 umbraticus
1442 3096 1662 3159 doctor
1692 3094 1945 3159 affines³
1976 3118 2330 3178 emungere,
2365 3098 2686 3160 cohortem

447 3182 1034 3268 philosophantium
1083 3180 1360 3257 vexare,⁴
1403 3203 1570 3264 unus
1616 3203 1833 3245 omnes
1868 3181 2149 3246 fastidire
2180 3184 2402 3265 pergit.
2481 3182 2687 3245 Casti-

445 3270 612 3350 gabo
669 3269 989 3332 levitatem
1055 3272 1135 3344 et,
1192 3268 1244 3331 si
1301 3271 1510 3331 mente
1556 3290 1711 3331 sana
1756 3273 1871 3346 est,
1928 3269 2211 3350 quietum
2260 3275 2324 3332 et
2367 3268 2681 3349 placidum

445 3356 696 3419 reddam
763 3376 966 3436 neque
1025 3354 1232 3434 patiar
1296 3354 1699 3435 plurimorum
1767 3355 2006 3418 diutius
2072 3354 2311 3418 invidia
2377 3355 2681 3417 laborare.

446 3442 791 3524 Epistolam
839 3443 1051 3503 autem
1094 3440 1215 3503 tibi
1246 3440 1528 3521 patulam
1575 3440 1859 3517 ostendO,
1893 3447 1981 3519 ut,
2016 3440 2068 3503 si
2101 3441 2435 3517 videbitur,
2467 3440 2685 3504 tradas

446 3528 705 3593 homini.
794 3526 1119 3588 Dicturum
1167 3533 1457 3589 autumo:
1532 3526 1740 3608 „Nihil
1799 3528 1954 3607 agiS,
2020 3527 2336 3605 Mutiane3
2402 3548 2528 3589 non
2596 3526 2685 3588 sis

443 3615 598 3678 mihi
667 3619 957 3697 patruus3
1021 3616 1121 3674 sat
1169 3610 1328 3693 juris
1373 3634 1512 3674 sum
1561 3612 1885 3675 consultus
1932 3616 1995 3675 et
2038 3614 2249 3677 omnia
2302 3613 2451 3675 scio,
2542 3612 2682 3674 Mea

447 3701 632 3765 stabo
680 3698 1010 3763 sententia.
1101 3697 1347 3761 Habere
1392 3698 1595 3760 multa
1629 3698 1801 3777 volo;
1835 3720 1960 3761 non
1994 3720 2160 3776 cur0,
2192 3700 2359 3762 unde
2392 3698 2679 3761 habeam.

445 3786 683 3850 Affines
745 3782 1101 3866 compilabo
1158 3784 1358 3865 deque
1419 3784 1606 3847 victis
1664 3783 2187 3867 philosophastris
2253 3784 2676 3866 triumphabo,

443 3874 702 3937 Parcam
787 3869 1143 3933 mortalium
1224 3869 1515 3933 nemini.“
1640 3870 1808 3932 Haec
1880 3878 2072 3951 atque
2146 3871 2301 3933 talia
2375 3872 2543 3933 intra
2614 3892 2681 3931 se

445 3960 756 4040 gloriosus
825 3956 1340 4031 comminiscitur,
1389 3956 1448 4019 id
1497 3956 1667 4037 quod
1736 3953 1873 4033 tibi,
1934 3955 2187 4020 Urbane
2251 3956 2678 4033 solertissime,

581 4147 598 4177 ¹
633 4146 808 4197 Erfuit
855 4144 1119 4196 schwebte
1155 4142 1208 4194 in
1245 4143 1436 4196 Gefahr
1485 4159 1581 4195 vor
1614 4144 1707 4194 der
1741 4142 1944 4196 kaiserl.
1995 4143 2134 4194 Acht
2176 4141 2283 4193 und
2325 4141 2443 4193 dem
2489 4142 2680 4208 Kriege

441 4216 539 4269 mit
593 4214 837 4267 Sachsen.
979 4215 998 4245 ²
1033 4212 1131 4265 Mit
1173 4212 1496 4279 Auspielung
1539 4213 1631 4264 auf
1676 4212 1938 4264 Herbords
1984 4212 2165 4264 Worte
2210 4225 2331 4262 zum
2377 4209 2572 4263 Rektor
2605 4211 2678 4261 im

443 4303 554 4339 vor.
590 4284 675 4337 ΒΓ.
817 4284 837 4313 ³
872 4282 968 4334 Die
1003 4282 1317 4334 EberbachS.
1354 4280 1470 4347 Vgl.
1509 4280 1559 4333 S.
1599 4281 1697 4334 265
1732 4283 1792 4334 A.
1832 4281 1878 4333 2.
1929 4280 2134 4333 Niihere
2171 4278 2513 4332 Aufschliisse
2550 4279 2681 4331 iiber

443 4356 527 4407 die
565 4352 798 4405 Ursachc
837 4352 928 4403 des
952 4351 1170 4403 Zwistes
1207 4351 1371 4419 geben
1392 4350 1476 4401 die
1499 4349 1673 4402 Briefe
1708 4350 1867 4402 nicht.
1976 4351 1996 4381 ⁴
2019 4349 2117 4402 Bei
2146 4348 2485 4416 Gelegenheit
2508 4348 2681 4401 seiner

437 4421 848 4476 Gesandtsehast
884 4438 950 4472 an
986 4420 1069 4472 die
1094 4420 1278 4487 philos.
1299 4418 1553 4472 Fakultiit.
1597 4418 1715 4472 Vor.
1742 4419 1846 4483 Bru,
1884 4420 1975 4470 der
2010 4418 2146 4471 auch
2180 4418 2254 4469 im
2288 4416 2404 4485 folg.
2432 4417 2676 4486 geme-int,
