3084 4895
958 384 1102 449 'Wolf
1132 412 1200 449 an
1236 394 1463 449 Mutian.
1537 389 1747 449 Mutian
1787 412 1854 449 an
1891 391 2045 449 Wolf.
2502 397 2627 465 627

379 561 471 637 ita
519 571 777 654 periisse
822 570 1162 651 Ephesium
1210 569 1598 633 Heraclitum
1629 582 1657 609 ²
1701 564 2146 651 philosophum
2194 575 2266 634 ut
2297 572 2418 635 scis
2449 571 2631 635 fami-

380 665 663 741 geratum
737 663 801 720 et
865 656 1173 719 inclitum.
1264 654 1403 719 Non
1474 657 1656 737 potui
1725 656 1938 736 aliquo
2003 664 2190 739 pacto
2260 680 2356 719 me
2424 660 2626 739 ipsum

380 747 479 809 his
544 744 877 818 consolari,
940 764 1102 824 quae
1162 741 1521 824 philosophi
1587 742 1662 805 de
1711 741 2092 822 perferendis
2138 744 2631 808 adversitatibus

383 831 799 914 perscribunt.
891 828 1025 909 Ego
1075 832 1225 909 (non
1274 829 1469 912 pudet
1514 828 1722 906 fateri)
1769 851 1846 889 ex
1895 830 2178 909 singultu
2212 835 2276 893 et
2308 830 2631 893 doloribus

382 923 667 983 mutatus
713 938 872 991 sum,
924 936 1047 977 non
1092 921 1307 977 tamen
1356 915 1417 975 in
1469 936 1693 977 saxum
1743 920 1855 976 aut
1901 922 2200 989 statuam,
2260 922 2329 979 ut
2384 916 2630 979 Nioben

382 1005 770 1077 fabulantur,
841 1006 1122 1063 mutatus
1190 1008 1401 1062 tamen
1473 1021 1608 1062 sum
1673 1021 1750 1063 ex
1789 1000 2020 1080 juvene
2090 1001 2272 1064 hilari
2339 1006 2401 1065 et
2467 1002 2632 1065 laet-o

382 1092 589 1153 factus
656 1110 848 1151 senex
920 1093 1199 1149 moestus
1246 1096 1309 1147 et
1354 1087 1692 1167 querulus3
1764 1108 1908 1149 nam
1971 1087 2078 1166 qui
2139 1086 2331 1149 XXX.
2404 1090 2633 1152 aetatis

382 1199 617 1240 annum
671 1174 949 1238 nondum
998 1172 1323 1253 complevi,
1376 1193 1649 1253 appareo
1680 1173 1707 1211 b
1777 1174 2076 1235 annosior
2143 1174 2281 1253 ipso
2347 1173 2630 1239 Nestore.

385 1262 675 1327 Profecto
724 1282 849 1324 non
900 1266 1028 1321 tam
1077 1258 1226 1321 anni
1274 1278 1461 1338 quam
1512 1259 1871 1321 anxietates
1915 1263 2303 1321 senectutem
2337 1260 2629 1325 afferunt.

384 1350 607 1431 Itaque
654 1349 707 1411 si
756 1347 921 1409 istuc
967 1364 1215 1421 venem,
1264 1343 1508 1406 videbis
1556 1342 1861 1425 Thomam
1909 1367 2141 1421 senem,
2188 1346 2380 1407 immo
2427 1346 2636 1409 decre-

388 1438 608 1517 pitum,
656 1454 904 1509 canum,
952 1431 1221 1506 calvum,
1267 1430 1654 1507 edentulum,
1701 1451 1919 1493 mucco
1949 1442 1973 1469 ⁰
2027 1436 2090 1493 et
2133 1432 2403 1512 paedore
2435 1434 2636 1514 magis

388 1522 725 1585 deformem
777 1540 965 1601 quam
1014 1538 1165 1579 auro
1199 1522 1261 1577 et
1294 1520 1556 1597 argento
1605 1522 1924 1579 onustum.
2003 1517 2167 1581 Vale.
2250 1519 2638 1599 Argentinae

387 1610 613 1671 cursim
652 1630 729 1669 ex
762 1605 1025 1667 aedibus
1068 1604 1303 1666 nostris
1336 1602 1552 1665 Idibus
1590 1601 1968 1665 Decembris
2047 1603 2230 1667 Anno
2277 1604 2357 1669 Μ.
2406 1606 2463 1668 d.
2515 1612 2634 1666 1111.

502 1765 510 1771 ,
590 1709 817 1761 Joannes
855 1706 1067 1768 Garson,
1105 1705 1183 1757 De
1219 1704 1431 1757 miseria
1464 1704 1710 1756 humana.
1783 1706 1994 1771 Argent.
2037 1705 2182 1758 1505.
2221 1705 2262 1758 C
2296 1707 2390 1760 6b.

386 1897 569 1951 eotha.
1434 1878 1578 1942 559.
2207 1895 2288 1948 30.
2325 1896 2450 1949 nez.
2490 1897 2638 1951 1504.

1155 2004 1445 2075 Mutian
1488 2025 1586 2075 an
1631 2004 1878 2075 Wolf.¹

389 2138 604 2202 (Prb‘stet
638 2136 737 2187 ilm
770 2136 885 2187 und
916 2135 1031 2187 sich
1066 2134 1192 2199 iiber
1224 2135 1323 2187 den
1362 2134 1465 2187 Tod
1496 2136 1644 2189 ihrer
1693 2135 1913 2189 Bm‘ider.
1988 2134 2239 2201 &palatin
2286 2135 2368 2187 bei
2411 2135 2527 2189 ihm
2571 2153 2645 2189 zu

388 2206 606 2259 Beszoele.
682 2205 987 2271 Mitteilwzy
1022 2220 1121 2255 von
1156 2204 1247 2255 der
1280 2204 1335 2255 F
1328 2205 1435 2256 eier
1469 2205 1556 2256 des
1604 2203 2092 2270 We‘lhnacktsfestes
2117 2205 2231 2257 und
2262 2200 2352 2257 der
2395 2205 2643 2259 Gedc‘ieht-

888 2274 1095 2340 nisime
1128 2272 1218 2324 der
1251 2273 1319 2324 m.
1361 2273 1658 2340 Stephanus
1693 2274 1808 2326 und
1839 2272 2142 2339 Jolzannes.)

484 2389 809 2439 Mutianus
843 2387 1049 2439 Rufus
1087 2388 1480 2447 antiquarius
1516 2386 1620 2438 D.²
1657 2387 1874 2441 doctor
1909 2389 2181 2439 'rhomae
2217 2388 2551 2450 Vuolphio.

1380 2475 1438 2525 8.
1476 2476 1554 2526 D.
1591 2476 1662 2526 P.

594 2586 815 2669 Inepte
862 2608 1208 2668 precamur,
1256 2591 1328 2650 ut
1374 2586 1611 2650 multos
1658 2588 1766 2650 det
1807 2585 2054 2668 Jupiter
2110 2607 2330 2649 annos.
2419 2584 2645 2648 Melius

394 2669 708 2748 Socratae,
757 2675 868 2754 qui
915 2673 1068 2736 nihil
1120 2673 1285 2737 ultra
1329 2673 1676 2755 petendum
1723 2695 1758 2735 a
1807 2673 1926 2736 diis
1971 2672 2420 2750 arbitrabatur,
2456 2691 2645 2752 quam

394 2764 467 2822 ut.
542 2759 716 2822 bona
790 2759 1161 2822 tribuerent.
1279 2759 1415 2822 Hoc
1488 2766 1634 2822 utar
1709 2780 1824 2841 ego
1901 2758 2224 2822 Socratico
2317 2758 2642 2821 breviario.

396 2845 628 2907 Eodem
681 2866 828 2908 usos
874 2849 1029 2927 puto
1078 2845 1305 2909 fratres
1367 2849 1620 2908 nostros
1667 2851 1730 2908 et
1774 2845 1856 2908 ob
1901 2845 1963 2907 id
2011 2850 2296 2921 mortem,
2367 2843 2647 2926 profecto

396 2953 523 2994 rem
571 2931 831 2994 minime
887 2932 1136 3007 malam,
1183 2932 1589 3013 impetrasse:
1639 2932 1770 2993 sive
1816 2930 1892 2994 ad
1943 2952 2197 3011 campos
2243 2931 2486 3012 Elysios
2518 2930 2650 2993 sive

396 3019 473 3079 ad
545 3016 725 3080 Jovis
796 3017 1004 3080 aulam
1075 3020 1205 3080 sive
1274 3018 1351 3080 ad
1417 3021 1738 3080 aeternam
1816 3019 2091 3097 requiem
2158 3017 2646 3099 proficiscamur.

398 3103 559 3166 Nam
609 3105 718 3185 qni
766 3105 842 3166 de
885 3103 1104 3166 inferis
1169 3124 1390 3185 parum
1461 3104 1628 3166 laeta
1697 3111 1974 3180 narrant,
2044 3103 2290 3184 poet-ico
2359 3103 2652 3166 nituntur

400 3190 702 3272 auspiciu.
735 3189 763 3228 ‘¹
853 3189 976 3252 Sed
1009 3191 1109 3271 pie
1142 3190 1519 3252 credendum
1556 3194 1654 3252 est
1684 3189 1939 3252 coelites
1972 3189 2218 3252 demum
2254 3189 2414 3253 bene
2448 3210 2650 3266 nosse,

401 3278 550 3358 quid
601 3277 830 3357 cuique
874 3277 959 3338 sit
1005 3277 1179 3354 utile,
1224 3299 1362 3340 eum
1409 3299 1554 3339 vero
1588 3278 1935 3357 sapientem
1972 3297 2125 3352 esse,
2161 3277 2271 3355 qui
2303 3298 2367 3338 se
2400 3275 2648 3338 illorum

400 3364 730 3444 permittat
801 3363 1084 3425 arbitrio.
1200 3363 1422 3444 ltaque
1502 3386 1629 3426 non
1707 3367 1802 3425 est
1870 3367 1941 3424 ut
2007 3370 2259 3443 propt-er
2334 3362 2652 3425 extinctos

398 3457 729 3530 germanos
795 3450 859 3510 in
922 3471 1143 3511 saxum
1216 3450 1389 3512 velut
1460 3450 1606 3512 olim
1677 3448 1880 3512 Niobe
1950 3447 2165 3510 liberis
2231 3449 2362 3511 suis
2429 3448 2652 3511 orbata

404 3543 738 3600 vertamur.
830 3534 1008 3610 Quod
1073 3536 1127 3597 si
1187 3536 1376 3597 citius
1445 3557 1633 3616 quam
1702 3535 2034 3617 opinamur
2096 3535 2500 3597 consenuisse
2546 3556 2655 3616 ap-

404 3628 640 3703 pareat,
690 3621 1021 3684 formosior
1068 3627 1163 3684 est
1209 3627 1419 3684 tamen
1468 3623 1624 3686 haec
1686 3620 2132 3702 intempestiva
2188 3625 2481 3683 senectus
2542 3625 2655 3684 tua

402 3708 870 3790 speciosissima
926 3708 1271 3770 Alcibiadis
1310 3708 1666 3789 juventute.
1759 3706 1942 3787 Viget
1989 3707 2153 3769 enim
2189 3728 2416 3768 nomen
2451 3712 2654 3782 tuum,

404 3795 606 3876 spirat
650 3794 996 3873 ingenium,
1044 3794 1225 3856 floret
1270 3795 1560 3866 eruditis),
1609 3815 1770 3873 quae
1820 3803 1945 3854 tam
1994 3793 2120 3854 late
2166 3793 2520 3872 divagatur,
2585 3799 2656 3855 ut

406 3882 597 3959 digna
668 3879 937 3942 saeculis
986 3885 1049 3941 et-
1094 3879 1335 3942 nullum
1399 3880 1539 3941 aevi
1601 3879 1792 3940 telum
1842 3879 2279 3960 pertimescere
2349 3879 2652 3940 videatur.

403 3965 561 4030 Mihi
606 3967 859 4046 quidem
908 3959 1114 4046 fulgor
1160 3967 1330 4029 illius
1389 3987 1584 4046 quum
1631 3965 1788 4026 alias
1835 3979 1966 4026 tum
2002 3967 2277 4028 maxime
2309 3967 2370 4026 in
2405 3965 2606 4027 literis
2635 3976 2657 4002 θ

406 4053 535 4116 tuis
611 4053 971 4115 novissimis
1040 4053 1350 4134 apparuit.
1465 4051 1634 4114 Deus
1712 4052 1891 4125 bone,
1968 4057 2208 4131 quanta
2275 4052 2656 4122 urbanitate,

406 4140 665 4222 quantis
741 4139 1200 4202 sententiarum
1270 4137 1617 4201 luminibus
1672 4159 1778 4200 eos
1833 4136 2150 4199 refersisti.
2245 4137 2379 4212 Quo
2445 4140 2656 4218 accepi

544 4360 569 4387 a
597 4344 925 4397 heraclitum.
1068 4347 1094 4384 b
1125 4345 1339 4410 AparcO.
1482 4356 1504 4382 c
1535 4356 1731 4393 mucro,
1872 4343 1901 4380 d
1929 4340 2167 4407 auspitiO.
2311 4356 2334 4381 e
2365 4342 2564 4395 litteris,

552 4417 565 4446 ¹
602 4419 841 4466 Antwort
878 4413 968 4464 auf
1002 4413 1100 4464 den
1142 4411 1353 4480 vorigen
1391 4411 1475 4463 ΒΓ.
1619 4415 1638 4442 '·’
1674 4446 1709 4456 -.
1779 4409 2131 4463 Decretorum.

2114 4481 2252 4548 40..
