3084 4895
1181 400 1392 453 Mutian
1427 412 1496 463 an
1532 397 1835 463 MusarduS.
2518 394 2641 458 251

379 574 658 637 Proinde
705 576 1000 655 precatur
1043 573 1346 638 Horatius
1391 593 1603 637 amore
1649 570 2239 655 contemplationis:
2292 568 2431 651 „Sit
2469 571 2644 649 mihi,

380 661 551 740 quod
610 682 780 723 nunc
841 663 958 734 est,
1021 661 1214 723 etiam
1273 659 1503 731 minus,
1566 664 1641 720 ut
1692 658 1844 723 mihi
1894 655 2193 721 vivam.“¹
2287 656 2481 720 Vetus
2550 660 2647 721 est

385 746 818 825 proverbium:
883 744 1313 809 crescentibus
1362 743 1604 807 divitiis
1650 744 1806 807 vitia
1852 764 2148 820 crescere,
2196 746 2259 805 et
2304 741 2645 806 Gualterus

383 830 476 893 De
522 831 721 912 gestis
785 830 1130 894 Alexandri
1196 828 1442 910 Magni:
1525 828 1823 909 „Auferre
1892 828 2162 910 pecunia
2229 848 2453 905 moreS,
2500 829 2642 891 Non

385 916 608 979 afferre
655 914 920 979 solet.“²
1011 916 1132 992 Qui
1202 937 1350 997 ergo
1396 920 1461 977 te
1528 915 1607 977 ad
1678 914 2038 977 Convalleis
2106 912 2498 994 Georgianas
2568 937 2644 976 ex

380 1000 764 1083 philosopho
833 1000 1156 1078 Croesum,
1215 1024 1292 1063 ex
1339 1000 1629 1063 modesto
1698 1001 2097 1076 insolentem,
2146 1022 2221 1061 ex
2270 1006 2646 1082 monotropo

379 1086 846 1151 Romanensem
882 1086 1088 1150 facere
1119 1086 1339 1161 voluit,
1375 1085 1659 1167 profecto
1690 1085 1943 1167 legatus
1976 1088 2110 1149 erat
2142 1084 2643 1163 cacodaemoniS,

381 1172 551 1235 filius
597 1174 1024 1249 tenebrarum,
1091 1171 1265 1235 lerna
1311 1172 1644 1248 malorum,
1707 1172 1924 1234 livoris
1990 1170 2303 1233 alumnus
2402 1171 2647 1252 „Livor,

383 1259 552 1321 iners
620 1258 868 1333 vitium,
937 1278 1144 1320 mores
1209 1280 1336 1321 non
1395 1258 1531 1321 exit
1597 1258 1661 1320 in
1731 1257 1897 1320 altos
1962 1255 2175 1335 thue
2248 1255 2455 1319 latens
2521 1257 2649 1319 ima

387 1343 602 1423 vipera
679 1342 878 1423 serpit
951 1340 1241 1406 humo.“³
1365 1343 1547 1405 Hanc
1622 1346 2093 1425 proserpentem
2171 1340 2461 1419 bestiam,
2528 1341 2647 1405 hoc

384 1432 622 1492 tetrum
670 1428 896 1507 sceluS,
943 1428 1110 1493 hanc
1155 1428 1639 1509 praestigiosam
1704 1427 2201 1498 admonitionem
2250 1430 2314 1489 et
2359 1427 2539 1491 fucos
2585 1433 2649 1491 et

387 1514 608 1578 inania
652 1514 847 1577 verba
911 1518 1264 1578 contemne.
1329 1511 1670 1577 'Fer-antur
1734 1514 1846 1577 alii
1890 1512 2324 1577 multitudinis
2384 1512 2648 1595 judiciO,

388 1621 680 1681 quaeque
725 1600 947 1682 majori
994 1601 1160 1683 parti
1207 1599 1632 1682 pulcherrima
1690 1602 2047 1676 videantur,
2096 1621 2167 1662 ea
2215 1599 2491 1662 maxime
2536 1621 2648 1661 ex-

387 1690 631 1769 optent.
743 1686 1084 1769 Nunquam
1155 1686 1322 1749 enim
1389 1686 1480 1749 ita
1550 1686 1713 1749 bene
1786 1690 1997 1749 actum
2076 1691 2174 1749 est
2248 1708 2390 1749 cum
2460 1684 2649 1749 rebus

384 1771 704 1850 humanis,
751 1776 824 1835 ut
871 1793 998 1834 non
1047 1772 1259 1854 pejora
1317 1772 1643 1835 vincerent
1701 1794 1903 1853 eaque
1955 1771 2243 1855 pluribus
2309 1772 2647 1853 placerent.
2718 1824 2726 1831 .

386 1858 508 1933 Qui
553 1858 790 1939 paucis,
817 1862 1160 1921 contentus
1207 1861 1384 1920 totus
1433 1862 1719 1921 versatur
1753 1858 1819 1921 in
1852 1880 2056 1924 rerum
2092 1857 2647 1939 contemplatione,

388 1942 492 2006 hic
537 1947 636 2006 est·
681 1964 867 2025 quem
917 1945 1078 2021 volo,
1127 1965 1314 2026 quem
1361 1964 1523 2006 amo.
1616 1944 1771 2007 Eam
1820 1965 2113 2025 geramus
2175 1964 2535 2025 personam,
2579 1946 2653 2009 ut

389 2028 716 2111 appetitus
761 2028 996 2093 rationi
1042 2033 1262 2112 pareat
1307 2029 1641 2111 fugiatque
1688 2030 1991 2111 pecuniae
2038 2029 2475 2110 cupiditatem,
2523 2050 2653 2110 qua

388 2114 498 2195 qui
545 2115 995 2193 inflammatur,
1041 2116 1214 2180 hunc
1261 2136 1376 2196 ego
1425 2136 1553 2178 non
1600 2117 1869 2181 stultum
1931 2115 2117 2181 modo
2164 2119 2226 2178 et
2270 2114 2649 2197 improbum,

389 2200 498 2265 sed
547 2200 904 2264 dementem
952 2206 1015 2265 et
1061 2224 1309 2265 morum
1356 2204 1421 2265 et
1464 2202 1691 2282 quavis
1738 2203 1990 2270 sentina
2034 2201 2319 2282 lotioque
2381 2200 2651 2264 sordidi-

388 2308 558 2349 orem
627 2308 764 2349 esse
825 2286 1062 2367 judico,
1155 2287 1308 2351 Plus
1378 2287 1545 2350 enim
1616 2290 1784 2372 apud
1840 2310 1941 2351 me
1998 2286 2169 2350 valet
2228 2287 2391 2350 ratio
2459 2307 2651 2366 quam

386 2371 562 2454 vulgi
607 2372 842 2456 opinio.
937 2373 1223 2437 Perdidit
1267 2371 1402 2437 ille*
1461 2374 1677 2439 nescio
1726 2375 1879 2456 quid
1923 2372 2363 2456 supellectilis3
2397 2394 2478 2435 an
2510 2372 2652 2435 ideo

386 2459 626 2522 miser?
714 2459 856 2522 Non
905 2461 1109 2524 credo.
1199 2460 1350 2525 Bias
1397 2461 1492 2522 vir
1536 2461 1790 2543 sapiens
1824 2464 2013 2542 capta
2045 2461 2251 2542 patria
2284 2481 2423 2523 cum
2460 2458 2652 2522 ceteri

388 2544 592 2607 multa
639 2543 716 2607 de
761 2545 894 2608 suis
939 2546 1128 2608 rebus
1174 2568 1390 2610 secum
1429 2551 1853 2628 asportarent,
1886 2546 2253 2610 admonitus
2286 2567 2323 2607 a
2354 2545 2649 2626 quodam,

373 2633 462 2694 ,ut
507 2630 670 2693 idem
716 2630 854 2712 ipse
902 2630 1168 2696 faceret:
1222 2632 1394 2713 „Ego
1427 2629 1612 2698 vero“
1672 2634 1887 2714 inquit
1938 2632 2159 2715 „facio.
2234 2631 2398 2711 Nam
2441 2631 2656 2694 omnia

394 2737 534 2778 mea
579 2737 824 2779 mecum
872 2715 1114 2798 porto.“
1208 2718 1306 2781 Ita
1337 2719 1470 2782 suis
1501 2719 1775 2800 quisque
1820 2718 2110 2800 fungitur
2154 2717 2457 2799 moribus
2530 2717 2655 2780 Alii

387 2801 668 2864 ludibria
733 2801 1046 2878 fortunae,
1117 2803 1369 2881 sacella,
1427 2827 1571 2868 aras
1634 2802 1892 2881 Christi,
1963 2803 2416 2886 patrimonium
2486 2803 2655 2868 bona

391 2886 740 2968 appellant,
786 2909 950 2968 quae
995 2888 1146 2952 Bias
1179 2889 1649 2954 eruditissimus
1680 2913 1760 2954 ne
1792 2911 1909 2956 sua
1940 2889 2197 2972 quidem
2230 2911 2367 2952 esse
2400 2889 2653 2953 diceret.

391 2971 602 3036 Tanta
633 2977 730 3036 est
763 2995 912 3037 cura
956 2973 1274 3039 libertatis
1319 2975 1575 3039 vivendi
1618 2976 1793 3059 apud
1840 2975 2403 3058 prudentissimum
2439 2996 2657 3055 quem-

391 3080 534 3139 que,
583 3057 646 3121 id
701 3064 801 3123 est
861 3061 1204 3141 potestatis
1271 3061 1549 3138 vivendi,
1592 3066 1667 3127 ut
1710 3063 1883 3126 velis.
1975 3062 2129 3139 Quis
2198 3065 2411 3124 autem
2476 3061 2655 3138 vivit,

392 3147 466 3208 ut
533 3143 714 3207 vult?
823 3145 1231 3228 Respondeat
1307 3146 1661 3211 consularis
1735 3152 1973 3212 orator:
2056 3145 2232 3228 „Nisi
2310 3147 2421 3228 qui
2484 3148 2657 3210 recta

391 3230 710 3310 sequitur3
759 3229 867 3312 qui
914 3231 1151 3311 gaudet
1201 3230 1435 3308 officio,
1470 3234 1572 3296 cui
1605 3233 1859 3296 vivendi
1893 3233 1993 3296 via
2026 3233 2431 3297 considerata
2464 3235 2657 3312 atque

390 3316 646 3398 provisa
694 3322 810 3394 est,
872 3317 982 3396 qui
1038 3317 1290 3398 legibus
1342 3317 1599 3400 quidem
1657 3340 1781 3381 non
1839 3321 2097 3400 propter
2150 3320 2391 3381 metum
2459 3321 2655 3396 paret,

394 3401 504 3464 sed
554 3422 626 3463 ea
673 3401 962 3481 sequitur
1006 3406 1071 3465 et
1115 3402 1286 3479 colit,
1325 3403 1476 3484 quia
1507 3402 1569 3465 id
1605 3404 1881 3466 sal-utare
1916 3427 2053 3467 esse
2087 3403 2360 3466 maxime
2388 3401 2655 3482 judicat,

393 3486 504 3568 qui
544 3485 702 3548 nihil
751 3486 926 3564 dicit,
975 3488 1132 3551 nihil
1181 3487 1355 3566 facit,
1402 3489 1560 3552 nihil
1608 3490 1851 3570 cogitat
1896 3489 2170 3569 denique
2216 3488 2340 3550 nisi
2383 3487 2659 3550 libenter

394 3593 471 3634 ac
514 3571 728 3652 libere,
777 3572 957 3654 cujus
1003 3574 1218 3637 omnia
1265 3575 1531 3637 consilia
1578 3597 1803 3658 resque
1850 3597 2090 3651 omneS,
2138 3595 2299 3654 quas
2345 3574 2527 3654 gerit,
2574 3572 2655 3636 ab

391 3657 532 3738 ipso
585 3658 1072 3739 proficiscuntur
1119 3659 1464 3741 eodemque
1511 3659 1901 3724 feruntur:“⁵
1951 3660 2121 3723 hunc
2166 3660 2363 3740 igit-ur
2408 3658 2659 3740 sapien-

393 3745 522 3805 tem
559 3746 622 3805 et
657 3742 916 3805 divitem
965 3766 1104 3806 esse
1149 3743 1442 3822 arbitror,
1489 3746 1600 3827 qui
1646 3747 1711 3808 in
1757 3769 1824 3808 se
1855 3767 1983 3808 uno
2032 3767 2148 3809 sua
2193 3745 2377 3825 ponit
2422 3745 2654 3808 omnia.

394 3826 515 3902 Qui
592 3830 807 3890 autem
883 3830 1120 3892 curiam
1196 3829 1549 3893 Romanam
1639 3831 2045 3912 imaginatur,
2123 3832 2234 3912 qui
2308 3829 2659 3894 ambitione

394 3911 664 3989 laborat,
699 3913 809 3992 qui
841 3913 1015 3976 lucro
1051 3918 1112 3978 et
1145 3916 1442 3994 quaestui
1474 3917 1709 3992 studet,
1744 3917 1856 3998 qui
1889 3917 2005 3980 deo
2040 3916 2342 3981 utilitatis
2372 3921 2658 3980 terrenae

393 3997 604 4078 gratia
669 4019 849 4060 sacra
916 3998 1092 4076 facit,
1160 4000 1270 4081 qui
1316 4001 1550 4074 fallere,
1623 4002 1895 4078 mentiri,
1965 4000 2235 4083 spoliare
2303 4002 2657 4084 praeclaras

393 4087 563 4146 artes
611 4105 748 4146 esse
794 4087 998 4164 putat,
1051 4085 1150 4147 cui
1199 4107 1342 4165 spes
1388 4087 1596 4150 omnis
1644 4091 1705 4151 et
1752 4088 1915 4150 ratio
1964 4093 2027 4150 et
2074 4087 2379 4166 cogitatio
2425 4086 2659 4169 pendet

393 4189 474 4230 ex
522 4167 807 4231 fortuna:
857 4169 1005 4232 huic
1054 4171 1430 4250 persuadere
1477 4193 1605 4234 non
1652 4194 1932 4254 possum,
1980 4176 2053 4235 ut
2092 4194 2233 4235 cum
2266 4172 2416 4234 viris
2453 4171 2657 4249 boniS,

535 4355 550 4384 ¹
588 4353 711 4406 Hor.
749 4353 844 4420 Ep.
881 4354 922 4423 I,
964 4355 1046 4422 18,
1086 4355 1202 4410 107.
1345 4358 1364 4388 ²
1400 4357 1611 4412 Gualth.
1647 4357 1689 4423 Ι,
1713 4358 1781 4410 96
1805 4374 1880 4430 sq.
2023 4358 2043 4389 ³
2078 4356 2230 4410 Ovid.
2272 4357 2365 4422 Ep.
2404 4372 2473 4409 ex
2491 4355 2656 4408 Ponto

390 4420 489 4489 111,
526 4422 576 4490 3,
615 4421 710 4475 101
750 4437 826 4489 sq.
968 4423 991 4456 ⁴
1021 4424 1130 4476 Der
1163 4423 1645 4479 verlfiumderische
1681 4427 1817 4480 Alte.
1958 4427 1980 4458 ⁶
2018 4425 2125 4479 Cic.
2160 4425 2348 4478 Parad.
2385 4424 2451 4490 V,
2495 4425 2543 4491 1,
2570 4424 2652 4476 34.
