3084 4895
504 423 632 486 380
1340 423 1510 477 Briefe
1546 423 1637 476 des
1674 423 1725 478 J.
1763 423 1911 478 1513.

506 593 677 660 fiat.“
756 595 838 660 Et
867 599 960 670 tu,
996 595 1266 670 Urbane,
1300 599 1355 660 si
1388 601 1591 674 vacat,
1616 597 1777 661 adde
1808 599 2150 680 psalmum:
2191 597 2397 680 „Deus
2428 595 2749 661 laudem“'

505 687 570 745 et
614 682 903 746 stimulos
948 683 1228 748 omnium
1284 684 1692 748 devotionum
1728 689 1789 747 et
1822 684 2284 750 maledictionis
2314 685 2751 766 sempiternae.

506 767 724 851 Neque
771 769 932 832 enim
984 769 1268 834 comburi
1315 769 1472 832 liber
1516 769 1725 844 debet,
1786 771 1894 833 sed
1953 771 2275 835 silentium
2345 769 2755 850 litigantibus

504 854 769 936 injungi,
816 857 984 936 quod
1018 860 1082 919 et
1115 854 1369 920 Caesari
1401 860 1465 919 et
1493 878 1693 938 papae
1744 857 1986 938 placere
2032 857 2336 920 videmus.
2428 855 2756 918 Hactenus

505 940 582 1003 de
643 963 910 1004 censura
987 942 1345 1006 bardorum.
1451 941 1639 1005 Venit
1713 951 1938 1007 octavo
2013 943 2247 1006 abhinc
2320 942 2421 1005 die
2490 941 2755 1022 quidam

506 1026 1002 1092 chiromanticus
1065 1027 1484 1110 Erphurdiam
1531 1029 1787 1092 nomine
1836 1029 2145 1111 Georgius
2190 1029 2467 1092 Faustus
2514 1027 2755 1110 Helnmi-

504 1112 691 1176 theus
736 1114 1282 1196 Hedelbergensis,
1350 1135 1561 1178 merus
1628 1119 1984 1179 ostentator
2029 1121 2093 1179 et
2137 1113 2403 1178 fatuus,²
2494 1113 2643 1195 Ejus
2688 1118 2758 1176 et.

505 1200 787 1264 omnium
834 1200 1330 1266 divinaculorum
1381 1222 1545 1264 vana
1590 1206 1689 1264 est
1733 1201 2037 1283 professio
2082 1207 2148 1266 et
2188 1202 2340 1266 talis
2371 1200 2761 1282 physiogno-

507 1286 722 1349 monia
765 1286 962 1352 levior
1004 1287 1270 1369 tippula.
1303 1298 1330 1326 ⁸
1415 1286 1631 1351 Rudes
1676 1289 2087 1352 admirantur.
2175 1288 2246 1350 In
2282 1309 2423 1351 eum
2469 1284 2757 1366 theologi

503 1373 856 1454 insurgant.
953 1371 1094 1438 Non
1173 1372 1518 1437 conficiant
1589 1373 2037 1458 philosophum
2120 1372 2528 1457 Capnionem.
2616 1372 2755 1452 Ego

507 1458 717 1523 audivi
791 1461 1170 1540 garrientem
1239 1459 1304 1522 in
1371 1458 1667 1541 hospitio.
1776 1459 1915 1523 Non
1986 1461 2294 1542 castigavi
2354 1459 2754 1542 jactantiam.

509 1544 673 1620 Quid
721 1545 926 1608 aliena
973 1546 1222 1610 insania
1267 1545 1347 1608 ad
1393 1547 1535 1608 me?
1626 1544 1943 1628 Spalatini
1985 1552 2057 1611 tu
2102 1547 2329 1609 unicus
2360 1568 2427 1608 es
2457 1545 2754 1608 salvator.

503 1631 793 1781 ffatim
843 1631 1069 1696 referet
1113 1637 1179 1695 et
1223 1632 1424 1695 solvet
1471 1630 1737 1698 debita?
1829 1633 1992 1698 Vale.
2082 1632 2151 1698 V.
2198 1631 2414 1697 Nonas
2460 1631 2759 1696 Octobris

807 1818 928 1874 Cod.
965 1817 1100 1872 Frcf.
1141 1819 1256 1873 120.

506 2005 734 2076 (Gotha.)
1560 1993 1703 2057 308.
2324 2009 2541 2080 (Herbst
2579 2009 2757 2077 1513.)

1225 2118 1514 2190 Mutian
1560 2139 1659 2190 an
1705 2117 2035 2191 Crotus.⁴

509 2246 631 2314 (Aba
670 2247 980 2302 Hartmamz
1012 2249 1113 2300 soll
1145 2248 1292 2302 nicht
1314 2249 1442 2302 tiber
1463 2250 1564 2301 clen
1591 2249 1693 2302 Tod
1715 2249 1884 2302 aeine-3
1920 2249 2243 2318 mec'inqers
2268 2255 2503 2314 tranem,
2528 2250 2760 2304 sondemt

501 2317 618 2370 sich
653 2335 820 2386 aeglon
853 2318 1026 2372 aeiner
1070 2317 1356 2386 Naclcsolye
1401 2318 1897 2398 beqliickwiimcken.
1971 2319 2043 2371 Μ.
2078 2319 2173 2372 hat
2204 2319 2288 2372 die
2336 2319 2489 2372 Versa
2522 2319 2628 2388 auf
2654 2319 2761 2372 den

503 2387 861 2442 verstorbenen
897 2385 997 2440 Abt
1027 2387 1279 2455 9.e¹maelzt
1363 2387 1480 2440 Wie
1512 2405 1591 2440 sve
1626 2387 1736 2456 auf
1758 2389 1856 2440 das
1890 2388 2152 2442 Denlcmal
2194 2388 2514 2457 εἰηφναυίενέ
2553 2389 2761 2444 werden

1081 2458 1258 2510 solleu.
1338 2458 1542 2512 Crotus’
1581 2458 1914 2527 rc‘itselhafter
1950 2458 2153 2511 Scherx.
2149 2460 2175 2526 )

640 2571 967 2625 carissimo
1004 2572 1191 2623 Croto
1228 2573 1478 2635 ingenio
1515 2576 1581 2624 et
1615 2573 1901 2625 doctrina.
1934 2574 2133 2625 nobili
2164 2570 2273 2642 (M.
2310 2571 2551 2641 Rufus).
2580 2576 2607 2615 b

709 2680 773 2745 S.
865 2681 935 2746 Si
982 2704 1252 2765 magnus
1297 2683 1613 2749 Bonifacii
1656 2684 2083 2748 Basilicanus⁵
2118 2685 2200 2749 ob
2234 2684 2558 2749 decessum
2608 2684 2759 2748 bea-

505 2769 737 2833 tissimi
807 2768 1283 2853 patrisfamilias
1357 2770 1574 2835 dolore
1648 2772 1913 2835 affectus
1989 2772 2249 2835 barbam
2326 2772 2759 2853 capillumque

511 2854 854 2932 submittit,
929 2856 1139 2920 minus
1210 2878 1318 2939 per
1384 2857 1607 2921 Jovem
1683 2856 2000 2939 lapideum
2076 2858 2232 2922 mihi
2307 2859 2531 2940 placet,
2608 2880 2757 2921 cum

508 2963 720 3006 eorum
769 2943 1048 3006 decessio
1097 2948 1160 3007 et
1205 2965 1485 3021 occasuS,
1532 2945 1642 3025 qui
1688 2946 1944 3008 virtutis
2006 2945 2315 3027 perfectae
2387 2945 2698 3027 perfuncti
2732 2956 2761 2985 0

505 3032 656 3092 sunt
715 3050 994 3107 munere,
1061 3030 1354 3093 ferendus
1401 3032 1484 3094 sit
1530 3030 1915 3112 aequissimo
1982 3032 2211 3095 anim0.
2302 3030 2522 3113 Neque
2586 3033 2757 3097 enim

503 3120 686 3198 parta
752 3116 1094 3179 sanctitate
1162 3117 1362 3199 gloria
1418 3117 1703 3182 tenebris
1747 3121 1819 3180 ut
1865 3138 2092 3199 corpus
2153 3118 2473 3199 sepelitur,
2517 3118 2627 3183 sed
2672 3118 2758 3182 ad

505 3224 766 3285 superos
827 3202 902 3265 de
969 3201 1088 3266 hac
1133 3203 1350 3266 infima
1419 3204 1638 3267 mundi
1705 3204 1961 3285 regione
2026 3204 2343 3281 subvolat,
2412 3204 2757 3271 immortali

509 3288 882 3351 celebranda
951 3288 1152 3352 laude.
1247 3290 1400 3365 Quis
1467 3294 1678 3353 autem
1752 3291 1874 3352 nisi
1938 3289 2098 3353 falsa
2168 3292 2572 3371 persuasione
2639 3290 2757 3352 im·-

506 3375 700 3438 butus
768 3376 1136 3454 negaverit?
1243 3375 1405 3451 Quin
1475 3376 1858 3440 sanctissimi
1926 3377 2095 3439 senis
2164 3377 2393 3451 anima,
2460 3398 2622 3459 quae
2686 3377 2755 3439 in

505 3483 681 3524 suam
751 3460 876 3524 sibi
941 3462 1275 3525 coelestem
1354 3463 1623 3543 patriam
1689 3461 2064 3541 decucurrit,
2132 3485 2207 3525 ea
2274 3484 2441 3525 nunc
2507 3462 2757 3526 fruatur

506 3546 833 3623 felicitat-e,
881 3569 1045 3629 quae
1091 3553 1156 3611 et
1199 3549 1411 3631 ampla
1456 3553 1520 3612 et
1562 3548 1837 3630 gloriosa
1884 3546 2171 3612 habetur.
2262 3546 2758 3629 Congratuletur

505 3654 654 3713 ergo
716 3638 853 3697 tum
915 3635 1038 3698 sibi
1098 3638 1160 3698 et
1217 3636 1368 3714 suis,
1433 3639 1571 3699 tum
1630 3634 2026 3698 divinissimo
2093 3634 2329 3699 Joanni
2394 3635 2755 3716 Henbergio

639 3870 667 3897 a
695 3854 893 3924 typula.
1010 3860 1038 3897 b
1064 3855 1134 3909 M.
1171 3855 1231 3909 R.
1280 3854 1396 3909 cod.
1433 3856 1565 3908 308.
1672 3871 1696 3898 c
1724 3857 2007 3925 persancte,
2044 3856 2171 3908 iiber
2216 3873 2245 3909 0
2281 3855 2369 3908 ein
2404 3856 2423 3908 i
2467 3856 2584 3915 cod.
2620 3857 2723 3909 159
2734 3874 2755 3918 ;

504 3925 731 3991 perfecto
767 3924 932 3976 functi
976 3924 1092 3977 Ood.
1131 3925 1259 3975 308.

645 3995 662 4025 ¹
698 3994 787 4046 Ps.
830 3993 943 4047 109.
1085 3996 1104 4025 ²
1138 3993 1404 4047 Tritheim.
1442 3993 1570 4061 Epp.
1608 3993 1767 4046 famil.
1806 3993 2003 4061 Hagen.
2044 3994 2192 4059 1536,
2228 4011 2278 4061 p.
2317 3994 2418 4047 312
2464 3996 2623 4046 nennt
2662 3993 2757 4046 ihn

507 4061 757 4129 Magister
791 4063 971 4130 Geor-g.
1045 4062 1352 4122 SabellicuS,
1403 4062 1630 4115 Faustus
1658 4063 1849 4129 junior,
1886 4064 1999 4115 fons
2034 4063 2551 4127 necromanticorum,
2590 4065 2755 4115 astro-

505 4130 671 4197 logus,
727 4147 912 4199 magus
967 4132 1244 4195 secundus,
1300 4130 1726 4195 chiromanticus,
1782 4132 2181 4200 agromanticUS,
2238 4133 2647 4201 pyromanticus,
2702 4132 2755 4184 in

507 4200 678 4267 hydra
714 4205 823 4253 arte
860 4201 1137 4253 secundus.
1203 4200 1275 4253 Er
1309 4201 1411 4253 traf
1443 4199 1536 4251 ihn
1579 4201 1711 4254 1506
1745 4200 1800 4252 in
1837 4200 2185 4262 Gelnhausen,
2225 4202 2360 4255 doch
2393 4202 2603 4253 machte
2638 4200 2756 4254 sich

510 4269 747 4323 derselbe
783 4269 938 4322 rasch
972 4285 1069 4321 vor
1102 4270 1214 4321 ihm
1251 4285 1346 4322 aus
1383 4270 1504 4321 dem
1540 4268 1750 4322 Staube.
1893 4270 1913 4301 ⁸
1946 4270 2128 4322 Urban
2162 4270 2307 4323 hatte
2343 4270 2478 4323 wohl
2518 4268 2647 4322 Geld
2674 4271 2759 4322 fiir

506 4338 599 4389 das
634 4337 848 4405 Diplom
885 4338 1167 4405 ausgelegt.
1240 4338 1324 4405 Vg
1325 4338 1358 4389 l.
1395 4337 1445 4390 S.
1485 4338 1587 4391 339
1622 4340 1683 4391 A.
1723 4339 1803 4392 12.
1875 4338 1923 4393 S.
1963 4340 2065 4392 364
2102 4346 2161 4393 A.
2200 4340 2248 4392 6.
2389 4340 2410 4371 ⁴
2444 4338 2629 4391 Dieser
2664 4338 2752 4393 Br.

503 4406 665 4458 findet
699 4406 815 4459 sich
847 4406 922 4458 im
959 4406 1080 4459 Cod.
1119 4407 1219 4473 (lop
1223 4355 1342 4473 pelgt,
1381 4406 1611 4458 nemlich
1646 4407 1723 4460 als
1758 4407 1850 4462 Nr.
1891 4408 1989 4461 159
2023 4408 2131 4460 und
2167 4408 2284 4462 308.
2390 4410 2412 4441 ⁵
2445 4408 2741 4460 Hartmann

505 4490 539 4526 v
542 4489 609 4529 on
642 4474 900 4529 Kirchbei
900 4491 948 4544 g,
985 4476 1034 4528 N
1037 4474 1300 4544 achfolger
1334 4476 1426 4529 des
1459 4475 1625 4530 Abtes
1649 4476 1684 4529 J
1684 4476 1916 4530 ohannes
1949 4476 2017 4531 Π.
2054 4494 2108 4530 v.
2144 4476 2323 4533 Fulda.
2380 4476 2497 4545 Vgl
2516 4474 2604 4531 ΒΥ.
2626 4476 2744 4532 243.
