3084 4895
49 153 63 176 ’Ὢ
48 0 67 85 ὲῦ’ὶί1

460 331 588 396 462
1307 331 1483 386 Briefe
1521 331 1616 385 des
1652 331 1701 387 J.
1743 331 1891 387 1514.

474 499 916 564 adulescenti.¹
1012 498 1327 578 Publius‚²
1366 500 1529 584 juris
1575 523 1703 566 non
1749 501 2021 583 legitimi
2067 501 2176 566 sed
2224 503 2515 567 culinarii
2581 524 2735 566 con-

472 586 883 664 sultissimUS,
928 586 1011 649 ad
1055 607 1341 650 mensam
1388 587 1481 650 ait
1524 585 1867 650 secundam
1929 588 2244 670 pertinere
2307 589 2734 670 ponderosum

472 691 724 734 caseum
790 671 1034 752 saporis
1106 673 1434 736 scitissimi
1499 692 1627 736 non
1697 673 1958 736 rancida
2021 671 2440 756 putrilagine⁸
2503 675 2734 738 vermi-

472 761 755 833 nantem,
802 775 931 819 non
980 778 1235 821 mucore
1297 757 1613 838 putidum,
1658 757 1768 821 sed
1813 757 2167 833 subrufum,
2225 757 2456 838 butyro
2521 759 2734 840 proxi-

473 863 665 904 mum.
759 840 983 922 Itaque
1028 841 1383 905 Publianae
1436 842 1714 924 jussioni
1760 863 1988 923 parens
2033 848 2182 924 peto
2228 865 2266 906 a
2310 849 2395 919 te,
2443 849 2515 907 ut
2559 865 2734 906 case-

474 927 642 989 arios
717 927 781 988 in
851 927 985 989 foro
1051 927 1544 1008 circumspicias.
1646 926 1948 991 Boemum
2018 927 2205 991 nobis
2269 947 2462 992 emas,
2563 928 2736 992 Uxor

476 1009 822 1090 Hartungi²
890 1012 1205 1092 pulchella
1274 1012 1487 1094 puella
1553 1016 1669 1089 est,
1737 1033 1942 1075 annos
2007 1019 2162 1076 nata
2230 1034 2426 1075 unum
2489 1017 2553 1077 et
2595 1013 2730 1075 XX.

476 1094 603 1160 Dat
646 1097 917 1159 libenter
963 1100 1028 1160 et
1073 1097 1353 1161 celebrat
1382 1097 1770 1161 cottidianas
1802 1097 2078 1180 nuptias.
2113 1151 2116 1154 .
2169 1098 2342 1161 Vade
2373 1103 2436 1162 et
2469 1099 2730 1180 appella.

475 1181 641 1244 Novi
686 1181 1070 1244 celeritatem
1118 1187 1315 1245 tuam.
1407 1181 1552 1245 Cito
1599 1181 1896 1246 conficies
1937 1184 2284 1264 negotium.
2363 1183 2542 1256 Hem,
2571 1205 2735 1246 anus

475 1270 575 1328 est
616 1286 849 1348 rugosa
894 1287 1070 1329 soror
1113 1267 1435 1345 Reinboti,
1482 1266 1764 1332 consulis
1817 1269 2316 1349 postremissimi.
2415 1267 2732 1332 Gallosum

474 1351 671 1414 habet
716 1355 779 1414 et
822 1351 1208 1414 foetutinum
1260 1373 1538 1416 cunnum
1574 1357 1638 1416 et
1670 1357 1766 1416 est
1796 1353 2044 1434 pumice
2077 1355 2318 1416 siccior.
2408 1353 2553 1417 Jam
2601 1355 2733 1416 scio

474 1457 601 1499 non
650 1437 1017 1518 appellabis.
1109 1437 1273 1499 Novi
1332 1437 1702 1500 tarditatem
1765 1441 1960 1502 tuam.
2053 1439 2218 1514 Quid
2277 1438 2420 1502 ita?
2507 1438 2733 1500 Forma

474 1521 695 1598 allicit,
744 1521 1121 1584 deformitas
1166 1523 1440 1586 deterret
1484 1526 1974 1602 procuratorem.
2067 1524 2310 1604 Scripsi
2354 1523 2435 1586 ad
2481 1528 2734 1604 poetam

474 1605 793 1686 lyricum.‘
880 1606 991 1670 Ille
1058 1628 1156 1669 me
1222 1608 1377 1670 facit
1440 1606 1845 1688 sapientem.⁰
1933 1607 2002 1672 Si
2063 1607 2324 1689 respicit
2367 1609 2448 1672 ad
2494 1612 2732 1689 septem

476 1691 782 1754 Graeciae
856 1692 1198 1774 sapientes,
1274 1693 1542 1756 nimium
1617 1692 1776 1756 mihi
1848 1692 2098 1770 tribuit,
2167 1695 2223 1756 si
2295 1694 2378 1756 ad
2455 1699 2736 1757 vestrum

475 1777 847 1840 damnatum
916 1776 1337 1842 Chaldaeum⁷
1404 1778 1446 1840 i.
1513 1797 1564 1840 e.
1629 1781 1733 1838 ten
1797 1778 1998 1839 witeca
2064 1797 2187 1839 man
2248 1797 2396 1850 mun
2455 1778 2737 1850 OEnmbad),

474 1862 687 1925 minus
754 1861 910 1925 mihi
969 1863 1278 1944 assignat,
1347 1883 1539 1944 quam
1605 1865 2006 1943 contemptor
2073 1865 2356 1945 magicae
2425 1863 2737 1926 vanitatis

470 1952 879 2030 promeretur.
968 1947 1310 2029 Utcunque
1354 1949 1459 2024 sit,
1505 1946 1680 2011 valet
1719 1948 1978 2028 ingenio
2011 1952 2076 2012 et
2105 1949 2302 2012 habet
2331 1970 2518 2011 usum
2547 1948 2737 2028 lyrae.

476 2031 602 2096 Sed
649 2034 857 2108 miror,
915 2055 1110 2115 quare
1155 2037 1412 2096 maneat
1453 2034 1520 2095 in
1569 2033 1756 2096 domo
1824 2031 2129 2096 Henrici.⁸
2219 2034 2360 2096 Non
2428 2033 2741 2114 intelligit

474 2117 669 2180 verba
713 2116 971 2181 honoris
1037 2118 1224 2182 horno
1287 2117 1596 2182 candidus
1643 2123 1707 2180 et
1752 2119 2038 2200 simplex.
2131 2118 2296 2194 Quid
2363 2119 2620 2194 diceres,
2681 2119 2740 2180 si

476 2224 594 2283 ego
669 2203 1050 2266 Psalterium
1126 2226 1164 2266 a
1237 2209 1301 2267 te
1376 2203 1578 2285 gratis
1652 2202 2112 2285 accepissem?⁹
2230 2203 2384 2280 Ohe,
2477 2204 2737 2278 dicereS,

476 2288 805 2351 Mutianus
851 2310 976 2350 non
1026 2289 1215 2352 callet
1259 2289 1455 2352 verba
1513 2287 1792 2352 honoris
1883 2289 2017 2368 Ego
2081 2309 2226 2351 vero
2282 2289 2478 2371 probe
2532 2307 2739 2350 mores

476 2372 806 2436 hominum
875 2374 1066 2436 didici
1112 2379 1176 2436 et
1220 2361 1434 2437 fucum
1491 2393 1630 2436 esse
1676 2373 2106 2436 adhibendum
2175 2381 2332 2454 puto
2399 2374 2740 2436 adversum

476 2459 730 2523 stultos.
841 2459 912 2522 In
986 2460 1269 2524 amicitia
1334 2479 1481 2523 vero
1551 2459 1726 2522 nullo
1793 2460 1980 2522 modo
2045 2459 2372 2522 ferendum
2445 2458 2737 2521 arbitror.

478 2544 875 2626 Quapropter
940 2544 1353 2623 satisfaciam,
1413 2544 1671 2625 quando
1741 2544 2059 2607 videbitur
2123 2544 2262 2607 tibi.
2355 2544 2426 2607 T.
2497 2542 2741 2605 Marius
2841 2576 2848 2582 ·

477 2628 714 2692 bonurn
775 2648 1023 2706 nomen,
1088 2628 1405 2692 Martinus
1461 2627 1887 2711 pessimum.'⁰
1975 2628 2330 2710 Utrumque
2395 2629 2742 2692 convenias

479 2715 665 2777 velim
714 2717 776 2777 et
824 2735 974 2777 cura
1028 2718 1103 2778 ut
1159 2715 1320 2777 bene
1386 2714 1616 2777 valeas.
1708 2712 1842 2794 Ego
1912 2714 2250 2776 Duronio⁸¹
2325 2712 2739 2794 persuadebo,

479 2799 667 2862 modo
714 2801 962 2879 veniat,
1010 2820 1216 2880 neque
1248 2800 1469 2862 melior
1498 2799 1562 2860 in
1599 2798 1754 2861 urbe
1789 2798 2138 2861 monachus
2183 2820 2370 2879 quam
2423 2798 2738 2862 Urbanus,

482 2884 577 2947 Ad
626 2883 903 2948 natalem
952 2884 1215 2966 Cyriaci.

786 2999 909 3052 Cod.
945 2999 1079 3053 Frcf.
1118 2998 1235 3052 388.

623 3240 641 3270 ¹
676 3236 964 3290 Vielleicht
996 3235 1380 3302 Hersfeld,f1'ir
1415 3236 1513 3289 den
1551 3251 1610 3289 er
1644 3236 1753 3289 also
1790 3234 2119 3289 schliesslich
2139 3232 2295 3285 einen
2311 3231 2455 3285 Korb
2491 3231 2743 3300 (nodosus

482 3305 668 3425 orbisss
682 3306 959 3357 dustender
992 3304 1147 3357 Salbe
1186 3305 1460 3372 (odorifero
1496 3304 1782 3373 magmate)
1821 3303 2140 3355 bestimmte.
2205 3300 2324 3369 Vgl.
2362 3300 2414 3353 S.
2449 3300 2554 3353 446
2589 3304 2650 3351 A.
2686 3300 2740 3353 4.

653 3372 1024 3427 1ener.S.407
1046 3376 1107 3426 A.
1131 3373 1178 3427 2.
1272 3374 1293 3405 ³
1330 3372 1557 3440 putrilag
1558 3386 1589 3425 o
1625 3396 1690 3415 =
1727 3372 1963 3437 putredo,
1983 3369 2196 3423 Faulnis
2217 3368 2423 3437 (Spatl)
2521 3369 2542 3400 ⁴
2573 3367 2742 3421 Nicht

479 3443 599 3497 Joh.
635 3442 897 3509 Hartung,
934 3441 1087 3493 Goth.
1124 3389 1377 3494 Ratsherr
1436 3441 1485 3494 S.
1508 3440 1604 3493 221
1629 3441 1692 3492 A.
1712 3442 1768 3508 4)
1805 3440 2030 3492 sondern
2050 3439 2134 3489 ein
2153 3438 2403 3503 Erfurter,
2423 3436 2614 3489 ebenso
2639 3436 2740 3487 wie

484 3512 579 3563 der
611 3509 732 3577 folg.
770 3509 997 3562 Reinbot
1016 3510 1104 3563 eiu
1124 3509 1363 3563 Erfurter
1448 3509 1668 3575 atsherr,
1688 3508 1837 3561 nicht
1860 3508 1952 3559 der
1974 3506 2226 3559 Exilierte
2250 3506 2335 3558 ist.
2441 3506 2462 3536 ὅ
2495 3503 2742 3557 Eobanus

483 3578 701 3631 Hessus.
772 3578 979 3630 Mutian
1012 3578 1180 3629 meint
1215 3578 1313 3629 den
1350 3576 1754 3645 gleichzeitigen
1789 3576 1876 3627 ΒΓ.
1931 3574 2054 3627 Vor.
2092 3574 2185 3627 Nr.
2305 3574 2327 3604 θ
2359 3571 2741 3625 Wahrschein—

480 3648 591 3699 lich
644 3647 701 3699 in
754 3646 960 3715 einigen
1012 3645 1408 3713 Begleitversen
1464 3661 1531 3696 zu
1589 3645 1690 3696 den
1741 3643 2020 3696 Heroiden.
2093 3643 2241 3696 Denn
2294 3641 2470 3693 wcder
2516 3640 2571 3691 in
2617 3640 2742 3691 dem

483 3715 659 3767 Briefe
694 3732 746 3767 v.
782 3715 831 3768 4.
880 3717 1018 3782 Aug.
1076 3714 1213 3766 noch
1259 3714 1312 3765 in
1363 3714 1457 3765 der
1509 3713 1740 3765 Heroide
1793 3728 1862 3763 an
1917 3712 2002 3763 die
2056 3709 2350 3773 Nachwelt,
2401 3709 2460 3761 in
2511 3708 2742 3761 welcher

484 3782 717 3835 Mutians
754 3782 981 3851 gedacht
1016 3782 1164 3847 wird,
1200 3782 1404 3834 kommt
1440 3782 1533 3833 der
1567 3780 1846 3833 Ausdruck
1881 3794 1990 3832 vor.
2101 3780 2118 3810 ⁷
2153 3770 2300 3829 Uber
2321 3748 2502 3829 diesen
2526 3775 2740 3843 Magier,

480 3852 575 3903 der
607 3852 664 3903 in
700 3852 820 3903 dem
854 3850 1012 3903 Dorfe
1048 3822 1310 3902 Tanibach
1345 3850 1501 3915 lebte,
1539 3849 1643 3917 vgl.
1671 3848 1721 3902 S.
1747 3848 1850 3901 260
1872 3851 1932 3899 A.
1960 3848 2005 3901 7.
2134 3847 2156 3878 ⁸
2187 3845 2505 3899 Eberbachs.
2561 3843 2742 3896 Eoban

480 3919 715 3972 schreibt
750 3935 833 3971 am
870 3921 918 3971 4.
956 3921 1121 3986 Aug.:
1159 3918 1389 3970 »Diverti
1424 3919 1489 3970 ad
1532 3916 1970 3969 contubernium.
2039 3914 2234 3968 ,Herm
2275 3911 2635 3979 Aperbacchi.
2656 3952 2740 3989 3..

482 3988 766 4039 Decimum
828 3987 1071 4053 quintum
1134 3987 1276 4038 diem
1334 3987 1438 4052 Er
1440 3986 1663 4037 hui-diae
1723 4000 1860 4051 ago«
1947 3983 2019 4035 Es
2074 3982 2273 4047 ergiebt
2325 3981 2442 4033 sich
2502 3980 2742 4046 zugleich

483 4056 697 4107 hieraus
734 4058 826 4107 der
862 4057 943 4107 21.
979 4055 1090 4107 Juli
1126 4056 1204 4107 als
1240 4054 1345 4121 Tag
1381 4054 1553 4105 scinci·
1588 4053 1884 4104 Riickkehr.
1991 4052 2014 4082 ⁹
2048 4050 2166 4117 Vgl.
2204 4050 2289 4103 ΒΓ.
2328 4050 2429 4101 375
2462 4049 2494 4101 s.
2551 4048 2600 4101 S.
2638 4047 2742 4099 458

482 4128 545 4177 A.
587 4126 637 4177 6.
783 4126 823 4156 ¹⁰
860 4123 975 4191 Vgl.
1014 4123 1099 4176 ΒΓ.
1138 4123 1253 4175 385.
1398 4124 1437 4153 ¹¹
1474 4122 1582 4173 Der
1617 4121 1736 4173 Abt.
1809 4120 1859 4172 S.
1902 4118 2000 4171 108
2035 4121 2096 4169 A.
2141 4122 2184 4171 1.
2255 4116 2458 4168 Mutian
2495 4116 2604 4167 will
2637 4116 2742 4167 Ur-

489 4193 589 4245 ban
628 4194 712 4243 fiir
746 4192 1041 4259 Belassung
1076 4192 1127 4243 in
1165 4191 1366 4242 seinem
1401 4190 1638 4243 Erfurter
1671 4191 1826 4241 Amte
1863 4187 2176 4255 empfehlen.
