<?xml version="1.0" encoding="UTF-8"?>
<!DOCTYPE html PUBLIC "-//W3C//DTD XHTML 1.0 Transitional//EN"
    "http://www.w3.org/TR/xhtml1/DTD/xhtml1-transitional.dtd">
<html xmlns="http://www.w3.org/1999/xhtml" xml:lang="en" lang="en">
 <head>
  <title>
</title>
<meta http-equiv="Content-Type" content="text/html;charset=utf-8" />
  <meta name='ocr-system' content='tesseract 3.04.00' />
  <meta name='ocr-capabilities' content='ocr_page ocr_carea ocr_par ocr_line ocrx_word'/>
</head>
<body>
  <div class='ocr_page' id='page_1' title='image "./derbriefwechsel02kraugoog_0395.png"; bbox 0 0 3084 4895; ppageno 0'>
   <div class='ocr_carea' id='block_1_1' title="bbox 1188 406 2598 501">
    <p class='ocr_par' dir='ltr' id='par_1_1' title="bbox 1188 406 2598 501">
     <span class='ocr_line' id='line_1_1' title="bbox 1188 406 2598 501; baseline 0 -16"><span class='ocrx_word' id='word_1_1' title='bbox 1188 432 1400 485; x_wconf 80' lang='lat' dir='ltr'>Mutian</span> <span class='ocrx_word' id='word_1_2' title='bbox 1435 447 1502 485; x_wconf 86' lang='lat' dir='ltr'>an</span> <span class='ocrx_word' id='word_1_3' title='bbox 1540 406 1741 485; x_wconf 78' lang='lat' dir='ltr'>Urban.</span> <span class='ocrx_word' id='word_1_4' title='bbox 2472 435 2598 501; x_wconf 83' lang='grc'>309</span> 
     </span>
    </p>
   </div>
   <div class='ocr_carea' id='block_1_2' title="bbox 341 604 2603 2586">
    <p class='ocr_par' dir='ltr' id='par_1_2' title="bbox 341 604 2603 2586">
     <span class='ocr_line' id='line_1_2' title="bbox 345 604 2600 687; baseline -0 -16"><span class='ocrx_word' id='word_1_5' title='bbox 345 611 446 671; x_wconf 85' lang='lat' dir='ltr'>est</span> <span class='ocrx_word' id='word_1_6' title='bbox 518 605 925 670; x_wconf 60' lang='lat' dir='ltr'>christianus</span> <span class='ocrx_word' id='word_1_7' title='bbox 1022 606 1153 670; x_wconf 92' lang='lat' dir='ltr'>Piis</span> <span class='ocrx_word' id='word_1_8' title='bbox 1214 604 1452 671; x_wconf 80' lang='lat' dir='ltr'>fabulis</span> <span class='ocrx_word' id='word_1_9' title='bbox 1511 607 1573 668; x_wconf 91' lang='lat' dir='ltr'>et</span> <span class='ocrx_word' id='word_1_10' title='bbox 1630 604 1882 687; x_wconf 88' lang='lat' dir='ltr'>quidem</span> <span class='ocrx_word' id='word_1_11' title='bbox 1952 604 2309 687; x_wconf 83' lang='lat' dir='ltr'>multijugis</span> <span class='ocrx_word' id='word_1_12' title='bbox 2376 612 2600 681; x_wconf 81' lang='lat' dir='ltr'>scatet,</span> 
     </span>
     <span class='ocr_line' id='line_1_3' title="bbox 341 691 2599 773; baseline 0 -14"><span class='ocrx_word' id='word_1_13' title='bbox 341 694 523 759; x_wconf 89' lang='lat' dir='ltr'>utilis</span> <span class='ocrx_word' id='word_1_14' title='bbox 566 693 690 756; x_wconf 93' lang='lat' dir='ltr'>tibi</span> <span class='ocrx_word' id='word_1_15' title='bbox 735 693 1196 764; x_wconf 82' lang='lat' dir='ltr'>contionatum.</span> <span class='ocrx_word' id='word_1_16' title='bbox 1223 693 1276 733; x_wconf 76' lang='lat'>“¹</span> <span class='ocrx_word' id='word_1_17' title='bbox 1367 691 1496 756; x_wconf 88' lang='lat' dir='ltr'>Fac</span> <span class='ocrx_word' id='word_1_18' title='bbox 1525 691 1697 755; x_wconf 87' lang='lat' dir='ltr'>bona</span> <span class='ocrx_word' id='word_1_19' title='bbox 1726 697 1879 773; x_wconf 85' lang='lat' dir='ltr'>toga</span> <span class='ocrx_word' id='word_1_20' title='bbox 1910 692 2217 755; x_wconf 85' lang='lat' dir='ltr'>vestiatur</span> <span class='ocrx_word' id='word_1_21' title='bbox 2248 696 2313 756; x_wconf 90' lang='lat' dir='ltr'>et</span> <span class='ocrx_word' id='word_1_22' title='bbox 2344 694 2599 759; x_wconf 88' lang='lat' dir='ltr'>tandem</span> 
     </span>
     <span class='ocr_line' id='line_1_4' title="bbox 350 776 2603 861; baseline 0 -18"><span class='ocrx_word' id='word_1_23' title='bbox 350 779 508 843; x_wconf 90' lang='lat' dir='ltr'>mihi</span> <span class='ocrx_word' id='word_1_24' title='bbox 541 779 987 861; x_wconf 82' lang='lat' dir='ltr'>perlegendum</span> <span class='ocrx_word' id='word_1_25' title='bbox 1035 778 1459 843; x_wconf 83' lang='lat' dir='ltr'>accommoda.</span> <span class='ocrx_word' id='word_1_26' title='bbox 1539 778 1635 841; x_wconf 83' lang='lat' dir='ltr'>Ad</span> <span class='ocrx_word' id='word_1_27' title='bbox 1667 776 1872 841; x_wconf 88' lang='lat' dir='ltr'>colum</span> <span class='ocrx_word' id='word_1_28' title='bbox 1906 776 2281 841; x_wconf 87' lang='lat' dir='ltr'>sessitantes</span> <span class='ocrx_word' id='word_1_29' title='bbox 2314 781 2603 845; x_wconf 81' lang='lat' dir='ltr'>aniculae</span> 
     </span>
     <span class='ocr_line' id='line_1_5' title="bbox 345 862 2594 947; baseline 0 -17"><span class='ocrx_word' id='word_1_30' title='bbox 345 869 614 930; x_wconf 88' lang='lat' dir='ltr'>narrant</span> <span class='ocrx_word' id='word_1_31' title='bbox 645 865 973 943; x_wconf 79' lang='lat' dir='ltr'>nubilibus</span> <span class='ocrx_word' id='word_1_32' title='bbox 1003 865 1230 947; x_wconf 83' lang='lat' dir='ltr'>puellis</span> <span class='ocrx_word' id='word_1_33' title='bbox 1263 864 1571 947; x_wconf 86' lang='lat' dir='ltr'>ejusmodi</span> <span class='ocrx_word' id='word_1_34' title='bbox 1596 862 1863 927; x_wconf 79' lang='lat' dir='ltr'>fabulas.</span> <span class='ocrx_word' id='word_1_35' title='bbox 1938 862 2065 927; x_wconf 85' lang='lat' dir='ltr'>Sed</span> <span class='ocrx_word' id='word_1_36' title='bbox 2086 863 2247 937; x_wconf 77' lang='lat' dir='ltr'>vide,</span> <span class='ocrx_word' id='word_1_37' title='bbox 2282 869 2594 947; x_wconf 87' lang='lat' dir='ltr'>quantum</span> 
     </span>
     <span class='ocr_line' id='line_1_6' title="bbox 343 950 2599 1033; baseline 0.001 -18"><span class='ocrx_word' id='word_1_38' title='bbox 343 953 618 1016; x_wconf 85' lang='lat' dir='ltr'>intersit.</span> <span class='ocrx_word' id='word_1_39' title='bbox 699 952 873 1015; x_wconf 81' lang='lat' dir='ltr'>Anus</span> <span class='ocrx_word' id='word_1_40' title='bbox 918 950 1257 1031; x_wconf 84' lang='lat' dir='ltr'>loquacula</span> <span class='ocrx_word' id='word_1_41' title='bbox 1300 951 1500 1033; x_wconf 86' lang='lat' dir='ltr'>garrit</span> <span class='ocrx_word' id='word_1_42' title='bbox 1529 950 1766 1031; x_wconf 75' lang='lat' dir='ltr'>agresti</span> <span class='ocrx_word' id='word_1_43' title='bbox 1797 950 2241 1014; x_wconf 82' lang='lat' dir='ltr'>susurramine.</span> <span class='ocrx_word' id='word_1_44' title='bbox 2318 950 2599 1017; x_wconf 89' lang='lat' dir='ltr'>Marulus</span> 
     </span>
     <span class='ocr_line' id='line_1_7' title="bbox 346 1035 2597 1118; baseline 0 -16"><span class='ocrx_word' id='word_1_45' title='bbox 346 1039 546 1102; x_wconf 87' lang='lat' dir='ltr'>latine</span> <span class='ocrx_word' id='word_1_46' title='bbox 621 1038 761 1101; x_wconf 87' lang='lat' dir='ltr'>scit.</span> <span class='ocrx_word' id='word_1_47' title='bbox 874 1037 988 1100; x_wconf 85' lang='lat' dir='ltr'>Illa</span> <span class='ocrx_word' id='word_1_48' title='bbox 1063 1037 1254 1100; x_wconf 86' lang='lat' dir='ltr'>refert</span> <span class='ocrx_word' id='word_1_49' title='bbox 1316 1036 1536 1101; x_wconf 87' lang='lat' dir='ltr'>audita</span> <span class='ocrx_word' id='word_1_50' title='bbox 1603 1040 1667 1100; x_wconf 82' lang='lat' dir='ltr'>et</span> <span class='ocrx_word' id='word_1_51' title='bbox 1732 1037 2098 1118; x_wconf 88' lang='lat' dir='ltr'>plerumque</span> <span class='ocrx_word' id='word_1_52' title='bbox 2173 1035 2419 1115; x_wconf 85' lang='lat' dir='ltr'>frivola,</span> <span class='ocrx_word' id='word_1_53' title='bbox 2496 1039 2597 1102; x_wconf 90' lang='lat' dir='ltr'>hic</span> 
     </span>
     <span class='ocr_line' id='line_1_8' title="bbox 345 1122 2595 1203; baseline 0 -15"><span class='ocrx_word' id='word_1_54' title='bbox 345 1124 730 1188; x_wconf 86' lang='lat' dir='ltr'>auctoritate</span> <span class='ocrx_word' id='word_1_55' title='bbox 775 1123 1004 1187; x_wconf 87' lang='lat' dir='ltr'>nititur</span> <span class='ocrx_word' id='word_1_56' title='bbox 1049 1129 1114 1188; x_wconf 89' lang='lat' dir='ltr'>et</span> <span class='ocrx_word' id='word_1_57' title='bbox 1159 1122 1398 1187; x_wconf 81' lang='lat' dir='ltr'>Christi</span> <span class='ocrx_word' id='word_1_58' title='bbox 1443 1122 1769 1187; x_wconf 87' lang='lat' dir='ltr'>eunuchos</span> <span class='ocrx_word' id='word_1_59' title='bbox 1812 1122 2103 1203; x_wconf 79' lang='lat' dir='ltr'>perducit</span> <span class='ocrx_word' id='word_1_60' title='bbox 2146 1123 2227 1186; x_wconf 85' lang='lat' dir='ltr'>ad</span> <span class='ocrx_word' id='word_1_61' title='bbox 2276 1122 2595 1188; x_wconf 86' lang='lat' dir='ltr'>virtutem.</span> 
     </span>
     <span class='ocr_line' id='line_1_9' title="bbox 345 1208 2601 1293; baseline -0 -18"><span class='ocrx_word' id='word_1_62' title='bbox 345 1210 473 1275; x_wconf 88' lang='lat' dir='ltr'>Sed</span> <span class='ocrx_word' id='word_1_63' title='bbox 519 1209 680 1273; x_wconf 88' lang='lat' dir='ltr'>istas</span> <span class='ocrx_word' id='word_1_64' title='bbox 727 1209 1100 1274; x_wconf 88' lang='lat' dir='ltr'>omittamus</span> <span class='ocrx_word' id='word_1_65' title='bbox 1151 1232 1372 1292; x_wconf 86' lang='lat' dir='ltr'>nugas.</span> <span class='ocrx_word' id='word_1_66' title='bbox 1464 1208 1763 1279; x_wconf 84' lang='lat' dir='ltr'>Nostrum</span> <span class='ocrx_word' id='word_1_67' title='bbox 1812 1208 2239 1273; x_wconf 89' lang='lat' dir='ltr'>Herebordum</span> <span class='ocrx_word' id='word_1_68' title='bbox 2275 1210 2601 1293; x_wconf 84' lang='lat' dir='ltr'>superbire</span> 
     </span>
     <span class='ocr_line' id='line_1_10' title="bbox 345 1294 2597 1377; baseline -0 -17"><span class='ocrx_word' id='word_1_69' title='bbox 345 1303 411 1361; x_wconf 91' lang='lat' dir='ltr'>et</span> <span class='ocrx_word' id='word_1_70' title='bbox 468 1297 685 1360; x_wconf 89' lang='lat' dir='ltr'>odium</span> <span class='ocrx_word' id='word_1_71' title='bbox 753 1294 1166 1377; x_wconf 90' lang='lat' dir='ltr'>plurimorum</span> <span class='ocrx_word' id='word_1_72' title='bbox 1226 1296 1308 1359; x_wconf 88' lang='lat' dir='ltr'>ad</span> <span class='ocrx_word' id='word_1_73' title='bbox 1363 1318 1428 1359; x_wconf 89' lang='lat' dir='ltr'>se</span> <span class='ocrx_word' id='word_1_74' title='bbox 1485 1295 1735 1358; x_wconf 82' lang='lat' dir='ltr'>trahere</span> <span class='ocrx_word' id='word_1_75' title='bbox 1795 1295 2003 1358; x_wconf 87' lang='lat' dir='ltr'>verius</span> <span class='ocrx_word' id='word_1_76' title='bbox 2069 1296 2415 1361; x_wconf 86' lang='lat' dir='ltr'>verimonia</span> <span class='ocrx_word' id='word_1_77' title='bbox 2482 1301 2597 1363; x_wconf 88' lang='lat' dir='ltr'>est.</span> 
     </span>
     <span class='ocr_line' id='line_1_11' title="bbox 349 1378 2597 1465; baseline 0 -19"><span class='ocrx_word' id='word_1_78' title='bbox 349 1382 656 1447; x_wconf 84' lang='lat' dir='ltr'>Famulus</span> <span class='ocrx_word' id='word_1_79' title='bbox 701 1380 1046 1459; x_wconf 87' lang='lat' dir='ltr'>Hebraeus,</span> <span class='ocrx_word' id='word_1_80' title='bbox 1093 1404 1276 1464; x_wconf 90' lang='lat' dir='ltr'>quem</span> <span class='ocrx_word' id='word_1_81' title='bbox 1324 1378 1601 1455; x_wconf 55' lang='lat' dir='ltr'>habuit?</span> <span class='ocrx_word' id='word_1_82' title='bbox 1633 1382 1901 1447; x_wconf 86' lang='lat' dir='ltr'>multum</span> <span class='ocrx_word' id='word_1_83' title='bbox 1934 1380 2091 1445; x_wconf 85' lang='lat' dir='ltr'>mihi</span> <span class='ocrx_word' id='word_1_84' title='bbox 2124 1381 2199 1444; x_wconf 92' lang='lat' dir='ltr'>de</span> <span class='ocrx_word' id='word_1_85' title='bbox 2230 1383 2597 1465; x_wconf 82' lang='lat' dir='ltr'>arrogantia</span> 
     </span>
     <span class='ocr_line' id='line_1_12' title="bbox 341 1466 2598 1552; baseline 0 -20"><span class='ocrx_word' id='word_1_86' title='bbox 341 1468 600 1552; x_wconf 89' lang='lat' dir='ltr'>juvenis</span> <span class='ocrx_word' id='word_1_87' title='bbox 645 1468 1023 1531; x_wconf 80' lang='lat' dir='ltr'>denarravit.</span> <span class='ocrx_word' id='word_1_88' title='bbox 1121 1467 1336 1549; x_wconf 87' lang='lat' dir='ltr'>„Est“‚</span> <span class='ocrx_word' id='word_1_89' title='bbox 1382 1467 1611 1550; x_wconf 80' lang='lat' dir='ltr'>inquit,</span> <span class='ocrx_word' id='word_1_90' title='bbox 1666 1466 1891 1549; x_wconf 86' lang='lat' dir='ltr'>„herus</span> <span class='ocrx_word' id='word_1_91' title='bbox 1922 1489 2099 1531; x_wconf 87' lang='lat' dir='ltr'>meus</span> <span class='ocrx_word' id='word_1_92' title='bbox 2130 1471 2351 1531; x_wconf 85' lang='lat' dir='ltr'>tantus</span> <span class='ocrx_word' id='word_1_93' title='bbox 2384 1473 2598 1533; x_wconf 51' lang='lat' dir='ltr'>ost-ene</span> 
     </span>
     <span class='ocr_line' id='line_1_13' title="bbox 344 1548 2597 1636; baseline -0.002 -17"><span class='ocrx_word' id='word_1_94' title='bbox 344 1558 538 1632; x_wconf 81' lang='lat' dir='ltr'>tator,</span> <span class='ocrx_word' id='word_1_95' title='bbox 585 1560 659 1618; x_wconf 90' lang='lat' dir='ltr'>ut</span> <span class='ocrx_word' id='word_1_96' title='bbox 703 1555 781 1618; x_wconf 86' lang='lat' dir='ltr'>ad</span> <span class='ocrx_word' id='word_1_97' title='bbox 827 1553 1334 1634; x_wconf 87' lang='lat' dir='ltr'>Engelmannum</span> <span class='ocrx_word' id='word_1_98' title='bbox 1381 1554 1649 1617; x_wconf 86' lang='lat' dir='ltr'>dixerit:</span> <span class='ocrx_word' id='word_1_99' title='bbox 1698 1548 1805 1636; x_wconf 55' lang='grc' dir='ltr'>ἔτί)</span> <span class='ocrx_word' id='word_1_100' title='bbox 1854 1555 1951 1627; x_wconf 73' lang='lat' dir='ltr'>hab</span> <span class='ocrx_word' id='word_1_101' title='bbox 1999 1558 2149 1629; x_wconf 62' lang='lat' dir='ltr'>atreb</span> <span class='ocrx_word' id='word_1_102' title='bbox 2196 1573 2293 1615; x_wconf 75' lang='lat' dir='ltr'>unt</span> <span class='ocrx_word' id='word_1_103' title='bbox 2335 1559 2448 1614; x_wconf 72' lang='lat' dir='ltr'>bem</span> <span class='ocrx_word' id='word_1_104' title='bbox 2478 1558 2597 1631; x_wconf 73' lang='lat' dir='ltr'>rath</span> 
     </span>
     <span class='ocr_line' id='line_1_14' title="bbox 343 1638 2594 1721; baseline 0.001 -20"><span class='ocrx_word' id='word_1_105' title='bbox 343 1648 448 1703; x_wconf 74' lang='lat' dir='ltr'>nub</span> <span class='ocrx_word' id='word_1_106' title='bbox 499 1658 826 1714; x_wconf 52' lang='lat' dir='ltr'>gemunnen.</span> <span class='ocrx_word' id='word_1_107' title='bbox 853 1644 947 1701; x_wconf 74' lang='lat' dir='ltr'>bet</span> <span class='ocrx_word' id='word_1_108' title='bbox 991 1642 1107 1717; x_wconf 67' lang='lat' dir='ltr'>tall)</span> <span class='ocrx_word' id='word_1_109' title='bbox 1154 1645 1254 1701; x_wconf 71' lang='lat' dir='ltr'>nub</span> <span class='ocrx_word' id='word_1_110' title='bbox 1302 1641 1384 1709; x_wconf 63' lang='lat' dir='ltr'>nil⁴</span> <span class='ocrx_word' id='word_1_111' title='bbox 1429 1645 1591 1701; x_wconf 70' lang='lat' dir='ltr'>nubet</span> <span class='ocrx_word' id='word_1_112' title='bbox 1639 1643 1793 1699; x_wconf 73' lang='lat' dir='ltr'>luben</span> <span class='ocrx_word' id='word_1_113' title='bbox 1839 1638 2003 1713; x_wconf 76' lang='lat' dir='ltr'>mirl)“</span> <span class='ocrx_word' id='word_1_114' title='bbox 2048 1639 2154 1702; x_wconf 85' lang='lat' dir='ltr'>rel.</span> <span class='ocrx_word' id='word_1_115' title='bbox 2234 1638 2408 1713; x_wconf 78' lang='lat' dir='ltr'>Hem.</span> <span class='ocrx_word' id='word_1_116' title='bbox 2442 1641 2594 1721; x_wconf 90' lang='lat' dir='ltr'>quid</span> 
     </span>
     <span class='ocr_line' id='line_1_15' title="bbox 343 1724 2597 1806; baseline -0 -16"><span class='ocrx_word' id='word_1_117' title='bbox 343 1726 585 1791; x_wconf 80' lang='lat' dir='ltr'>audio?</span> <span class='ocrx_word' id='word_1_118' title='bbox 701 1725 872 1806; x_wconf 89' lang='lat' dir='ltr'>„Hoc</span> <span class='ocrx_word' id='word_1_119' title='bbox 935 1724 1182 1789; x_wconf 83' lang='lat' dir='ltr'>faciunt</span> <span class='ocrx_word' id='word_1_120' title='bbox 1250 1725 1452 1802; x_wconf 82' lang='lat' dir='ltr'>stulti,</span> <span class='ocrx_word' id='word_1_121' title='bbox 1525 1746 1685 1806; x_wconf 91' lang='lat' dir='ltr'>quos</span> <span class='ocrx_word' id='word_1_122' title='bbox 1751 1725 1951 1805; x_wconf 87' lang='lat' dir='ltr'>gloria</span> <span class='ocrx_word' id='word_1_123' title='bbox 2015 1728 2209 1789; x_wconf 83' lang='lat' dir='ltr'>vexat·</span> <span class='ocrx_word' id='word_1_124' title='bbox 2274 1726 2541 1790; x_wconf 86' lang='lat' dir='ltr'>inanis.“</span> <span class='ocrx_word' id='word_1_125' title='bbox 2575 1724 2597 1759; x_wconf 80' lang='lat'>³</span> 
     </span>
     <span class='ocr_line' id='line_1_16' title="bbox 343 1809 2597 1893; baseline 0 -18"><span class='ocrx_word' id='word_1_126' title='bbox 343 1810 779 1876; x_wconf 74' lang='lat' dir='ltr'>Pistoriensis⁴</span> <span class='ocrx_word' id='word_1_127' title='bbox 849 1833 947 1875; x_wconf 89' lang='lat' dir='ltr'>me</span> <span class='ocrx_word' id='word_1_128' title='bbox 1011 1812 1353 1891; x_wconf 83' lang='lat' dir='ltr'>salutavit3</span> <span class='ocrx_word' id='word_1_129' title='bbox 1425 1812 1702 1893; x_wconf 83' lang='lat' dir='ltr'>imputat</span> <span class='ocrx_word' id='word_1_130' title='bbox 1767 1809 2131 1875; x_wconf 89' lang='lat' dir='ltr'>Herebordo</span> <span class='ocrx_word' id='word_1_131' title='bbox 2198 1812 2403 1875; x_wconf 86' lang='lat' dir='ltr'>scelus</span> <span class='ocrx_word' id='word_1_132' title='bbox 2468 1812 2597 1877; x_wconf 88' lang='lat' dir='ltr'>dis-</span> 
     </span>
     <span class='ocr_line' id='line_1_17' title="bbox 349 1897 2599 1981; baseline -0.001 -17"><span class='ocrx_word' id='word_1_133' title='bbox 349 1898 602 1964; x_wconf 85' lang='lat' dir='ltr'>cordiae</span> <span class='ocrx_word' id='word_1_134' title='bbox 673 1897 839 1961; x_wconf 88' lang='lat' dir='ltr'>inter</span> <span class='ocrx_word' id='word_1_135' title='bbox 912 1898 1146 1979; x_wconf 85' lang='lat' dir='ltr'>sophos</span> <span class='ocrx_word' id='word_1_136' title='bbox 1218 1902 1282 1961; x_wconf 88' lang='lat' dir='ltr'>et</span> <span class='ocrx_word' id='word_1_137' title='bbox 1349 1897 1821 1979; x_wconf 87' lang='lat' dir='ltr'>jureconsultos</span> <span class='ocrx_word' id='word_1_138' title='bbox 1911 1918 2098 1981; x_wconf 87' lang='lat' dir='ltr'>super</span> <span class='ocrx_word' id='word_1_139' title='bbox 2172 1897 2599 1979; x_wconf 83' lang='lat' dir='ltr'>praeferendis</span> 
     </span>
     <span class='ocr_line' id='line_1_18' title="bbox 348 1982 2599 2067; baseline 0 -20"><span class='ocrx_word' id='word_1_140' title='bbox 348 1983 708 2049; x_wconf 83' lang='lat' dir='ltr'>baculariiS.</span> <span class='ocrx_word' id='word_1_141' title='bbox 717 1982 738 2015; x_wconf 77' lang='lat'>⁵</span> <span class='ocrx_word' id='word_1_142' title='bbox 803 1984 936 2049; x_wconf 88' lang='lat' dir='ltr'>Imo</span> <span class='ocrx_word' id='word_1_143' title='bbox 970 1983 1294 2048; x_wconf 84' lang='lat' dir='ltr'>fatebatur</span> <span class='ocrx_word' id='word_1_144' title='bbox 1323 1989 1647 2047; x_wconf 85' lang='lat' dir='ltr'>auctorem</span> <span class='ocrx_word' id='word_1_145' title='bbox 1680 2004 1819 2047; x_wconf 90' lang='lat' dir='ltr'>esse</span> <span class='ocrx_word' id='word_1_146' title='bbox 1850 1982 2317 2067; x_wconf 86' lang='lat' dir='ltr'>appellationis.</span> <span class='ocrx_word' id='word_1_147' title='bbox 2394 1984 2599 2049; x_wconf 87' lang='lat' dir='ltr'>Nimis</span> 
     </span>
     <span class='ocr_line' id='line_1_19' title="bbox 344 2068 2591 2153; baseline -0 -18"><span class='ocrx_word' id='word_1_148' title='bbox 344 2075 444 2135; x_wconf 86' lang='lat' dir='ltr'>est</span> <span class='ocrx_word' id='word_1_149' title='bbox 506 2070 894 2135; x_wconf 88' lang='lat' dir='ltr'>temerarius.</span> <span class='ocrx_word' id='word_1_150' title='bbox 1004 2068 1145 2133; x_wconf 89' lang='lat' dir='ltr'>Non</span> <span class='ocrx_word' id='word_1_151' title='bbox 1213 2070 1430 2153; x_wconf 77' lang='lat' dir='ltr'>probo,</span> <span class='ocrx_word' id='word_1_152' title='bbox 1554 2070 1725 2133; x_wconf 85' lang='lat' dir='ltr'>Inter</span> <span class='ocrx_word' id='word_1_153' title='bbox 1788 2068 1957 2132; x_wconf 87' lang='lat' dir='ltr'>hunc</span> <span class='ocrx_word' id='word_1_154' title='bbox 2020 2074 2083 2132; x_wconf 82' lang='lat' dir='ltr'>et</span> <span class='ocrx_word' id='word_1_155' title='bbox 2154 2070 2591 2151; x_wconf 81' lang='lat' dir='ltr'>Aperbacchos</span> 
     </span>
     <span class='ocr_line' id='line_1_20' title="bbox 344 2153 2594 2240; baseline -0.002 -17"><span class='ocrx_word' id='word_1_156' title='bbox 344 2156 824 2223; x_wconf 86' lang='lat' dir='ltr'>distractionem</span> <span class='ocrx_word' id='word_1_157' title='bbox 871 2159 936 2221; x_wconf 87' lang='lat' dir='ltr'>et</span> <span class='ocrx_word' id='word_1_158' title='bbox 980 2156 1310 2221; x_wconf 86' lang='lat' dir='ltr'>dissidium</span> <span class='ocrx_word' id='word_1_159' title='bbox 1379 2156 1597 2221; x_wconf 88' lang='lat' dir='ltr'>itidem</span> <span class='ocrx_word' id='word_1_160' title='bbox 1664 2177 1789 2220; x_wconf 91' lang='lat' dir='ltr'>non</span> <span class='ocrx_word' id='word_1_161' title='bbox 1858 2153 2111 2237; x_wconf 79' lang='lat' dir='ltr'>probo.⁶</span> <span class='ocrx_word' id='word_1_162' title='bbox 2204 2155 2367 2232; x_wconf 83' lang='lat' dir='ltr'>Quid</span> <span class='ocrx_word' id='word_1_163' title='bbox 2436 2179 2594 2240; x_wconf 86' lang='lat' dir='ltr'>opus</span> 
     </span>
     <span class='ocr_line' id='line_1_21' title="bbox 344 2242 2597 2328; baseline -0 -19"><span class='ocrx_word' id='word_1_164' title='bbox 344 2251 446 2309; x_wconf 86' lang='lat' dir='ltr'>est</span> <span class='ocrx_word' id='word_1_165' title='bbox 507 2242 765 2309; x_wconf 79' lang='lat' dir='ltr'>verbis?</span> <span class='ocrx_word' id='word_1_166' title='bbox 851 2242 1014 2328; x_wconf 88' lang='lat' dir='ltr'>Male</span> <span class='ocrx_word' id='word_1_167' title='bbox 1073 2243 1350 2307; x_wconf 88' lang='lat' dir='ltr'>lembum</span> <span class='ocrx_word' id='word_1_168' title='bbox 1413 2242 1729 2325; x_wconf 84' lang='lat' dir='ltr'>gubernat</span> <span class='ocrx_word' id='word_1_169' title='bbox 1774 2245 1838 2306; x_wconf 90' lang='lat' dir='ltr'>et</span> <span class='ocrx_word' id='word_1_170' title='bbox 1880 2264 2033 2326; x_wconf 88' lang='lat' dir='ltr'>puer</span> <span class='ocrx_word' id='word_1_171' title='bbox 2094 2264 2277 2307; x_wconf 87' lang='lat' dir='ltr'>senes</span> <span class='ocrx_word' id='word_1_172' title='bbox 2346 2244 2597 2325; x_wconf 86' lang='lat' dir='ltr'>impetit</span> 
     </span>
     <span class='ocr_line' id='line_1_22' title="bbox 345 2328 2595 2413; baseline -0.001 -17"><span class='ocrx_word' id='word_1_173' title='bbox 345 2335 430 2409; x_wconf 91' lang='lat' dir='ltr'>et,</span> <span class='ocrx_word' id='word_1_174' title='bbox 463 2330 636 2413; x_wconf 89' lang='lat' dir='ltr'>quod</span> <span class='ocrx_word' id='word_1_175' title='bbox 681 2330 980 2395; x_wconf 89' lang='lat' dir='ltr'>convenit</span> <span class='ocrx_word' id='word_1_176' title='bbox 1023 2330 1190 2395; x_wconf 90' lang='lat' dir='ltr'>inter</span> <span class='ocrx_word' id='word_1_177' title='bbox 1235 2351 1474 2405; x_wconf 78' lang='lat' dir='ltr'>omneS,</span> <span class='ocrx_word' id='word_1_178' title='bbox 1509 2329 1827 2412; x_wconf 89' lang='lat' dir='ltr'>patrissat.</span> <span class='ocrx_word' id='word_1_179' title='bbox 1918 2328 2133 2393; x_wconf 87' lang='lat' dir='ltr'>Donas</span> <span class='ocrx_word' id='word_1_180' title='bbox 2164 2328 2322 2393; x_wconf 86' lang='lat' dir='ltr'>mihi</span> <span class='ocrx_word' id='word_1_181' title='bbox 2356 2330 2595 2394; x_wconf 88' lang='lat' dir='ltr'>cultros</span> 
     </span>
     <span class='ocr_line' id='line_1_23' title="bbox 345 2414 2596 2501; baseline -0.001 -18"><span class='ocrx_word' id='word_1_182' title='bbox 345 2416 728 2483; x_wconf 87' lang='lat' dir='ltr'>convivales.</span> <span class='ocrx_word' id='word_1_183' title='bbox 819 2416 981 2494; x_wconf 84' lang='lat' dir='ltr'>Quid</span> <span class='ocrx_word' id='word_1_184' title='bbox 1029 2437 1242 2499; x_wconf 86' lang='lat' dir='ltr'>agam,·</span> <span class='ocrx_word' id='word_1_185' title='bbox 1280 2421 1351 2480; x_wconf 90' lang='lat' dir='ltr'>ut</span> <span class='ocrx_word' id='word_1_186' title='bbox 1394 2437 1508 2500; x_wconf 87' lang='lat' dir='ltr'>par</span> <span class='ocrx_word' id='word_1_187' title='bbox 1552 2416 1709 2501; x_wconf 88' lang='lat' dir='ltr'>pari,</span> <span class='ocrx_word' id='word_1_188' title='bbox 1744 2414 1829 2480; x_wconf 91' lang='lat' dir='ltr'>mi</span> <span class='ocrx_word' id='word_1_189' title='bbox 1858 2414 2133 2492; x_wconf 83' lang='lat' dir='ltr'>Urbane,</span> <span class='ocrx_word' id='word_1_190' title='bbox 2168 2418 2596 2500; x_wconf 79' lang='lat' dir='ltr'>respondeat?</span> 
     </span>
     <span class='ocr_line' id='line_1_24' title="bbox 347 2503 2597 2586; baseline 0 -18"><span class='ocrx_word' id='word_1_191' title='bbox 347 2504 626 2586; x_wconf 86' lang='lat' dir='ltr'>Tempus</span> <span class='ocrx_word' id='word_1_192' title='bbox 682 2503 1086 2585; x_wconf 82' lang='lat' dir='ltr'>exspectab0‚</span> <span class='ocrx_word' id='word_1_193' title='bbox 1134 2525 1262 2585; x_wconf 89' lang='lat' dir='ltr'>quo</span> <span class='ocrx_word' id='word_1_194' title='bbox 1307 2503 1427 2567; x_wconf 86' lang='lat' dir='ltr'>tibi</span> <span class='ocrx_word' id='word_1_195' title='bbox 1473 2504 1740 2586; x_wconf 85' lang='lat' dir='ltr'>gratiam</span> <span class='ocrx_word' id='word_1_196' title='bbox 1798 2503 2061 2567; x_wconf 87' lang='lat' dir='ltr'>referam</span> <span class='ocrx_word' id='word_1_197' title='bbox 2122 2525 2355 2586; x_wconf 87' lang='lat' dir='ltr'>parem.</span> <span class='ocrx_word' id='word_1_198' title='bbox 2450 2504 2597 2568; x_wconf 91' lang='lat' dir='ltr'>Vale</span> 
     </span>
    </p>
   </div>
   <div class='ocr_carea' id='block_1_3' title="bbox 347 2588 1870 2728">
    <p class='ocr_par' dir='ltr' id='par_1_3' title="bbox 347 2588 1870 2728">
     <span class='ocr_line' id='line_1_25' title="bbox 347 2588 1870 2656; baseline -0.003 0"><span class='ocrx_word' id='word_1_199' title='bbox 347 2592 528 2656; x_wconf 88' lang='lat' dir='ltr'>bene.</span> <span class='ocrx_word' id='word_1_200' title='bbox 618 2589 716 2653; x_wconf 86' lang='lat' dir='ltr'>Ex</span> <span class='ocrx_word' id='word_1_201' title='bbox 761 2589 974 2654; x_wconf 88' lang='lat' dir='ltr'>Gotha</span> <span class='ocrx_word' id='word_1_202' title='bbox 1017 2588 1086 2652; x_wconf 90' lang='lat' dir='ltr'>V.</span> <span class='ocrx_word' id='word_1_203' title='bbox 1137 2589 1266 2654; x_wconf 90' lang='lat' dir='ltr'>Cal.</span> <span class='ocrx_word' id='word_1_204' title='bbox 1314 2591 1540 2654; x_wconf 86' lang='lat' dir='ltr'>Junias</span> <span class='ocrx_word' id='word_1_205' title='bbox 1586 2589 1870 2653; x_wconf 89' lang='lat' dir='ltr'>MDXIII.</span> 
     </span>
     <span class='ocr_line' id='line_1_26' title="bbox 657 2673 1102 2728; baseline -0.005 0"><span class='ocrx_word' id='word_1_206' title='bbox 657 2673 1102 2728; x_wconf 77' lang='lat' dir='ltr'>Cod.Frcf.124.</span> 
     </span>
    </p>
   </div>
   <div class='ocr_carea' id='block_1_4' title="bbox 358 2765 2595 2881">
    <p class='ocr_par' dir='ltr' id='par_1_4' title="bbox 358 2765 2595 2881">
     <span class='ocr_line' id='line_1_27' title="bbox 358 2765 2595 2881; baseline -0 -16"><span class='ocrx_word' id='word_1_207' title='bbox 358 2811 586 2881; x_wconf 83' lang='lat' dir='ltr'>(Gotha.)</span> <span class='ocrx_word' id='word_1_208' title='bbox 1401 2795 1541 2858; x_wconf 78' lang='lat'>251.</span> <span class='ocrx_word' id='word_1_209' title='bbox 2169 2813 2247 2866; x_wconf 85' lang='lat'>13.</span> <span class='ocrx_word' id='word_1_210' title='bbox 2285 2765 2412 2866; x_wconf 65' lang='lat' dir='ltr'>Juni</span> <span class='ocrx_word' id='word_1_211' title='bbox 2450 2812 2595 2865; x_wconf 82' lang='lat'>1513.</span> 
     </span>
    </p>
   </div>
   <div class='ocr_carea' id='block_1_5' title="bbox 1073 2902 1871 2976">
    <p class='ocr_par' dir='ltr' id='par_1_5' title="bbox 1073 2902 1871 2976">
     <span class='ocr_line' id='line_1_28' title="bbox 1073 2902 1871 2976; baseline 0 -2"><span class='ocrx_word' id='word_1_212' title='bbox 1073 2905 1362 2975; x_wconf 85' lang='lat' dir='ltr'>Mutian</span> <span class='ocrx_word' id='word_1_213' title='bbox 1395 2925 1503 2974; x_wconf 79' lang='lat' dir='ltr'>an</span> <span class='ocrx_word' id='word_1_214' title='bbox 1549 2902 1841 2976; x_wconf 85' lang='lat' dir='ltr'>Crotus.</span> <span class='ocrx_word' id='word_1_215' title='bbox 1851 2905 1871 2940; x_wconf 69' lang='lat'><em>¹</em></span> 
     </span>
    </p>
   </div>
   <div class='ocr_carea' id='block_1_6' title="bbox 347 3015 2597 3154">
    <p class='ocr_par' dir='ltr' id='par_1_6' title="bbox 347 3015 2597 3154">
     <span class='ocr_line' id='line_1_29' title="bbox 347 3015 2597 3085; baseline -0 -16"><span class='ocrx_word' id='word_1_216' title='bbox 347 3016 548 3084; x_wconf 61' lang='lat' dir='ltr'>(Bina,</span> <span class='ocrx_word' id='word_1_217' title='bbox 587 3016 685 3070; x_wconf 71' lang='lat' dir='ltr'>ihu</span> <span class='ocrx_word' id='word_1_218' title='bbox 719 3018 855 3071; x_wconf 76' lang='lat' dir='ltr'>baim</span> <span class='ocrx_word' id='word_1_219' title='bbox 891 3017 1018 3070; x_wconf 76' lang='lat' dir='ltr'>Abte</span> <span class='ocrx_word' id='word_1_220' title='bbox 1061 3016 1156 3084; x_wconf 74' lang='lat' dir='ltr'>fior</span> <span class='ocrx_word' id='word_1_221' title='bbox 1200 3015 1342 3070; x_wconf 77' lang='lat' dir='ltr'>scine</span> <span class='ocrx_word' id='word_1_222' title='bbox 1387 3016 1711 3084; x_wconf 77' lang='lat' dir='ltr'>freundliche</span> <span class='ocrx_word' id='word_1_223' title='bbox 1764 3016 2075 3085; x_wconf 69' lang='lat' dir='ltr'>Einladzmy</span> <span class='ocrx_word' id='word_1_224' title='bbox 2120 3034 2194 3070; x_wconf 61' lang='lat' dir='ltr'>zu</span> <span class='ocrx_word' id='word_1_225' title='bbox 2243 3016 2417 3070; x_wconf 79' lang='lat' dir='ltr'>seiner</span> <span class='ocrx_word' id='word_1_226' title='bbox 2463 3015 2597 3068; x_wconf 72' lang='lat' dir='ltr'><em>Ein-</em></span> 
     </span>
     <span class='ocr_line' id='line_1_30' title="bbox 1062 3085 1868 3154; baseline 0 -16"><span class='ocrx_word' id='word_1_227' title='bbox 1062 3085 1301 3154; x_wconf 63' lang='lat' dir='ltr'>fulcrum</span> <span class='ocrx_word' id='word_1_228' title='bbox 1336 3103 1411 3138; x_wconf 66' lang='grc' dir='ltr'>κα</span> <span class='ocrx_word' id='word_1_229' title='bbox 1444 3086 1832 3154; x_wconf 74' lang='lat' dir='ltr'>entschuldiqen</span> <span class='ocrx_word' id='word_1_230' title='bbox 1834 3087 1868 3152; x_wconf 90' lang='lat'>.)</span> 
     </span>
    </p>
   </div>
   <div class='ocr_carea' id='block_1_7' title="bbox 477 3181 2463 3320">
    <p class='ocr_par' dir='ltr' id='par_1_7' title="bbox 477 3181 2463 3320">
     <span class='ocr_line' id='line_1_31' title="bbox 477 3181 2463 3242; baseline -0.001 -9"><span class='ocrx_word' id='word_1_231' title='bbox 477 3183 662 3233; x_wconf 81' lang='lat' dir='ltr'>Croto</span> <span class='ocrx_word' id='word_1_232' title='bbox 692 3184 721 3223; x_wconf 89' lang='lat' dir='ltr'>b</span> <span class='ocrx_word' id='word_1_233' title='bbox 756 3182 1050 3233; x_wconf 80' lang='lat' dir='ltr'>Rubiano</span> <span class='ocrx_word' id='word_1_234' title='bbox 1085 3195 1264 3233; x_wconf 81' lang='lat' dir='ltr'>sacra.</span> <span class='ocrx_word' id='word_1_235' title='bbox 1298 3183 1623 3233; x_wconf 81' lang='lat' dir='ltr'>Musarum</span> <span class='ocrx_word' id='word_1_236' title='bbox 1652 3183 2034 3242; x_wconf 79' lang='lat' dir='ltr'>procuranti,</span> <span class='ocrx_word' id='word_1_237' title='bbox 2069 3182 2204 3232; x_wconf 83' lang='lat' dir='ltr'>viro</span> <span class='ocrx_word' id='word_1_238' title='bbox 2240 3181 2463 3231; x_wconf 71' lang='lat' dir='ltr'>clar-oo</span> 
     </span>
     <span class='ocr_line' id='line_1_32' title="bbox 1270 3267 2071 3320; baseline 0 -2"><span class='ocrx_word' id='word_1_239' title='bbox 1270 3269 1358 3318; x_wconf 78' lang='lat' dir='ltr'>M.</span> <span class='ocrx_word' id='word_1_240' title='bbox 1394 3267 1615 3320; x_wconf 70' lang='lat' dir='ltr'>Rufus.</span> <span class='ocrx_word' id='word_1_241' title='bbox 1644 3269 1675 3308; x_wconf 82' lang='lat' dir='ltr'>d</span> <span class='ocrx_word' id='word_1_242' title='bbox 2062 3283 2071 3291; x_wconf 77' lang='lat'><strong>·</strong></span> 
     </span>
    </p>
   </div>
   <div class='ocr_carea' id='block_1_8' title="bbox 345 3351 2601 3532">
    <p class='ocr_par' dir='ltr' id='par_1_8' title="bbox 345 3351 2601 3532">
     <span class='ocr_line' id='line_1_33' title="bbox 557 3351 2601 3444; baseline -0.001 -18"><span class='ocrx_word' id='word_1_243' title='bbox 557 3362 622 3426; x_wconf 89' lang='lat' dir='ltr'>S.</span> <span class='ocrx_word' id='word_1_244' title='bbox 703 3362 1001 3427; x_wconf 84' lang='lat' dir='ltr'>Gratulor</span> <span class='ocrx_word' id='word_1_245' title='bbox 1032 3367 1300 3444; x_wconf 91' lang='lat' dir='ltr'>patrono</span> <span class='ocrx_word' id='word_1_246' title='bbox 1331 3367 1551 3427; x_wconf 89' lang='lat' dir='ltr'>nostro</span> <span class='ocrx_word' id='word_1_247' title='bbox 1582 3359 1976 3427; x_wconf 83' lang='lat' dir='ltr'>dulcissimo⁸</span> <span class='ocrx_word' id='word_1_248' title='bbox 2010 3365 2074 3426; x_wconf 89' lang='lat' dir='ltr'>et</span> <span class='ocrx_word' id='word_1_249' title='bbox 2106 3351 2331 3426; x_wconf 85' lang='lat' dir='ltr'>exacte</span> <span class='ocrx_word' id='word_1_250' title='bbox 2360 3361 2601 3442; x_wconf 85' lang='lat' dir='ltr'>gratias</span> 
     </span>
     <span class='ocr_line' id='line_1_34' title="bbox 345 3447 2600 3532; baseline -0 -22"><span class='ocrx_word' id='word_1_251' title='bbox 345 3469 490 3528; x_wconf 89' lang='lat' dir='ltr'>ag0‚</span> <span class='ocrx_word' id='word_1_252' title='bbox 567 3449 736 3529; x_wconf 90' lang='lat' dir='ltr'>quod</span> <span class='ocrx_word' id='word_1_253' title='bbox 799 3471 900 3512; x_wconf 90' lang='lat' dir='ltr'>me</span> <span class='ocrx_word' id='word_1_254' title='bbox 965 3449 1305 3513; x_wconf 86' lang='lat' dir='ltr'>illustrium</span> <span class='ocrx_word' id='word_1_255' title='bbox 1377 3449 1586 3513; x_wconf 90' lang='lat' dir='ltr'>coetui</span> <span class='ocrx_word' id='word_1_256' title='bbox 1632 3453 1697 3512; x_wconf 91' lang='lat' dir='ltr'>et</span> <span class='ocrx_word' id='word_1_257' title='bbox 1741 3449 1941 3532; x_wconf 89' lang='lat' dir='ltr'>ipsius</span> <span class='ocrx_word' id='word_1_258' title='bbox 2008 3448 2432 3512; x_wconf 85' lang='lat' dir='ltr'>sacrosanctis</span> <span class='ocrx_word' id='word_1_259' title='bbox 2500 3447 2600 3509; x_wconf 92' lang='lat' dir='ltr'>in-</span> 
     </span>
    </p>
   </div>
   <div class='ocr_carea' id='block_1_9' title="bbox 345 3581 2602 4532">
    <p class='ocr_par' dir='ltr' id='par_1_9' title="bbox 345 3581 2602 4532">
     <span class='ocr_line' id='line_1_35' title="bbox 485 3581 2602 3650; baseline -0.001 -14"><span class='ocrx_word' id='word_1_260' title='bbox 485 3597 515 3624; x_wconf 74' lang='lat' dir='ltr'>a</span> <span class='ocrx_word' id='word_1_261' title='bbox 545 3585 925 3638; x_wconf 86' lang='lat' dir='ltr'>concianaturo.</span> <span class='ocrx_word' id='word_1_262' title='bbox 974 3587 978 3590; x_wconf 82' lang='grc'><strong>’</strong></span> <span class='ocrx_word' id='word_1_263' title='bbox 1065 3589 1094 3627; x_wconf 86' lang='lat' dir='ltr'>b</span> <span class='ocrx_word' id='word_1_264' title='bbox 1121 3586 1308 3640; x_wconf 88' lang='lat' dir='ltr'>Joanni</span> <span class='ocrx_word' id='word_1_265' title='bbox 1343 3585 1495 3639; x_wconf 84' lang='lat' dir='ltr'>Croto</span> <span class='ocrx_word' id='word_1_266' title='bbox 1539 3585 1657 3638; x_wconf 83' lang='lat' dir='ltr'>Ood.</span> <span class='ocrx_word' id='word_1_267' title='bbox 1696 3586 1772 3637; x_wconf 85' lang='lat'>30</span> <span class='ocrx_word' id='word_1_268' title='bbox 1783 3585 1825 3637; x_wconf 84' lang='lat'>7.</span> <span class='ocrx_word' id='word_1_269' title='bbox 1966 3599 1991 3627; x_wconf 83' lang='lat'><strong>0</strong></span> <span class='ocrx_word' id='word_1_270' title='bbox 2018 3584 2130 3638; x_wconf 86' lang='lat' dir='ltr'>viro</span> <span class='ocrx_word' id='word_1_271' title='bbox 2182 3583 2320 3637; x_wconf 90' lang='lat' dir='ltr'>claro</span> <span class='ocrx_word' id='word_1_272' title='bbox 2369 3581 2494 3650; x_wconf 75' lang='lat' dir='ltr'>fehlt</span> <span class='ocrx_word' id='word_1_273' title='bbox 2540 3582 2602 3634; x_wconf 77' lang='lat' dir='ltr'>in</span> 
     </span>
     <span class='ocr_line' id='line_1_36' title="bbox 355 3651 1590 3720; baseline 0.002 -16"><span class='ocrx_word' id='word_1_274' title='bbox 355 3651 475 3704; x_wconf 82' lang='lat' dir='ltr'>Ood.</span> <span class='ocrx_word' id='word_1_275' title='bbox 515 3653 644 3705; x_wconf 83' lang='lat'>307.</span> <span class='ocrx_word' id='word_1_276' title='bbox 785 3653 1270 3720; x_wconf 68' lang='lat' dir='ltr'>‹1M.R.fekltin</span> <span class='ocrx_word' id='word_1_277' title='bbox 1313 3655 1429 3708; x_wconf 73' lang='lat' dir='ltr'>eod.</span> <span class='ocrx_word' id='word_1_278' title='bbox 1466 3655 1590 3708; x_wconf 91' lang='lat'>160.</span> 
     </span>
     <span class='ocr_line' id='line_1_37' title="bbox 346 3720 2598 3792; baseline -0 -20"><span class='ocrx_word' id='word_1_279' title='bbox 346 3737 505 3773; x_wconf 88' lang='lat' dir='ltr'>cruce</span> <span class='ocrx_word' id='word_1_280' title='bbox 553 3738 646 3789; x_wconf 85' lang='lat' dir='ltr'>per</span> <span class='ocrx_word' id='word_1_281' title='bbox 703 3723 919 3775; x_wconf 88' lang='lat' dir='ltr'>modum</span> <span class='ocrx_word' id='word_1_282' title='bbox 965 3723 1258 3792; x_wconf 88' lang='lat' dir='ltr'>dialogismi</span> <span class='ocrx_word' id='word_1_283' title='bbox 1319 3723 1512 3777; x_wconf 83' lang='lat' dir='ltr'>Christi</span> <span class='ocrx_word' id='word_1_284' title='bbox 1562 3724 1614 3775; x_wconf 89' lang='lat' dir='ltr'>et</span> <span class='ocrx_word' id='word_1_285' title='bbox 1662 3721 1961 3776; x_wconf 81' lang='lat' dir='ltr'>Christiani.</span> <span class='ocrx_word' id='word_1_286' title='bbox 2008 3722 2067 3773; x_wconf 89' lang='lat'>4⁰</span> <span class='ocrx_word' id='word_1_287' title='bbox 2114 3721 2262 3789; x_wconf 89' lang='lat' dir='ltr'>(Exc.</span> <span class='ocrx_word' id='word_1_288' title='bbox 2316 3737 2405 3788; x_wconf 88' lang='lat' dir='ltr'>per</span> <span class='ocrx_word' id='word_1_289' title='bbox 2451 3720 2598 3772; x_wconf 81' lang='lat' dir='ltr'>Joan.</span> 
     </span>
     <span class='ocr_line' id='line_1_38' title="bbox 347 3789 2600 3868; baseline -0 -27"><span class='ocrx_word' id='word_1_290' title='bbox 347 3790 673 3868; x_wconf 77' lang='lat' dir='ltr'>Canappum.</span> <span class='ocrx_word' id='word_1_291' title='bbox 727 3792 895 3860; x_wconf 91' lang='grc'>1514).</span> <span class='ocrx_word' id='word_1_292' title='bbox 966 3792 1118 3845; x_wconf 88' lang='lat' dir='ltr'>Nach</span> <span class='ocrx_word' id='word_1_293' title='bbox 1154 3789 2096 3860; x_wconf 78' lang='lat' dir='ltr'>Kampschulte‚UniV.E1·f.I</span> <span class='ocrx_word' id='word_1_294' title='bbox 2133 3791 2215 3842; x_wconf 83' lang='grc'><strong>91.</strong></span> <span class='ocrx_word' id='word_1_295' title='bbox 2286 3790 2395 3842; x_wconf 87' lang='lat' dir='ltr'>Das</span> <span class='ocrx_word' id='word_1_296' title='bbox 2432 3789 2600 3848; x_wconf 77' lang='lat' dir='ltr'>Buch,</span> 
     </span>
     <span class='ocr_line' id='line_1_39' title="bbox 346 3831 2597 3930; baseline -0 -20"><span class='ocrx_word' id='word_1_297' title='bbox 346 3857 488 3925; x_wconf 83' lang='lat' dir='ltr'>auch</span> <span class='ocrx_word' id='word_1_298' title='bbox 523 3858 579 3912; x_wconf 89' lang='lat' dir='ltr'>in</span> <span class='ocrx_word' id='word_1_299' title='bbox 613 3859 698 3913; x_wconf 91' lang='lat' dir='ltr'>Br.</span> <span class='ocrx_word' id='word_1_300' title='bbox 738 3860 854 3914; x_wconf 87' lang='grc'><strong>254.</strong></span> <span class='ocrx_word' id='word_1_301' title='bbox 894 3861 992 3913; x_wconf 90' lang='grc'>255</span> <span class='ocrx_word' id='word_1_302' title='bbox 1030 3862 1278 3926; x_wconf 76' lang='lat' dir='ltr'>erwahnt‚</span> <span class='ocrx_word' id='word_1_303' title='bbox 1314 3862 1400 3930; x_wconf 90' lang='lat' dir='ltr'>lag</span> <span class='ocrx_word' id='word_1_304' title='bbox 1434 3863 1540 3914; x_wconf 84' lang='lat' dir='ltr'>erst</span> <span class='ocrx_word' id='word_1_305' title='bbox 1574 3861 1651 3912; x_wconf 91' lang='lat' dir='ltr'>im</span> <span class='ocrx_word' id='word_1_306' title='bbox 1684 3859 1840 3914; x_wconf 89' lang='lat' dir='ltr'>Mscr.</span> <span class='ocrx_word' id='word_1_307' title='bbox 1878 3876 1987 3926; x_wconf 80' lang='lat' dir='ltr'>vor,</span> <span class='ocrx_word' id='word_1_308' title='bbox 2026 3831 2234 3912; x_wconf 56' lang='lat' dir='ltr'>ob&#39;wohl</span> <span class='ocrx_word' id='word_1_309' title='bbox 2269 3859 2353 3911; x_wconf 79' lang='lat' dir='ltr'>die</span> <span class='ocrx_word' id='word_1_310' title='bbox 2390 3861 2597 3925; x_wconf 68' lang='lat' dir='ltr'>spatern</span> 
     </span>
     <span class='ocr_line' id='line_1_40' title="bbox 345 3902 2515 3997; baseline 0 -19"><span class='ocrx_word' id='word_1_311' title='bbox 345 3916 728 3997; x_wconf 82' lang='lat' dir='ltr'>Ausserungen</span> <span class='ocrx_word' id='word_1_312' title='bbox 763 3931 856 3982; x_wconf 90' lang='lat' dir='ltr'>auf</span> <span class='ocrx_word' id='word_1_313' title='bbox 888 3930 987 3981; x_wconf 88' lang='lat' dir='ltr'>den</span> <span class='ocrx_word' id='word_1_314' title='bbox 1021 3930 1202 3983; x_wconf 88' lang='lat' dir='ltr'>Druck</span> <span class='ocrx_word' id='word_1_315' title='bbox 1237 3902 1594 3983; x_wconf 63' lang='lat' dir='ltr'>hinzudeuten</span> <span class='ocrx_word' id='word_1_316' title='bbox 1630 3929 1895 3982; x_wconf 88' lang='lat' dir='ltr'>scheinen.</span> <span class='ocrx_word' id='word_1_317' title='bbox 2078 3929 2092 3959; x_wconf 86' lang='lat'><strong>¹</strong></span> <span class='ocrx_word' id='word_1_318' title='bbox 2131 3927 2181 3980; x_wconf 91' lang='lat' dir='ltr'>S.</span> <span class='ocrx_word' id='word_1_319' title='bbox 2220 3929 2251 3980; x_wconf 90' lang='lat'>3</span> <span class='ocrx_word' id='word_1_320' title='bbox 2286 3929 2349 3980; x_wconf 88' lang='lat' dir='ltr'>A.</span> <span class='ocrx_word' id='word_1_321' title='bbox 2390 3930 2434 3979; x_wconf 94' lang='grc'><strong>1.</strong></span> <span class='ocrx_word' id='word_1_322' title='bbox 2511 3965 2515 3972; x_wconf 79' lang='lat'>.</span> 
     </span>
     <span class='ocr_line' id='line_1_41' title="bbox 347 3993 2599 4062; baseline 0 -15"><span class='ocrx_word' id='word_1_323' title='bbox 347 3999 367 4029; x_wconf 82' lang='lat'>²¹</span> <span class='ocrx_word' id='word_1_324' title='bbox 397 3994 526 4062; x_wconf 82' lang='lat' dir='ltr'>,Vgl.</span> <span class='ocrx_word' id='word_1_325' title='bbox 575 3995 624 4049; x_wconf 85' lang='lat' dir='ltr'>S.</span> <span class='ocrx_word' id='word_1_326' title='bbox 669 3997 768 4051; x_wconf 84' lang='grc'>276</span> <span class='ocrx_word' id='word_1_327' title='bbox 810 4000 871 4050; x_wconf 90' lang='lat' dir='ltr'>A.</span> <span class='ocrx_word' id='word_1_328' title='bbox 921 4000 969 4050; x_wconf 88' lang='lat'>3.</span> <span class='ocrx_word' id='word_1_329' title='bbox 1111 4001 1132 4031; x_wconf 82' lang='lat'><strong>³</strong></span> <span class='ocrx_word' id='word_1_330' title='bbox 1167 3999 1341 4052; x_wconf 82' lang='lat' dir='ltr'>Laton.</span> <span class='ocrx_word' id='word_1_331' title='bbox 1390 3999 1522 4052; x_wconf 86' lang='lat' dir='ltr'>Dist.</span> <span class='ocrx_word' id='word_1_332' title='bbox 1571 4014 1699 4051; x_wconf 91' lang='lat' dir='ltr'>mor.</span> <span class='ocrx_word' id='word_1_333' title='bbox 1736 3997 1807 4059; x_wconf 92' lang='grc' dir='ltr'>Π</span> <span class='ocrx_word' id='word_1_334' title='bbox 1846 3998 1925 4062; x_wconf 82' lang='grc'>16,</span> <span class='ocrx_word' id='word_1_335' title='bbox 1963 3997 2009 4048; x_wconf 88' lang='grc'><strong>2.</strong></span> <span class='ocrx_word' id='word_1_336' title='bbox 2150 3997 2173 4027; x_wconf 79' lang='lat'><strong>⁴</strong></span> <span class='ocrx_word' id='word_1_337' title='bbox 2204 3996 2475 4049; x_wconf 88' lang='lat' dir='ltr'>Maternus</span> <span class='ocrx_word' id='word_1_338' title='bbox 2510 3993 2599 4046; x_wconf 90' lang='lat' dir='ltr'>Pi-</span> 
     </span>
     <span class='ocr_line' id='line_1_42' title="bbox 345 4037 2595 4142; baseline -0.002 -24"><span class='ocrx_word' id='word_1_339' title='bbox 345 4064 543 4118; x_wconf 84' lang='lat' dir='ltr'>storius</span> <span class='ocrx_word' id='word_1_340' title='bbox 573 4081 677 4117; x_wconf 85' lang='lat' dir='ltr'>von</span> <span class='ocrx_word' id='word_1_341' title='bbox 706 4065 1007 4134; x_wconf 52' lang='lat' dir='ltr'>Ingweilers</span> <span class='ocrx_word' id='word_1_342' title='bbox 1037 4067 1237 4120; x_wconf 87' lang='lat' dir='ltr'>Lehrer</span> <span class='ocrx_word' id='word_1_343' title='bbox 1273 4069 1364 4120; x_wconf 90' lang='lat' dir='ltr'>der</span> <span class='ocrx_word' id='word_1_344' title='bbox 1398 4067 1724 4120; x_wconf 88' lang='lat' dir='ltr'>Humaniora</span> <span class='ocrx_word' id='word_1_345' title='bbox 1767 4066 1819 4118; x_wconf 89' lang='lat' dir='ltr'>in</span> <span class='ocrx_word' id='word_1_346' title='bbox 1857 4037 2409 4142; x_wconf 60' lang='lat' dir='ltr'>E13fu1t.vg1.s.9</span> <span class='ocrx_word' id='word_1_347' title='bbox 2447 4066 2508 4116; x_wconf 91' lang='lat' dir='ltr'>A.</span> <span class='ocrx_word' id='word_1_348' title='bbox 2547 4065 2595 4117; x_wconf 92' lang='lat'>4.</span> 
     </span>
     <span class='ocr_line' id='line_1_43' title="bbox 347 4131 2600 4212; baseline -0 -27"><span class='ocrx_word' id='word_1_349' title='bbox 347 4135 370 4166; x_wconf 78' lang='lat'><strong>³</strong></span> <span class='ocrx_word' id='word_1_350' title='bbox 407 4133 525 4202; x_wconf 89' lang='lat' dir='ltr'>Vgl.</span> <span class='ocrx_word' id='word_1_351' title='bbox 564 4133 649 4188; x_wconf 86' lang='grc' dir='ltr'>Βι.</span> <span class='ocrx_word' id='word_1_352' title='bbox 687 4134 805 4188; x_wconf 89' lang='grc'><strong>246.</strong></span> <span class='ocrx_word' id='word_1_353' title='bbox 945 4138 967 4168; x_wconf 79' lang='lat'><strong>⁶</strong></span> <span class='ocrx_word' id='word_1_354' title='bbox 1001 4132 1117 4204; x_wconf 87' lang='lat' dir='ltr'>Vgl.</span> <span class='ocrx_word' id='word_1_355' title='bbox 1157 4137 1242 4190; x_wconf 89' lang='lat' dir='ltr'>Br.</span> <span class='ocrx_word' id='word_1_356' title='bbox 1281 4137 1394 4190; x_wconf 83' lang='lat'>247.</span> <span class='ocrx_word' id='word_1_357' title='bbox 1538 4138 1559 4168; x_wconf 85' lang='lat'>⁷</span> <span class='ocrx_word' id='word_1_358' title='bbox 1593 4136 1700 4188; x_wconf 88' lang='lat' dir='ltr'>Der</span> <span class='ocrx_word' id='word_1_359' title='bbox 1744 4134 1891 4188; x_wconf 88' lang='lat' dir='ltr'>Brief</span> <span class='ocrx_word' id='word_1_360' title='bbox 1932 4135 2092 4186; x_wconf 88' lang='lat' dir='ltr'>findet</span> <span class='ocrx_word' id='word_1_361' title='bbox 2126 4133 2241 4188; x_wconf 88' lang='lat' dir='ltr'>sich</span> <span class='ocrx_word' id='word_1_362' title='bbox 2277 4133 2489 4212; x_wconf 82' lang='lat' dir='ltr'>doppelt</span> <span class='ocrx_word' id='word_1_363' title='bbox 2522 4131 2600 4184; x_wconf 87' lang='lat' dir='ltr'>als</span> 
     </span>
     <span class='ocr_line' id='line_1_44' title="bbox 345 4202 2600 4274; baseline -0.001 -18"><span class='ocrx_word' id='word_1_364' title='bbox 345 4203 442 4256; x_wconf 85' lang='lat' dir='ltr'>Nr.</span> <span class='ocrx_word' id='word_1_365' title='bbox 484 4202 584 4256; x_wconf 88' lang='grc'>160</span> <span class='ocrx_word' id='word_1_366' title='bbox 617 4219 668 4256; x_wconf 94' lang='lat' dir='ltr'>u.</span> <span class='ocrx_word' id='word_1_367' title='bbox 720 4205 818 4257; x_wconf 87' lang='grc'>307</span> <span class='ocrx_word' id='word_1_368' title='bbox 867 4203 943 4255; x_wconf 88' lang='lat' dir='ltr'>im</span> <span class='ocrx_word' id='word_1_369' title='bbox 987 4205 1114 4258; x_wconf 90' lang='lat' dir='ltr'>Cod</span> <span class='ocrx_word' id='word_1_370' title='bbox 1193 4205 1503 4274; x_wconf 78' lang='lat' dir='ltr'>Angehangt</span> <span class='ocrx_word' id='word_1_371' title='bbox 1555 4205 1691 4258; x_wconf 89' lang='lat' dir='ltr'>ohne</span> <span class='ocrx_word' id='word_1_372' title='bbox 1747 4204 2025 4257; x_wconf 87' lang='lat' dir='ltr'>besondere</span> <span class='ocrx_word' id='word_1_373' title='bbox 2080 4204 2337 4256; x_wconf 88' lang='lat' dir='ltr'>Nummer</span> <span class='ocrx_word' id='word_1_374' title='bbox 2388 4202 2459 4254; x_wconf 89' lang='lat' dir='ltr'>ist</span> <span class='ocrx_word' id='word_1_375' title='bbox 2506 4202 2600 4253; x_wconf 89' lang='lat' dir='ltr'>das</span> 
     </span>
     <span class='ocr_line' id='line_1_45' title="bbox 347 4269 2600 4341; baseline -0.001 -17"><span class='ocrx_word' id='word_1_376' title='bbox 347 4271 554 4324; x_wconf 84' lang='lat' dir='ltr'>Scitum</span> <span class='ocrx_word' id='word_1_377' title='bbox 597 4271 867 4326; x_wconf 87' lang='lat' dir='ltr'>cavillum</span> <span class='ocrx_word' id='word_1_378' title='bbox 917 4274 1009 4325; x_wconf 90' lang='lat' dir='ltr'>das</span> <span class='ocrx_word' id='word_1_379' title='bbox 1059 4290 1152 4326; x_wconf 86' lang='lat' dir='ltr'>urs</span> <span class='ocrx_word' id='word_1_380' title='bbox 1155 4274 1430 4341; x_wconf 81' lang='lat' dir='ltr'>priinghch</span> <span class='ocrx_word' id='word_1_381' title='bbox 1478 4291 1546 4326; x_wconf 80' lang='lat' dir='ltr'>zu</span> <span class='ocrx_word' id='word_1_382' title='bbox 1591 4273 1677 4327; x_wconf 89' lang='lat' dir='ltr'>Br.</span> <span class='ocrx_word' id='word_1_383' title='bbox 1728 4274 1828 4327; x_wconf 87' lang='lat'>305</span> <span class='ocrx_word' id='word_1_384' title='bbox 1880 4273 1972 4324; x_wconf 90' lang='lat' dir='ltr'>des</span> <span class='ocrx_word' id='word_1_385' title='bbox 2017 4273 2138 4327; x_wconf 85' lang='lat' dir='ltr'>Cod.</span> <span class='ocrx_word' id='word_1_386' title='bbox 2177 4273 2407 4339; x_wconf 70' lang='lat' dir='ltr'>gehorte.</span> <span class='ocrx_word' id='word_1_387' title='bbox 2481 4269 2600 4322; x_wconf 89' lang='lat' dir='ltr'>Wir</span> 
     </span>
     <span class='ocr_line' id='line_1_46' title="bbox 345 4339 2596 4410; baseline -0.001 -18"><span class='ocrx_word' id='word_1_388' title='bbox 345 4340 609 4409; x_wconf 78' lang='lat' dir='ltr'>bringeri</span> <span class='ocrx_word' id='word_1_389' title='bbox 621 4357 676 4392; x_wconf 90' lang='lat' dir='ltr'>es</span> <span class='ocrx_word' id='word_1_390' title='bbox 729 4357 794 4394; x_wconf 90' lang='lat' dir='ltr'>an</span> <span class='ocrx_word' id='word_1_391' title='bbox 847 4341 1018 4394; x_wconf 88' lang='lat' dir='ltr'>seiner</span> <span class='ocrx_word' id='word_1_392' title='bbox 1063 4343 1320 4410; x_wconf 84' lang='lat' dir='ltr'>richtigen</span> <span class='ocrx_word' id='word_1_393' title='bbox 1377 4341 1535 4395; x_wconf 86' lang='lat' dir='ltr'>Stelle</span> <span class='ocrx_word' id='word_1_394' title='bbox 1583 4344 1737 4394; x_wconf 85' lang='lat' dir='ltr'>unter</span> <span class='ocrx_word' id='word_1_395' title='bbox 1780 4343 1879 4394; x_wconf 90' lang='lat' dir='ltr'>den</span> <span class='ocrx_word' id='word_1_396' title='bbox 1928 4343 2099 4392; x_wconf 81' lang='lat' dir='ltr'>ersten</span> <span class='ocrx_word' id='word_1_397' title='bbox 2144 4341 2351 4393; x_wconf 81' lang='lat' dir='ltr'>Briefen</span> <span class='ocrx_word' id='word_1_398' title='bbox 2406 4341 2498 4390; x_wconf 85' lang='lat' dir='ltr'>des</span> <span class='ocrx_word' id='word_1_399' title='bbox 2548 4339 2596 4390; x_wconf 77' lang='lat' dir='ltr'>..I</span> 
     </span>
     <span class='ocr_line' id='line_1_47' title="bbox 347 4398 2597 4532; baseline -0.001 -70"><span class='ocrx_word' id='word_1_400' title='bbox 347 4398 717 4532; x_wconf 48' lang='grc' dir='ltr'>ὲ514ῥ43ἶὲῗι·</span> <span class='ocrx_word' id='word_1_401' title='bbox 752 4411 936 4464; x_wconf 85' lang='lat' dir='ltr'>Crotus</span> <span class='ocrx_word' id='word_1_402' title='bbox 973 4410 1022 4466; x_wconf 92' lang='lat' dir='ltr'>S.</span> <span class='ocrx_word' id='word_1_403' title='bbox 1066 4412 1134 4465; x_wconf 88' lang='grc'>70</span> <span class='ocrx_word' id='word_1_404' title='bbox 1167 4414 1229 4464; x_wconf 94' lang='grc' dir='ltr'>Α.</span> <span class='ocrx_word' id='word_1_405' title='bbox 1270 4415 1316 4464; x_wconf 95' lang='lat'>1.</span> <span class='ocrx_word' id='word_1_406' title='bbox 1387 4411 1437 4464; x_wconf 92' lang='lat' dir='ltr'>S.</span> <span class='ocrx_word' id='word_1_407' title='bbox 1480 4413 1574 4464; x_wconf 85' lang='lat'>151</span> <span class='ocrx_word' id='word_1_408' title='bbox 1612 4413 1675 4464; x_wconf 93' lang='lat' dir='ltr'>A.</span> <span class='ocrx_word' id='word_1_409' title='bbox 1712 4413 1759 4466; x_wconf 83' lang='lat'>3.</span> <span class='ocrx_word' id='word_1_410' title='bbox 1904 4412 1925 4442; x_wconf 79' lang='lat'>⁸</span> <span class='ocrx_word' id='word_1_411' title='bbox 1960 4410 2063 4491; x_wconf 81' lang='lat' dir='ltr'>Abt</span> <span class='ocrx_word' id='word_1_412' title='bbox 2096 4410 2400 4464; x_wconf 75' lang='lat' dir='ltr'>Hartmann.</span> <span class='ocrx_word' id='word_1_413' title='bbox 2474 4407 2597 4478; x_wconf 83' lang='lat' dir='ltr'>Vgl.</span> 
     </span>
    </p>

    <p class='ocr_par' dir='ltr' id='par_1_10' title="bbox 393 4494 728 4532">
     <span class='ocr_line' id='line_1_48' title="bbox 393 4494 728 4532; baseline -0.003 0"><span class='ocrx_word' id='word_1_414' title='bbox 393 4494 435 4532; x_wconf 85' lang='lat' dir='ltr'>r.</span> <span class='ocrx_word' id='word_1_415' title='bbox 681 4495 728 4532; x_wconf 80' lang='lat' dir='ltr'>o.</span> 
     </span>
    </p>
   </div>
   <div class='ocr_carea' id='block_1_10' title="bbox 351 3553 761 3561">
    <p class='ocr_par' dir='ltr' id='par_1_11' title="bbox 351 3553 761 3561">
     <span class='ocr_line' id='line_1_49' title="bbox 351 3553 761 3561; baseline 0 1334"><span class='ocrx_word' id='word_1_416' title='bbox 351 3553 761 3561; x_wconf 95' lang='lat' dir='ltr'> </span> 
     </span>
    </p>
   </div>
  </div>
 </body>
</html>
