3084 4895
488 423 617 487 458
1331 417 1507 477 Briefe
1542 419 1636 476 des
1673 421 1721 478 J.
1763 423 1907 479 1514.

497 598 566 658 et
612 593 728 658 has
775 593 1027 674 quidem
1084 590 1361 669 Publi0‚¹
1420 593 1566 656 illas
1623 592 1795 657 mihi.
1909 593 2332 661 Tabellarium
2404 620 2533 662 non
2599 599 2750 663 vidi.

500 680 597 742 An
649 683 720 742 tu
768 677 941 741 solus
986 678 1243 757 ignoras
1288 679 1538 742 istum?
1627 677 1796 742 Nota
1855 701 1982 743 non
2047 686 2236 746 caret.
2329 682 2605 759 Cautim,
2665 685 2752 748 mi

495 763 779 830 Urbane!
875 762 983 826 Ais
1027 765 1091 824 te
1138 783 1345 825 coram
1395 763 1570 827 velle.
1661 761 1797 840 Dic,
1845 766 2137 846 quand03
2184 767 2438 849 epulum
2483 775 2557 832 ut
2587 769 2751 847 dem,

497 852 553 915 si
600 871 725 913 non
773 847 961 929 quale
1008 846 1335 911 Hercules²
1382 849 1618 930 populo
1665 849 1859 924 dedit,
1925 853 1992 914 at
2055 855 2224 915 certe
2286 873 2395 933 pro
2458 853 2750 918 fortunis,

500 935 740 1013 Quodsi
788 933 1043 1017 negotia
1088 937 1153 996 te
1196 935 1636 1011 morabuntur,
1685 936 1894 998 veniet
1939 935 2020 998 ad
2067 940 2130 1001 te
2176 937 2564 1003 domesticus
2595 941 2754 1003 heb-

497 1020 763 1085 domade
809 1022 1093 1082 ventura.
1186 1017 1353 1081 Vale.
1442 1017 1602 1082 XVI.
1651 1019 1781 1083 Cal.
1831 1019 2010 1084 Sext.

802 1119 925 1173 eod.
962 1117 1095 1172 me.
1134 1118 1249 1174 382.

508 1309 735 1378 (Gotha.)
1560 1263 1704 1360 390.
2205 1312 2276 1382 (11.
2314 1313 2396 1367 25.
2433 1311 2544 1366 Juli
2581 1313 2756 1382 1514.)

1183 1419 1475 1490 Mutian
1518 1439 1617 1489 an
1661 1419 2066 1490 Herbord.⁸

534 1547 765 1614 (Sckilos
811 1547 1361 1614 Unxuverliiss‘iqkeit„
1410 1547 1521 1600 Hat
1555 1547 1656 1600 den
1687 1547 2160 1618 Zahlunqstermin
2192 1550 2340 1604 nicht
2373 1551 2730 1620 einqelmlten.)

1028 1655 1396 1713 Herebordo
1432 1663 1782 1723 margarito
1820 1658 1934 1729 (Μ.
1969 1659 2217 1730 Rufus).

704 1769 908 1834 Salus,
1002 1771 1145 1835 Tibi
1191 1793 1409 1853 parum
1458 1773 1790 1852 scribitur3
1837 1767 1998 1837 alias
2045 1793 2270 1838 manus
2315 1773 2536 1852 literis,
2569 1792 2756 1837 aures

497 1854 704 1918 verbis
770 1856 1063 1940 implebo,
1176 1857 1350 1934 Videe
1420 1877 1610 1937 quam
1679 1857 1956 1938 perfidus
2021 1860 2108 1924 sit
2175 1857 2498 1942 Schylus⁸
2600 1858 2758 1920 Post

496 1940 661 2003 diem
729 1939 956 2005 Jacobi
1021 1941 1235 2005 venire
1302 1942 1541 2006 debuit.
1652 1943 1878 2006 Differ-t
1938 1947 2003 2006 et
2063 1944 2321 2026 longam
2389 1943 2555 2010 diem
2623 1944 2758 2008 suis

496 2026 685 2090 rebus
730 2027 1028 2108 prodesse
1092 2027 1287 2091 novit.
1378 2027 1539 2090 Nam
1605 2029 1858 2091 interim
1921 2029 2126 2093 utitur
2193 2030 2404 2094 aliena
2467 2030 2755 2111 pecunia.

498 2109 650 2175 Vale
695 2115 760 2176 et
804 2112 997 2194 patri⁵
1046 2113 1265 2177 literas
1310 2116 1377 2179 et
1420 2113 1681 2179 anulum
1731 2113 1902 2193 dato,
1949 2115 2058 2179 sed
2104 2119 2271 2200 apte.

803 2213 927 2268 Ood.
964 2213 1095 2268 Frcf.
1135 2214 1251 2268 200.

512 2380 741 2452 (Gotha.)
1562 2367 1705 2432 391.
2023 2383 2159 2453 (Juli
2193 2384 2274 2436 od.
2312 2384 2374 2437 A.
2411 2383 2546 2452 Aug.
2587 2383 2759 2453 1514.)

1249 2496 1540 2568 Mutian
1585 2517 1684 2567 an
1729 2495 2008 2567 Urban.

496 2624 739 2689 (Schenkt
772 2622 861 2676 ein
894 2624 1145 2677 silbemes
1200 2624 1389 2692 Gefdss
1423 2625 1526 2677 mit
1574 2624 1993 2692 Woqueric'chen,
2041 2640 2140 2676 um
2185 2622 2509 2691 verpe-stende
2551 2622 2762 2675 Dienste

492 2693 875 2759 fernxuhalten.
948 2692 1103 2745 Auch
1152 2694 1270 2745 dem
1322 2694 1576 2747 Bavarus
1629 2693 1703 2745 ist
1753 2694 1844 2745 der
1907 2692 2228 2745 Wemraueh
2279 2690 2579 2759 anqenelzm.
2651 2691 2760 2743 Ab·

493 2762 767 2831 handluny
808 2761 938 2813 iiber
979 2762 1065 2814 die
1109 2761 1280 2815 Basse
1323 2763 1411 2815 des
1446 2762 1802 2899 deals
1836 2762 1934 2815 das
1979 2760 2161 2830 cinxia
2221 2760 2340 2813 Gott
2389 2757 2763 2828 wohlqefdll‘e'ye

888 2943 1129 3005 Insigni
1162 2944 1461 3005 magi-tro
1497 2944 1694 2995 Henr.
1729 2943 1987 2996 Urbano
2023 2944 2112 2995 Μ.
2146 2940 2371 2991 Rufus.

710 3053 966 3134 Christi,
1014 3055 1135 3119 hoc
1180 3060 1280 3118 est
1325 3058 1523 3131 uncti,
1571 3055 1781 3118 bonus
1826 3054 1998 3119 odor.
2091 3054 2256 3133 Ergo
2305 3051 2605 3115 convenit
2636 3049 2764 3113 tibi

502 3138 1037 3204 odoramentum.⁶
1128 3139 1456 3205 Laudatur
1500 3140 1611 3205 illa
1657 3140 1898 3217 mulier,
1947 3162 2110 3223 quae
2153 3138 2344 3219 pedes
2389 3137 2582 3199 unxit
2618 3134 2764 3199 Ser-

500 3226 756 3289 vatoris.
851 3224 977 3289 Cur
1024 3248 1149 3289 non
1198 3228 1441 3309 caput?
1531 3229 1630 3289 An
1693 3226 1945 3291 imitata
2016 3225 2358 3305 Diogenem
2431 3221 2763 3301 Cynicum,

504 3312 611 3392 qui
660 3311 721 3375 in
774 3310 1001 3375 balneo
1048 3317 1367 3393 magmate
1413 3334 1562 3375 suos
1609 3312 1733 3375 sibi
1777 3312 1968 3393 pedes
2007 3308 2294 3372 imbuit?
2382 3307 2509 3371 Sed
2553 3306 2760 3369 dices:

505 3394 753 3477 „Semel
820 3397 991 3461 lotus
1050 3403 1114 3460 et
1168 3401 1606 3479 unguentatus
1675 3398 1840 3460 salto
1897 3402 1962 3459 et
2019 3393 2224 3477 psallo
2291 3414 2434 3455 cum
2503 3390 2764 3463 Davide,

502 3482 777 3546 otiosum
847 3487 942 3546 est
1009 3505 1241 3546 munus
1306 3488 1508 3547 tuum.
1603 3480 1742 3545 Non
1815 3502 2074 3563 quaero·
2119 3478 2407 3543 madidos
2473 3474 2758 3540 odores.“

500 3566 673 3631 Esto.
766 3566 966 3631 Siccis
1022 3569 1219 3650 igitur
1274 3570 1619 3651 vaporibus
1687 3568 1884 3646 utitor
1952 3588 2097 3629 cum
2162 3563 2447 3627 ecclesia.
2537 3560 2772 3625 Vidisti

503 3673 799 3728 acerram,
847 3654 1068 3717 vidisti
1115 3652 1369 3717 Suffitas
1415 3655 1747 3734 imagineS‚
1796 3651 2080 3715 fumosas
2127 3653 2397 3713 statuas.
2477 3645 2772 3711 Olfecisti

502 3739 755 3818 spirans
814 3738 1185 3802 turibulum.
1280 3740 1361 3802 At
1424 3740 1756 3802 incensum
1805 3736 1926 3801 hoc
1972 3736 2205 3799 dicitur
2250 3735 2316 3796 in
2362 3734 2502 3814 lege
2545 3732 2768 3809 vet-eri,

503 3823 615 3885 ubi
705 3824 1176 3889 concinnantur
1248 3824 1676 3907 thymiateria.
1797 3822 1962 3899 Quid
2041 3818 2196 3883 mihi
2271 3840 2414 3883 cum
2491 3816 2773 3881 amuleto

650 3960 667 3991 ¹
702 3958 913 4013 Diener.
964 3958 1014 4011 8.
1050 3959 1153 4013 407
1189 3962 1251 4013 A.
1290 3959 1336 4011 2.
1444 3958 1463 3991 ²
1498 3956 1828 4025 Anspielung
1861 3957 1956 4009 auf
1986 3956 2080 4009 das
2115 3952 2504 4007 Herkulesbild.
2543 3950 2632 4004 Br.
2652 3950 2773 4005 384.

514 4028 633 4097 Vgl.
672 4027 721 4080 S.
760 4026 864 4080 452
900 4030 960 4079 A.
998 4029 1045 4082 6.
1188 4028 1209 4060 ³
1244 4027 1359 4095 Vgl.
1398 4027 1447 4080 S.
1487 4027 1554 4079 72
1589 4028 1650 4081 A.
1694 4028 1737 4079 1.
1882 4028 1901 4057 ⁴
1935 4024 2054 4093 Vgl.
2093 4022 2141 4077 8.
2181 4024 2284 4077 455
2319 4024 2382 4075 A.
2423 4022 2470 4074 6.
2579 4022 2601 4052 ⁵
2635 4019 2775 4097 H-er-

516 4098 673 4149 bords
706 4094 887 4157 Vater,
921 4095 1192 4150 Vicedom.
1253 4095 1303 4149 8.
1344 4097 1442 4148 115
1479 4098 1539 4147 A.
1579 4096 1626 4146 3.
1697 4094 1880 4146 Durch
1917 4093 2010 4145 das
2049 4091 2324 4144 Geschenk
2362 4088 2538 4141 wollte
2571 4086 2642 4141 M.
2681 4088 2780 4139 lhu

514 4166 590 4216 im
625 4163 833 4216 Handel
867 4164 966 4215 mit
1000 4163 1177 4217 Sohilo
1213 4164 1425 4231 gi'mstig
1473 4163 1736 4215 stimmen.
1809 4162 1981 4215 Schon
2023 4160 2156 4213 1509
2195 4160 2340 4211 hatte
2377 4155 2556 4211 Schilo
2593 4170 2780 4223 wegen

510 4234 602 4285 des
658 4232 976 4299 Weinbergs
1021 4231 1224 4284 Mutian
1274 4232 1416 4285 beim
1464 4231 1719 4283 Vicedom
1771 4229 2017 4295 verklagt.
2090 4228 2140 4281 8.
2182 4228 2280 4279 133
2317 4228 2378 4279 A.
2420 4228 2469 4276 1.
2611 4225 2634 4255 ⁰
2667 4224 2783 4276 Das

508 4301 786 4353 Geschenk
836 4316 947 4351 war
994 4300 1109 4353 eine
1156 4298 1531 4367 Erwiederung
1579 4298 1672 4351 auf
1704 4299 1807 4349 den
1841 4296 2048 4351 Psalter
2081 4294 2293 4357 FaberS,
2331 4295 2432 4346 den
2467 4291 2651 4345 Urban
2670 4308 2781 4369 *ge-

507 4368 731 4421 schenkt
755 4368 917 4421 hatte.
970 4366 1089 4435 Vgl.
1126 4368 1215 4419 ΒΓ.
1252 4368 1355 4420 393
1389 4384 1515 4421 vom
1551 4366 1602 4419 8.
1639 4369 1800 4434 Aug.:
1836 4365 2004 4433 »Quid
2029 4364 2246 4432 dicereS,
2266 4362 2313 4417 si
2337 4378 2435 4431 ego
2457 4359 2784 4415 Psaltermm

502 4452 537 4504 a
570 4438 623 4489 te
660 4435 823 4505 gratis
858 4436 1181 4502 accepissem
1193 4436 1245 4487 ?<‹
1313 4436 1433 4504 Vgl.
1470 4434 1558 4491 Br.
1595 4434 1714 4489 376.
2719 4478 2726 4485 .
