3084 4895
870 386 1084 443 Mutian
1120 402 1192 443 an
1226 384 1537 440 Bhenanus.
1607 384 1820 439 Mutina
1858 400 1928 439 an
1965 384 2147 441 Jonas.
2515 386 2644 453 623

379 579 569 623 verus
630 577 761 621 non
806 560 905 621 est
957 556 1141 621 libris
1200 558 1561 634 contentae,
1621 556 1873 637 quaerit
1931 554 2122 619 etiam
2190 556 2643 622 simulachrum

384 641 693 709 authoris.
2213 640 2438 705 vivite.

691 739 1131 795 Stadtbibliothek
1166 739 1223 791 in
1256 738 1616 792 schlettstadt.
1689 739 2014 807 Autograph.

382 892 619 962 (Gotha)
751 876 769 894 ⁶
1434 876 1580 941 554.
2165 891 2268 960 (29.
2305 891 2432 945 Juni
2471 893 2645 962 1520.)

1126 1000 1419 1071 Mutian
1462 1020 1566 1071 1111
1606 998 1862 1091 Jonas,
1873 1000 1891 1035 ¹

386 1128 889 1197 (Entsehuldiqwnq
936 1130 1063 1182 dass
1110 1146 1167 1182 er
1211 1129 1347 1182 noch
1370 1128 1537 1264 '‘mg-tt
1573 1132 1928 1262 qewn5wortet.
2009 1127 2178 1195 Geyen
2224 1127 2339 1180 Lee'
2341 1145 2370 1179 s
2424 1128 2652 1197 Anyriff

1295 1214 1371 1249 au
1512 1212 1701 1249 asmus

486 1309 907 1361 Celeberrimo
944 1308 1211 1359 doctor-1²
1248 1311 1314 1360 et
1347 1310 1650 1359 canonico
1683 1308 2072 1359 Erfordiensi
2118 1308 2162 1358 J
2163 1310 2303 1357 usto
2340 1308 2384 1358 J
2385 1320 2541 1359 onae

886 1394 1083 1443 amico
1120 1407 1198 1445 ex
1234 1395 1441 1444 animo
1477 1392 1739 1443 colendo
1775 1390 2146 1443 mutianus!

518 1488 775 1568 Amicus
820 1504 1025 1567 amico
1070 1504 1275 1568 Jonae
1321 1505 1514 1587 probe
1561 1504 1749 1568 docto
1803 1502 2168 1568 Moetianus
2213 1502 2276 1567 S.
2326 1503 2393 1566 P.
2442 1504 2514 1568 D.

587 1605 671 1670 Et
726 1606 903 1671 chori
961 1607 1395 1671 vadimonium
1443 1612 1509 1669 et
1551 1604 1905 1687 apostolica
1969 1603 2176 1668 sacra*
2245 1626 2408 1687 quae
2473 1629 2646 1671 nunc

388 1692 637 1755 instant
684 1695 750 1756 et
793 1692 1103 1773 epistolae
1131 1695 1283 1755 tuae
1312 1693 1614 1773 majestas
1645 1712 1774 1756 non
1807 1689 2158 1771 patiuntur,
2190 1688 2649 1758 humanissime

390 1776 632 1853 doctor,
688 1781 761 1839 ut
806 1776 885 1839 ad
932 1798 1008 1839 ea
1054 1778 1489 1858 respondeam,
1538 1798 1702 1857 quae
1747 1775 1934 1839 docte
1977 1781 2050 1839 tu
2095 1775 2352 1856 quidem
2399 1781 2463 1841 et
2506 1796 2649 1859 gra‘-

382 1862 547 1925 viter
616 1882 728 1943 pro
794 1860 1057 1925 Erasmo
1127 1862 1491 1925 declamas.⁶
1583 1862 1748 1925 Nam
1813 1866 1954 1925 toto
2021 1864 2096 1925 ut
2151 1860 2338 1941 ajunt
2401 1882 2643 1944 organo

382 1946 846 2029 praedicandus
911 1950 1010 2010 est
1066 1947 1225 2010 mihi
1287 1947 1673 2028 piscatorum
1744 1946 2180 2010 nobilissimus
2224 1950 2288 2009 et
2333 1947 2646 2013 nobilium

387 2032 837 2113 magistrorum
863 2031 1527 2096 vehementissimus&
1560 2032 1750 2095 ambo
1791 2032 2033 2095 lumina
2066 2031 2326 2111 pietatis
2357 2036 2649 2116 exempla

389 2117 551 2180 bene
598 2117 912 2213 beateque
955 2116 1230 2215 vivendi.
1321 2117 1501 2180 Prior
1545 2124 1698 2180 tuus
1741 2139 1880 2180 esse
1924 2116 2184 2197 gentilis
2227 2118 2496 2194 videtur,
2543 2125 2648 2183 ut·-

383 2206 534 2283 pote
590 2200 734 2274 tang
778 2190 979 2284 ’[ώνᾳ,
1006 2212 1037 2241 ⁸
1090 2202 1186 2266 vir
1243 2208 1550 2267 constans
1608 2206 1756 2299 post
1798 2203 2068 2284 lapsum,
2123 2201 2394 2284 simplex
2439 2207 2505 2268 et
2547 2206 2647 2269 in-

384 2308 632 2368 genuus
674 2291 742 2350 et
786 2287 963 2351 mitis
1008 2287 1193 2369 quasi
1238 2278 1437 2372 ἡμένη
1491 2275 1783 2365 πελειάς,
1843 2288 1944 2350 vel
2005 2286 2222 2369 potius
2280 2280 2654 2371 πραότερος

276 2398 285 2407 =
384 2368 807 2468 περιστερᾶς,
869 2374 1182 2454 posterior
1241 2374 1363 2437 etsi
1422 2394 1550 2437 non
1598 2372 1970 2455 simpliciter
2016 2376 2088 2435 ut
2133 2374 2363 2453 socius,
2430 2380 2644 2439 tamen

386 2444 795 2542 ἇγοητεύτως
858 2465 923 2522 et
987 2481 1141 2541 pure
1206 2464 1271 2522 et-
1334 2464 1556 2523 sanete
1631 2460 1936 2523 tractavit
2007 2460 2309 2538 mysteria
2383 2459 2642 2526 Christi.

386 2544 654 2623 Propter
700 2542 891 2607 hasce
934 2544 1093 2608 duas
1139 2567 1288 2608 oves
1331 2546 1452 2608 rite
1498 2552 1902 2609 consecratas
1935 2565 2062 2607 non
2095 2545 2276 2608 licuit
2320 2545 2649 2627 indulgere

388 2630 554 2692 stilo.
670 2629 807 2692 Erit
882 2634 1095 2692 autem
1172 2631 1327 2693 mihi
1403 2652 1611 2706 curae,
1672 2637 1745 2694 ut
1812 2652 1950 2694 cras
2017 2629 2113 2692 vel
2180 2630 2259 2692 ad
2328 2652 2647 2696 summum

393 2715 690 2795 perendie
733 2719 869 2777 tum
918 2715 1087 2777 votis
1117 2716 1247 2778 tuis
1278 2721 1416 2778 tum
1450 2716 1945 2797 elegantissimis
1989 2714 2192 2777 literis
2236 2716 2646 2780 satisfaciam.

384 2798 636 2862 Miraris
681 2821 798 2862 nos
841 2798 1233 2863 1111111111113311.7
1322 2800 1479 2875 Quis
1523 2822 1651 2865 non
1698 2802 1994 2865 ardenter
2038 2806 2356 2865 evomeret.
2399 2789 2650 2864 ἀπολο-

386 2873 623 2964 γισμόν
664 2883 991 2947 Erasmica
1032 2883 1207 2948 laesa
1249 2883 1588 2965 dignitate,
1636 2909 1797 2969 quae
1841 2886 2028 2948 bonis
2073 2886 2371 2950 omnibus
2418 2889 2648 2985 merito

386 2991 535 3032 cara
601 2970 793 3034 debet
860 2968 1043 3032 esse?
1130 2969 1229 3033 Ita
1275 2970 1351 3032 de
1372 2971 1703 3038 studiosis
1767 2971 2006 3053 optime
2071 2975 2346 3035 meretur
2405 2973 2502 3036 vir
2544 2973 2652 3036 ille

388 3075 694 3118 summus.
784 3053 951 3118 Usus
1012 3055 1134 3118 iste
1198 3031 1417 3118 laevus
1461 3055 1656 3119 Leus⁸
1703 3056 1953 3119 videtur
1995 3056 2353 3120 invidorum
2401 3063 2465 3121 et
2509 3080 2650 3140 per-

388 3139 657 3203 fidorum
704 3140 995 3204 consilio·
1087 3138 1358 3203 Subolet
1403 3143 1594 3219 enim,
1639 3141 1791 3224 quid
1840 3140 2146 3204 barbaros
2192 3142 2353 3204 male
2393 3142 2645 3206 habeat.

389 3223 839 3288 Subornarunt
911 3225 1235 3302 stolidum,
1311 3225 1643 3303 insulsum,
1727 3248 1869 3290 vere
1936 3227 2279 3304 asininum,
2358 3229 2468 3307 qui
2538 3229 2650 3291 ad·-

389 3332 607 3373 versus
666 3311 860 3373 solem
918 3311 1187 3374 ruderet.
1279 3310 1489 3375 Testis
1532 3317 1633 3375 est
1677 3312 2084 3375 doctissimus
2153 3313 2424 3392 quisque
2489 3313 2650 3376 nihil

388 3395 595 3476 egisse
638 3394 856 3472 Leum,
902 3399 1161 3458 tantum
1211 3396 1335 3459 sibi
1383 3401 1447 3459 et
1490 3397 1624 3460 suis
1657 3396 1960 3472 obfuisse,
1993 3397 2164 3477 quod
2195 3397 2650 3478 epigrammate

390 3480 837 3544 confirmamus
903 3481 984 3543 ad
1052 3480 1395 3545 Adamum⁹
1472 3482 1861 3563 singularem
1934 3481 2378 3563 philosophum
2450 3504 2650 3564 nuper

526 3626 597 3661 αι
580 3631 681 3666 icoc
714 3611 813 3666 Iair
788 3633 863 3666 m.

528 3683 547 3714 ¹
580 3681 699 3749 VgL
736 3680 787 3735 S.
825 3679 927 3735 589
964 3683 1023 3735 A.
1062 3681 1110 3733 3.
1251 3682 1272 3714 ²
1305 3681 1600 3734 Juris.1n
1637 3682 1731 3733 der
1765 3680 2010 3748 Matrikel
2058 3681 2191 3734 1519
2241 3683 2410 3735 heisst
2454 3682 2645 3735 Jonas:

388 3749 436 3801 J.
473 3765 525 3804 u.
563 3751 868 3818 designatus
902 3750 983 3816 D.
1020 3750 1131 3806 aed.
1169 3749 1333 3802 Sever
1385 3750 1576 3803 Canon.
1721 3750 1744 3781 ⁸
1775 3741 2006 3804 Aussere
2054 3750 2295 3803 Adresso.
2439 3753 2460 3782 ⁴
2491 3750 2652 3803 Peter

388 3833 441 3869 u.
479 3817 627 3872 Paul.
769 3821 791 3852 ὅ
828 3817 944 3884 Vgl.
980 3817 1141 3870 Jonas
1178 3833 1243 3869 an
1277 3817 1425 3895 Lang
1466 3819 1541 3870 19.
1580 3817 1690 3869 Juli
1729 3818 1880 3884 1519,
1915 3819 1971 3870 in
2007 3817 2284 3878 Krause,
2319 3819 2448 3886 Epp.
2488 3818 2648 3886 aliqu.

390 3901 438 3952 p.
478 3886 539 3937 ‘21
580 3903 656 3953 sq.
782 3888 805 3918 ⁶
838 3886 1043 3948 Petrae,
1082 3885 1181 3936 wie
1218 3885 1316 3936 mit
1350 3886 1472 3937 dem
1507 3885 1784 3952 folgenden
1821 3887 2072 3954 magister
2107 3886 2305 3939 Paulus
2342 3887 2653 3939 bezeichnet

390 3954 541 4020 wird,
578 3954 646 4006 da
680 3954 750 4007 M.
788 3970 875 4006 am
910 3953 1047 4021 Tage
1092 3953 1249 4005 Peter
1292 3954 1401 4004 und
1448 3954 1584 4006 Paul
1641 3955 1889 4007 schreibt.
2033 3956 2052 3987 ⁷
2086 3955 2148 4006 In
2195 3957 2315 4006 dem
2352 3955 2438 4009 Br.
2477 3973 2527 4009 v.
2567 3955 2649 4006 24.

392 4020 496 4073 Mai
558 4022 689 4075 1520
744 4039 810 4074 an
864 4022 1025 4088 lang,
1080 4021 1182 4072 den
1238 4021 1411 4074 dieser
1464 4022 1758 4088 mitgeteilt.
1831 4023 1923 4074 Nr.
1978 4023 2093 4074 633.
2236 4025 2258 4055 ⁸
2293 4023 2498 4091 Gegner
2555 4024 2650 4076 des

392 4088 659 4142 Erasmus.
717 4089 834 4158 Vgl.
874 4106 939 4140 zu
974 4090 1214 4142 31:633.
1270 4089 1379 4142 Das
1404 4090 1692 4156 Wortsp1e1
1726 4089 1910 4142 laevus
1944 4089 2084 4142 Leus
2121 4093 2300 4143 macht
2335 4092 2472 4144 auch
2509 4091 2650 4143 Rhe-

392 4173 561 4210 nanus
614 4173 681 4210 an
728 4159 763 4210 S
766 4157 935 4224 piegel
970 4157 1022 4208 in
1060 4157 1188 4223 Epp.
1235 4157 1394 4223 aliqu.
1443 4159 1541 4210 wir.
1581 4161 1774 4210 doctor.
1815 4162 1912 4211 etc.
1950 4158 2113 4211 Basil.
2155 4160 2286 4212 1520
2321 4161 2376 4212 X
2414 4160 2446 4211 2
2464 4175 2509 4211 a.

465 4227 488 4257 ⁹
521 4227 621 4280 Ad.
674 4226 836 4278 Crafft
871 4239 966 4278 aus
1002 4225 1184 4292 Fulda,
1221 4226 1439 4278 s.151·2
1474 4227 1529 4276 111
1567 4227 1760 4290 ΕΓῇη-ῐ,
1807 4227 1952 4277 einer
2003 4227 2095 4278 der
2149 4229 2353 4282 schwar
2357 4229 2652 4280 merischen

396 4293 662 4346 Verehrer
718 4295 811 4346 des
871 4293 1137 4345 Erasmus.
1233 4283 1381 4346 Uber
1437 4295 1530 4345 11111
1588 4294 1691 4361 xgl.
1758 4294 2066 4363 Strieder,
2121 4295 2258 4348 hess,
2320 4297 2428 4351 Gel.
2435 4297 2650 4348 -.Gesch

394 4362 672 4430 Krause‚
709 4362 767 4417 Ε.
805 4362 957 4414 Hess,
994 4361 1035 4429 1,
1072 4363 1173 4414 306
1207 4362 1261 4416 ff.
