3084 4895
453 374 579 440 344
1181 433 1194 443 j
1261 370 1438 426 Briefe
1481 372 1574 427 des
1614 373 1664 430 J.
1706 371 1849 428 1513.

455 547 536 612 ad
583 568 678 610 me
725 543 1099 609 scribentem
1163 543 1434 608 excitavi
1497 544 1679 608 melle
1724 550 1787 608 et
1831 544 1975 608 felle
2029 549 2210 608 tuum
2266 544 2570 616 affinem,¹
2622 547 2693 608 ut

457 632 786 698 scribendo
835 631 1088 696 tandem
1135 631 1476 713 aliquando
1521 630 1934 714 interpolaret
1982 631 2503 695 benevolentiam.
2596 631 2693 694 Ad

463 725 527 784 te
571 740 716 782 vero
775 717 1044 781 amicum
1100 716 1629 797 jucundissimum
1702 717 1854 798 quid
1916 717 2237 780 scribam?
2323 717 2537 799 Nuper
2580 717 2693 780 ad·-

458 806 695 883 monui,
759 809 833 868 ut
875 803 1131 867 officiali
1187 799 1328 867 tuo²
1385 803 1645 866 Brevem
1675 815 1703 844 ²
1760 804 1996 867 faceres
2054 805 2117 866 in
2165 803 2405 885 synodo
2464 803 2693 867 celebri

467 890 902 956 sacerdotibus
947 886 1426 953 exhibendum.³
1516 887 1610 953 Tu
1656 889 1841 954 velim
1890 889 2101 972 capita
2148 889 2359 971 digere
2404 894 2467 953 et
2495 889 2694 953 latine

461 979 624 1042 ritus
667 975 878 1040 indica
938 974 1236 1057 mihique,
1293 975 1603 1057 quidquid
1658 976 2065 1058 congesseriS,
2132 976 2412 1050 ostende,
2468 980 2541 1040 ut
2582 997 2693 1058 ap-

464 1084 692 1146 ponam
741 1083 863 1126 non
913 1061 1113 1125 dicam
1163 1061 1421 1124 meliora
1465 1061 1574 1124 sed
1608 1084 1698 1140 ea,
1746 1083 1908 1143 quae
1952 1063 2215 1126 rudibus
2261 1062 2391 1126 sint
2420 1061 2693 1144 cognita.

466 1149 628 1214 Novi
675 1149 864 1226 enim,
913 1146 1146 1229 quibus
1191 1147 1399 1210 verbis
1457 1149 1616 1210 sacri
1661 1148 1997 1228 gaudeant.
2090 1147 2420 1211 Tiloninus
2474 1147 2695 1212 vellem

465 1240 746 1300 maneret
789 1233 1116 1297 in'schola
1154 1231 1341 1313 juris⁸
1405 1238 1477 1296 et
1513 1256 1649 1296 cum
1702 1234 2005 1298 studiosis
2064 1257 2191 1298 non
2247 1235 2532 1316 satyrice,
2588 1233 2696 1296 sed

465 1320 824 1385 humaniter
867 1321 1097 1400 ageret.
1190 1317 1294 1382 Sic
1340 1319 1775 1388 defenderetur
1837 1321 1917 1382 ab
1964 1320 2193 1402 injuria
2250 1321 2585 1402 sophorum
2635 1323 2700 1384 et

471 1407 704 1489 poetici
752 1405 1025 1469 nominis
1071 1405 1349 1484 dignitas
1403 1405 1797 1486 Erphurdiae
1842 1411 2331 1470 conservaretur.
2422 1406 2599 1483 Quod
2646 1408 2700 1469 si

472 1516 598 1558 non
645 1493 773 1570 fiet,
821 1490 1188 1554 succumbet
1219 1489 1432 1571 procul
1469 1490 1661 1555 dubio
1692 1497 1790 1555 tot
1822 1492 2211 1572 gravissimis
2243 1492 2700 1575 professoribus

469 1580 774 1644 diversam
825 1582 1058 1642 sectam
1101 1576 1490 1659 juvantibus,
1581 1577 1909 1658 Ingenium
1957 1579 2167 1642 tribuo
2214 1583 2347 1643 tum
2393 1601 2531 1643 meo
2578 1579 2699 1642 Eo-

466 1664 662 1730 bano‘-
717 1668 851 1727 tum
899 1663 1044 1727 huic
1105 1663 1416 1738 Tilonin0‚
1465 1664 1755 1745 quamvis
1786 1665 1953 1746 prior
1985 1665 2069 1728 sit
2099 1664 2445 1743 sublimior,
2474 1667 2503 1704 b
2546 1665 2700 1729 ube-

475 1752 600 1816 rior
644 1750 707 1813 in
757 1750 1105 1832 pangendis
1152 1748 1450 1813 versibus.
1550 1749 1747 1831 Hujus
1802 1773 1947 1821 vero
1993 1751 2057 1814 in
2105 1750 2389 1833 epistolis
2450 1774 2702 1816 cacoze-

468 1838 616 1902 liam
647 1849 672 1878 0
718 1837 888 1900 nullo
924 1836 1106 1900 modo
1155 1835 1403 1918 recipio,
1474 1835 1613 1898 Vidi
1660 1837 1981 1900 Bononiae
2015 1838 2187 1920 pium
2221 1838 2703 1920 grammaticum

470 1924 802 2006 insignem,
850 1944 1032 2004 quem
1081 1921 1160 1985 ob
1209 1923 1569 1985 affectatum
1620 1945 1963 1986 sermonem
2024 1923 2280 2006 quidam
2342 1923 2704 1988 scholastici

470 2007 878 2094 appellabant
929 2007 1271 2072 deridicula
1337 2030 1487 2071 voce
1557 2007 2007 2090 Physiculanti.
2111 2009 2345 2074 Incidit
2399 2011 2463 2074 in
2518 2010 2705 2094 hujus

473 2097 918 2161 annotationes
1003 2094 1236 2177 priores
1331 2092 1692 2158 Tiloninus⁶
1760 2099 1824 2159 et
1894 2095 2083 2158 verba
2158 2101 2377 2178 captat
2442 2096 2521 2159 ab
2588 2117 2707 2160 usu

475 2181 857 2246 eruditorum
917 2185 1176 2256 remota,
1245 2185 1464 2244 cont-ra
1520 2173 1809 2245 Caesaris
1864 2185 2285 2264 praeceptum,
2353 2184 2520 2264 quod
2563 2182 2707 2246 Gel-

477 2269 598 2333 lius
661 2269 824 2332 libro
890 2267 934 2331 I.
997 2267 1203 2348 capite
1267 2266 1342 2330 X.
1400 2269 1464 2330 in
1539 2267 1781 2331 Atticas
1848 2268 2079 2332 Noctes
2148 2269 2382 2332 retulit.
2488 2268 2709 2351 Itaque

481 2355 534 2419 si
581 2354 792 2439 quiete
835 2358 898 2418 et
943 2354 1072 2417 otio
1117 2353 1356 2417 musico
1405 2352 1525 2415 frui
1571 2354 1861 2431 voluerit,
1919 2354 2171 2418 desinat
2215 2355 2513 2419 insectari
2560 2377 2709 2420 con-

487 2442 666 2507 viciis
710 2441 1026 2506 literarum
1075 2439 1526 2521 antesignanos
1574 2443 1636 2503 et
1682 2440 1980 2504 affectata
2028 2441 2239 2505 demat
2286 2446 2349 2507 et
2381 2442 2483 2521 sit,
2529 2441 2712 2507 Sidis

481 2530 703 2612 placet,
758 2533 946 2610 poeta
1007 2526 1203 2609 major
1271 2526 1705 2590 maximorum.
1796 2526 1994 2591 Nemo
2058 2528 2222 2591 enim
2284 2530 2420 2611 ejus
2474 2528 2711 2593 ordinis

483 2637 606 2679 non
656 2615 778 2677 sibi
823 2613 1356 2697 praeclarissimus
1404 2613 1667 2675 videtur.
1758 2612 1939 2689 Nam,
1973 2618 2047 2676 ut
2077 2614 2277 2677 facete
2310 2615 2536 2689 dicam,
2586 2635 2712 2679 non

482 2706 579 2765 est
631 2701 1122 2764 illectamentum
1188 2701 1299 2762 aut
1357 2698 1814 2763 suscitabulum
1881 2700 2203 2764 doctrinae
2266 2702 2713 2766 nitidiuscula'e

484 2788 796 2870 muginari
850 2809 956 2869 per
1002 2785 1345 2848 invalitiem
1405 2785 1535 2847 sive
1596 2786 1897 2849 malitiam
1958 2786 2020 2848 in
2072 2787 2480 2869 noctisurgiO.
2570 2787 2712 2851 Non

483 2874 638 2938 facit
680 2895 904 2955 operae
948 2872 1235 2955 pret-ium,
1297 2872 1405 2952 qui
1449 2872 1829 2935 sententiam
1887 2894 2064 2935 suam
2110 2872 2349 2937 talibus
2412 2873 2659 2937 affaniis
2686 2874 2716 2913 ‘¹

494 2959 948 3025 statuminatur
1007 2963 1070 3020 et
1114 2958 1311 3021 fulcit.
1401 2956 1855 3039 Explodendus
1903 2963 2000 3021 est
2065 2981 2190 3024 non
2258 2961 2467 3024 minus
2526 2982 2717 3043 quam

409 3118 412 3121 ,
485 3046 919 3125 barbasculuS,
967 3044 1254 3128 quisquis
1299 3048 1587 3107 auctores
1631 3044 1749 3107 hoc
1780 3044 2003 3109 scabro
2051 3045 2260 3109 edolat
2298 3047 2605 3111 dolatorio
2652 3050 2717 3109 et

485 3132 854 3197 ostentandi
924 3153 1113 3196 causa
1178 3129 1607 3194 hallucinatur
1674 3134 1737 3193 et
1802 3131 2452 3214 grandiloquentiam,
2529 3153 2718 3215 quam

491 3222 750 3282 miretur
796 3218 1007 3299 potius
1052 3216 1303 3279 auditor
1348 3237 1534 3298 quam
1584 3216 1916 3297 intelligat,
1950 3220 2385 3282 'moramentis
2431 3219 2720 3301 frequen-

487 3306 666 3370 tariis
711 3305 990 3369 odiosam
1041 3304 1262 3367 reddit.
1353 3302 1623 3365 Putatnr
1667 3302 1904 3383 aliquid
1941 3326 2096 3381 esse,
2143 3304 2252 3385 qui
2284 3305 2454 3387 vulgi
2480 3304 2719 3387 judicio

491 3392 582 3455 sic
625 3392 882 3457 inflatur
913 3394 976 3453 et
1006 3392 1238 3469 turget.
1330 3388 1454 3451 Sed
1486 3386 1643 3450 nihil
1676 3390 1752 3452 ad
1786 3410 1995 3451 veram
2031 3390 2473 3472 eloquentiam,
2507 3412 2724 3473 quem-

491 3479 827 3543 admodum
875 3475 1031 3540 nihil
1079 3476 1160 3539 ad
1209 3473 1467 3555 probam
1525 3474 1961 3551 eruditionem,
2035 3476 2144 3558 qui
2204 3476 2269 3540 in
2308 3477 2448 3559 jure
2506 3481 2723 3540 nostro

491 3586 635 3641 cum
682 3563 944 3645 leguleis
989 3559 1214 3626 Bald0⁷
1277 3564 1342 3624 et
1387 3557 1693 3624 Saliceto⁸
1762 3561 1929 3624 rabit
1974 3566 2039 3625 et
2081 3561 2290 3627 latrat.
2382 3562 2501 3639 Qui
2556 3562 2725 3625 enim

629 3800 656 3828 a
684 3784 841 3837 breve
879 3784 1022 3838 Tem.
1132 3789 1159 3826 b
1189 3783 1334 3836 Tem.
1371 3784 1488 3851 ἤι’-(ιι
1523 3784 1577 3835 ct
1610 3782 1713 3835 cin.
1802 3797 1826 3825 ο
1855 3782 2140 3845 κακοζηλίαν
2179 3781 2325 3833 [Ilmx.
2429 3784 2459 3823 d
2486 3781 2726 3835 affomfis

634 3873 646 3901 ¹
684 3870 920 3923 Herbord
955 3886 1058 3922 von
1096 3871 1186 3922 der
1220 3870 1476 3934 Marthen,
1526 3870 1711 3921 dessen
1748 3867 1950 3920 Bruder
2002 3866 2221 3919 Gerlach
2269 3866 2383 3919 eine
2436 3866 2732 3920 Schwester

497 3940 590 3992 des
607 3939 848 4007 Petrejus
884 3938 1173 4007 gehen-atet
1206 3939 1367 4004 hatte,
1405 3937 1564 3991 sowie
1592 3937 1660 3989 H.
1680 3936 1951 3989 Eberbach
1987 3936 2102 3987 eine
2120 3936 2431 3988 Verwandte
2449 3936 2729 3989 HerbordS.

493 4008 578 4061 Br.
601 4008 714 4061 210.
822 4009 841 4039 ²
872 4006 1151 4060 Hallensis.
1190 4006 1239 4061 S.
1265 4008 1363 4060 279
1398 4010 1459 4059 A.
1486 4006 1531 4058 2.
1641 4006 1785 4057 ³Das
1818 4004 2020 4069 Brevis,
2052 4004 2221 4057 Breve
2250 4005 2372 4057 oder
2400 4004 2733 4057 Breviarium

497 4077 752 4145 (Brevier)
787 4076 861 4129 ist
896 4076 1010 4129 eine
1045 4077 1204 4129 kurze
1241 4074 1787 4141 Zusammenstellung
1822 4074 2270 4143 der-'kirchlichen
2314 4072 2467 4125 Riten
2505 4074 2613 4127 und
2638 4072 2729 4126 Of-

497 4146 665 4199 fizien.
775 4146 794 4176 ⁴
829 4145 1025 4199 Tilonin
1063 4161 1172 4197 war
1209 4162 1312 4198 von
1345 4145 1493 4198 Haus
1529 4160 1624 4196 aus
1658 4143 1837 4197 Jurist.
1908 4142 2053 4195 Uber
2087 4142 2266 4195 seinen
2300 4142 2459 4194 Streit
2492 4144 2591 4195 mit
2627 4143 2729 4194 den

495 4215 729 4267 Erfurter
765 4214 1118 4281 Philosophen
1152 4214 1236 4266 ΒΓ.
1276 4214 1529 4267 264-66.
1638 4216 1658 4245 ³⁵
1692 4212 1907 4276 HessuS‚
1944 4210 2145 4263 damals
2181 4210 2235 4262 in
2270 4210 2547 4263 Frankfurt
2583 4226 2629 4265 a.
2668 4210 2733 4263 Ο.

497 4283 546 4338 S.
572 4284 672 4335 292
707 4286 766 4336 Α.
794 4284 840 4334 3.
980 4284 1002 4315 ὓ
1039 4284 1098 4336 In
1140 4283 1310 4335 seinor
1343 4280 1947 4347 Batrachomyomaohie.
2091 4282 2108 4311 ⁷
2144 4279 2340 4331 Baldus
2377 4279 2441 4330 de
2478 4278 2721 4347 Ubaldis,

495 4353 696 4475 gargar.
721 4352 908 4473 1541111ῗξ1
933 4352 1026 4405 des
1064 4354 1142 4407 14.
1179 4352 1264 4407 Jh.
1408 4352 1428 4383 ³
1462 4350 1691 4403 Barthol.
1730 4350 1854 4402 oder
1874 4348 2026 4401 Rich.
2051 4347 2324 4424 Sal-icetuS,
2360 4347 2472 4402 ital.
2491 4348 2729 4402 Juristen

543 4463 553 4475 .
627 4436 684 4474 es
788 4462 800 4475 .
911 4461 923 4475 .
