3084 4895
1219 395 1432 461 Mutian
1467 422 1538 461 an
1574 393 1776 468 Eoban,
1836 430 1848 437 -
2506 394 2633 469 545

368 577 620 632 sichtlieh
675 576 823 631 keine
880 576 1087 645 Zeuye‘n
1135 575 1232 642 fu‘r
1283 576 1428 629 aeine
1483 575 1903 643 Behauptwvyen
1954 578 2205 641 yenamzt.
2298 572 2635 639 Sohmutm’qe

725 646 948 699 Scherxe
983 644 1113 697 u'ber
1149 642 1362 697 filonin
1396 646 1462 695 in
1507 642 1845 711 Verbindzmy
1878 642 1983 695 mit
2026 642 2227 696 Gordus
2231 643 2265 707 .)

464 734 724 817 Eobano
760 734 962 783 Hesso
999 732 1294 813 theologo
1331 734 1395 781 et
1427 730 1689 789 medico,
1724 733 2054 790 poetarum
2089 730 2255 779 hosti
2289 741 2543 788 perver-

1160 800 1400 851 sissimo
1439 796 1547 865 (M.
1584 796 1831 865 Rufus).

577 886 644 951 S.
736 884 824 949 Ut
867 884 1174 947 invidiam
1219 884 1338 947 tibi
1391 884 1674 981 mihique
1714 882 1959 957 adimis,
1993 883 2087 944 ita
2118 881 2287 945 furta
2318 885 2389 943 01
2412 881 2629 944 rudem

363 972 691 1035 inscitiam
739 969 1097 1052 relinquis.¹
1197 968 1490 1050 „BeatuS,
1526 969 1639 1049 qui
1670 968 1768 1031 vel
1802 968 2089 1031 umbram
2130 967 2319 1029 amici
2362 970 2557 1029 tenet.
2570 965 2631 999 “²

357 1058 495 1120 Hoc
545 1056 706 1119 nihil
737 1055 816 1118 ad
850 1060 931 1117 te.
1026 1054 1361 1117 Sententia
1397 1019 1492 1117 est
1525 1054 1879 1116 Plutarchi.
1965 1052 2196 1114 Patavi
2239 1051 2635 1115 familiariter

363 1142 750 1205 scribentem
799 1161 928 1203 non
975 1142 1266 1221 oportere
1309 1143 1507 1201 testes
1558 1138 1921 1219 producere,
1978 1158 2117 1199 cum
2158 1137 2251 1198 sit
2296 1137 2630 1199 evanidam

364 1225 914 1295 auctoritatibus
896 1247 962 1287 111
1002 1225 1193 1305 nugis
1239 1231 1502 1289 tumere.
1582 1222 1651 1287 Si
1683 1222 1950 1303 legenda
1984 1221 2233 1303 publice
2274 1222 2631 1306 scriberem,

365 1312 638 1375 dicerem
688 1316 1017 1375 auctorum
1087 1310 1366 1386 nomina,
1413 1313 1487 1371 ut
1532 1330 1668 1373 sors
1712 1308 1893 1371 fieret
1936 1330 2015 1370 ex
2060 1329 2255 1371 usura
2296 1328 2440 1370 cum
2486 1308 2637 1371 sim-

361 1398 654 1481 plicitate
723 1400 787 1459 et
855 1396 1020 1477 grati
1089 1394 1288 1459 animi
1355 1394 1560 1475 signo.
1596 1404 1605 1412 '
1672 1392 1946 1458 Tantum
2014 1392 2281 1457 absum·
2308 1392 2389 1455 ab
2460 1394 2636 1455 omni

362 1482 736 1563 arrogantia
781 1484 846 1543 et
888 1480 1081 1557 fasta,
1127 1483 1203 1543 ut
1249 1499 1440 1559 prope
1485 1500 1587 1541 me
1632 1478 1791 1541 nihil
1837 1478 1998 1541 scire
2030 1477 2407 1555 existimem,
2442 1482 2635 1558 atque

363 1568 555 1630 etiam
601 1588 696 1643 ea,
744 1587 908 1646 quae
947 1566 1100 1641 scio,
1133 1564 1230 1627 vel
1265 1560 1655 1627 dissimulem
1690 1564 1786 1626 vel
1820 1563 2039 1626 multis
2076 1564 2369 1659 ignorare
2400 1563 2633 1640 videar,

361 1656 618 1716 tantum
667 1652 748 1713 ab
795 1650 1150 1713 ambitione
1209 1670 1284 1713 ac
1345 1649 1725 1725 temeritate,
1786 1653 1860 1711 ut
1920 1649 1985 1710 in
2046 1648 2221 1711 omni
2279 1648 2413 1710 vita
2474 1613 2635 1711 nihil

365 1738 548 1801 edere
595 1736 1058 1807 constituerim,
1109 1734 1352 1815 ingenii
1397 1698 1790 1815 naturaeqiie
1836 1734 2065 1812 virium
2127 1753 2382 1795 memor.
2475 1732 2634 1796 Tum

365 1824 614 1885 demum
665 1822 810 1884 vivo
857 1822 922 1883 in
969 1820 1171 1897 libris,
1218 1820 1474 1899 quando
1522 1823 1732 1882 tecum
1759 1822 1831 1881 et
1864 1840 2007 1881 cum
2041 1818 2265 1881 ceteris
2292 1817 2637 1899 juvenibus

365 1908 639 1983 disertis,
688 1906 797 1987 qui
844 1927 942 1967 me
989 1906 1175 1968 laude
1221 1905 1438 1985 aliqua
1483 1905 1869 2021 dignantur3
1932 1904 2055 1965 nisi
2118 1903 2379 1965 comiter
2436 1903 2639 1985 Jocari

363 1994 604 2074 spirare
629 1999 742 2055 est.
814 1990 973 2053 Audi
1007 1989 1313 2053 Serenum
1346 1986 1665 2071 Pappum³
1697 1990 1764 2052 in
1799 2010 2040 2071 pennas
2073 1987 2313 2050 nothi
2356 1987 2637 2052 Tilonini

365 2079 792 2151 cavillantem.
885 2076 1044 2138 Nam
1118 2076 1436 2139 detractor
1497 2074 1604 2136 ille
1652 2095 1761 2156 pro
1808 2096 2017 2156 penna
2082 2094 2354 2154 pennem
2421 2078 2639 2157 operte

367 2164 769 2245 figurat-eque
815 2162 1014 2243 ponit.
1729 2196 1743 2203 -

501 2248 676 2325 Quae
723 2248 982 2325 violent,
1028 2266 1273 2327 pennas
1317 2244 1524 2308 Notus
1572 2244 1849 2323 auferat3
1898 2247 1995 2306 est
2042 2242 2249 2307 scelus
2294 2244 2523 2327 ingens
2620 2314 2623 2317 ,

584 2332 880 2414 improba
925 2332 1003 2395 (10
1049 2331 1254 2393 (100110
1299 2351 1524 2410 cogere
1571 2329 1743 2393 dicta
1788 2294 1957 2393 viris

500 2418 554 2484 O
601 2439 739 2499 eg0,
789 2438 979 2498 quam
1027 2416 1251 2480 vellem
1299 2437 1626 2497 nunquam
1674 2414 1997 2479 studuisse
2044 2414 2268 2522 poetis,

593 2505 646 2566 si
693 2503 972 2566 maculat
1016 2505 1263 2564 mentes
1305 2501 1495 2564 lectio
1542 2523 1772 2584 spurca
1815 2501 1975 2582 pias.

439 2601 444 2604 ’
507 2588 729 2653 Penna
775 2589 946 2669 capit
989 2587 1308 2650 volucrem
1356 2587 1544 2650 tereti
1591 2587 1928 2650 commissa
1973 2585 2269 2665 sagittae,

583 2695 790 2756 penne
835 2672 1018 2736 salax
1063 2673 1310 2736 asinam
1358 2676 1448 2743 tu,
1499 2671 1813 2748 Tilonine,
1858 2671 2032 2733 frica.

578 2759 751 2822 Haec
811 2763 908 2821 est
971 2779 1110 2822 mea
1171 2757 1546 2838 petulantia,
1613 2758 1716 2820 cui
1760 2758 1815 2820 si
1870 2755 2099 2818 Festus
2164 2751 2473 2835 Pyrrhus⁴
2538 2776 2640 2818 ac-

369 2846 651 2923 cesserit,
700 2844 811 2906 fiet
855 2843 1099 2924 opinor,
1145 2846 1220 2905 ut
1265 2842 1489 2906 rideas.

796 2953 1026 3016 Festus
1071 2951 1351 3033 Pyrrhus
1396 2952 1478 3042 ab
1523 2951 1758 3032 injuria
1802 2973 1869 3014 se
1914 2949 2217 3014 vindicat.

583 3055 738 3132 Quis
783 3055 946 3118 ferat
992 3055 1253 3118 audacis
1301 3054 1634 3118 temeraria
1679 3053 1855 3116 dicta
1897 3051 2172 3134 poetae?

671 3141 826 3218 Quis
872 3141 1090 3203 docuit
1134 3140 1400 3204 stultum
1449 3140 1643 3204 verba
1688 3138 1917 3201 canina
1960 3135 2185 3217 loqui?

591 3226 868 3308 „Auctor
912 3230 1049 3289 erat
1092 3225 1386 3306 Pyrrhus
1401 3224 1426 3254 “
1523 3223 1829 3288 Mentiris.
1921 3220 2111 3286 Talia
2144 3221 2433 3298 daemon,

675 3311 797 3388 Qui
843 3311 1017 3375 coelo
1063 3311 1320 3389 decidit,
1365 3311 1613 3373 semina
1656 3308 1901 3390 spargit
1944 3306 2140 3370 humi.

680 3420 774 3484 Ad
822 3425 1063 3502 patrem
1117 3421 1286 3501 apud
1333 3421 1542 3483 villam
1592 3440 1705 3501 pro
1751 3421 1955 3481 matre
2000 3419 2065 3480 et
2107 3413 2360 3478 amica.⁵

636 3521 867 3601 Vende,
914 3526 1114 3603 pater,
1163 3523 1444 3602 magicos
1491 3521 1724 3603 populo
1770 3521 2103 3601 spectante
2147 3538 2438 3580 susurros

713 3607 797 3671 Et
840 3608 1123 3688 requiem
1170 3608 1408 3670 functis
1453 3607 1692 3669 lumine
1741 3605 1960 3683 vende,
2007 3607 2203 3685 pater.
2273 3651 2278 3658 .

630 3692 792 3756 Tum
837 3694 1002 3774 stipe
1049 3693 1284 3756 collata
1329 3693 1699 3772 genitricem
1748 3711 1934 3773 pasce
1978 3689 2245 3752 Dionem

717 3777 799 3841 Et
843 3779 1000 3840 mihi
1049 3799 1400 3842 cunnosam
1450 3798 1655 3858 pasce,
1702 3781 1899 3857 pater,
1947 3774 2286 3837 dominam.

515 3925 545 3954 ὃ
569 3911 693 3964 11011.

523 3981 540 4010 ²
574 3979 694 4048 vgl.
733 3995 843 4032 vor.
879 3977 968 4030 Br
1109 3979 1130 4010 ²
1163 3977 1409 4056 Dieselbe
1443 3977 1669 4032 Sentenz
1706 3976 1841 4028 auch
1878 3975 1952 4026 im
1989 3973 2107 4027 Anf.
2145 3988 2251 4025 von
2286 3971 2371 4025 Β1·.
2407 3957 2525 4026 473.

452 4048 472 4079 ³
506 4047 864 4116 Pseudonym,
914 4047 1036 4098 dem
1069 4045 1140 4100 M.
1179 4046 1326 4100 seine
1361 4046 1460 4098 mit
1495 4045 1695 4102 Cordus
1744 4058 2050 4096 zusammen
2096 4040 2431 4108 gedichteten
2474 4041 2641 4094 Verse

375 4116 433 4168 in
472 4116 575 4168 den
607 4115 776 4170 Mund
799 4115 922 4184 legt.
985 4114 1104 4192 Vgl.
1143 4115 1244 4168 den
1279 4113 1496 4168 Schluss
1521 4114 1615 4168 des
1638 4112 1744 4178 Br.,
1784 4111 1945 4164 sowie
1980 4109 2031 4165 S
2068 4109 2170 4162 540
2206 4111 2267 4160 A.
2306 4109 2353 4160 2.
2408 4107 2641 4162 Beachte

377 4185 454 4236 im
493 4183 615 4261 folg.
654 4184 748 4236 das
785 4184 854 4236 W
857 4182 1076 4260 ortspiel
1108 4183 1303 4236 nothus
1338 4181 1743 4234 111κῖ011111.4
1776 4179 2011 4232 Erfurter
2046 4177 2243 4231 Scriba.
2298 4177 2351 4230 S
2376 4177 2477 4230 210
2502 4180 2565 4232 A.
2594 4181 2639 4230 1.

375 4251 587 4304 Mutian
621 4251 732 4320 leg-t
765 4253 878 4304 ihm
915 4251 1028 4304 sein
1063 4250 1098 4304 S
1103 4251 1428 4320 pottgedioht
1459 4249 1519 4301 in
1554 4251 1655 4302 den
1676 4247 1871 4312 Mund,
1898 4247 1965 4299 da
1987 4246 2103 4300 sich
2126 4245 2328 4298 Tilonin
2356 4245 2435 4297 bei
2462 4246 2642 4298 seinen

378 4320 800 4388 Schmahungen„
823 4321 918 4373 auf
949 4320 1040 4371 ihn
1077 4319 1296 4372 berufen
1335 4334 1402 4370 zu
1437 4318 1611 4370 haben
1646 4317 1866 4370 scheint.
1985 4317 2005 4348 ⁵
2039 4314 2241 4367 Tilonin
2278 4313 2409 4366 wird
2445 4309 2641 4366 redend

377 4389 693 4456 eingefiihrt.
765 4379 1029 4440 Ahnliche
1064 4387 1399 4458 Epigramma
1439 4387 1524 4440 bei
1562 4385 1761 4445 Cordus
1796 4384 1851 4435 in
1887 4384 2059 4438 seiner
2094 4382 2353 4435 Defensio.

435 4477 556 4517 zoiet
559 4477 699 4516 chrm
727 4477 783 4517 N
809 4453 2230 4524 F.su1›1›1.1x.35
