3084 4895
1169 411 1380 485 Mutian
1413 446 1482 485 an
1519 404 1719 487 Urban.
2436 430 2561 503 289

327 607 557 689 (Gotha.)
1367 602 1514 669 233.
2119 619 2197 673 18.
2233 619 2374 673 Marz
2413 620 2561 675 1513.

1061 728 1350 798 Mutian
1395 749 1491 797 an
1534 726 1812 799 Urban.

329 856 525 922 (Janus
595 856 818 909 Urbicus
869 857 968 909 soll
1019 856 1397 922 Himmelfahrt
1448 873 1522 908 mo
1574 856 1795 909 Mutian
1845 856 1927 909 als
1978 854 2174 909 Dimer
2228 856 2560 914 abersiedeln.

322 926 498 988 Recht,
535 926 660 977 dass
706 925 888 978 Urbem
921 926 1018 977 den
1049 926 1417 993 hochmiitiyen
1450 924 1688 977 Her-bord
1729 924 2099 979 mechtweist.
2160 924 2320 983 ‘Olme
2378 925 2563 980 Wiuen

324 994 688 1061 Enqel‘manns
721 995 821 1047 soll
851 994 942 1046 der
976 994 1248 1047 Hallensis
1297 994 1445 1046 nicht
1495 993 1770 1057 cinxiehm
1814 995 1905 1047 der
1950 994 2052 1047 alte
2093 994 2304 1047 Insa-sse
2336 996 2436 1048 soll
2466 996 2564 1049 das

323 1062 482 1116 Hau-3
536 1062 718 1129 behufs
768 1062 944 1116 Baues
996 1068 1236 1116 rdumen.
1306 1062 1424 1115 F‘u'r
1471 1062 1709 1115 Herbord
1738 1063 1823 1115 die
1865 1062 2173 1126 Geschichte,
2216 1062 2315 1115 wie
2347 1063 2565 1117 Mutian

321 1132 410 1183 die
443 1132 764 1185 Eisenacher
805 1132 1134 1201 Gesanyenen
1166 1132 1333 1185 durch
1366 1131 1980 1268 seinehngfiymniitziye
2013 1130 2252 1185 Filo-bitte
2284 1150 2405 1185 vom
2441 1133 2565 1185 Tode

1260 1204 1466 1269 yerettet
1572 1205 1605 1253 ι.

417 1314 815 1365 Sanctissimo
851 1315 1020 1375 patri
1056 1317 1288 1373 nostro,
1322 1315 1619 1376 magistro
1652 1314 1953 1374 imprimis
1988 1314 2230 1370 erudito
2264 1315 2345 1366 Η.
2380 1316 2496 1365 Ur-

1151 1400 1314 1450 bano
1352 1396 1460 1467 (M.
1495 1396 1740 1467 Rufus).

533 1508 596 1574 S.
686 1511 849 1575 Jano
912 1509 1170 1577 Urbico¹
1219 1512 1309 1574 ita
1354 1511 1540 1593 plane
1607 1508 1843 1593 profuit
1908 1510 2371 1576 commendatio
2430 1516 2561 1590 tua,

324 1600 399 1659 ut
466 1597 690 1660 diebus
757 1596 1244 1662 exsurrectionis
1313 1597 1664 1661 dominicae
1729 1596 1853 1661 huc
1920 1598 2189 1679 migrare
2244 1601 2306 1662 et
2365 1598 2562 1664 Paulo

324 1682 582 1763 Aquilio
650 1684 981 1748 succedere
1049 1683 1419 1747 mandatum
1484 1683 1587 1747 sit.
1678 1683 1775 1746 Ex
1841 1704 1912 1747 eo
1975 1684 2381 1749 manifestum
2448 1691 2564 1767 est,

325 1790 714 1851 quamquam
787 1774 1072 1834 vetustas
1146 1769 1459 1833 amicitiae
1534 1773 1791 1837 nostrae
1862 1773 2016 1835 nota
2089 1769 2265 1849 satiS‚
2341 1774 2567 1851 quanti

324 1854 558 1919 faciam
601 1854 842 1919 Urbani
906 1858 1029 1920 mei
1094 1856 1342 1919 solertis
1408 1855 1526 1918 viri
1586 1855 1914 1936 judicium.
2005 1854 2101 1919 Tu
2167 1855 2567 1939 Spalatinum

325 1940 542 2005 officio
589 1942 788 2023 patris
833 1941 1264 2024 singularique
1308 1941 1676 2023 adjumento
1720 1941 1910 2005 foves.
2000 1941 2364 2021 Immanem,
2403 1964 2567 2024 quae

325 2031 520 2089 vexat
566 2048 726 2105 eum,
762 2026 1011 2092 beluam
1056 2028 1096 2090 i.
1146 2050 1194 2091 e.
1244 2027 1494 2109 culpam
1540 2027 1605 2089 in
1652 2027 1919 2091 nothum
1950 2027 2362 2093 inclinantem
2394 2030 2568 2094 velut

321 2111 488 2176 alter
531 2112 830 2178 Hercules
873 2113 1249 2195 exstinguis,
1299 2120 1371 2177 ut
1416 2119 1677 2177 sanctus
1723 2112 2137 2196 philosophus
2183 2115 2319 2179 sine
2365 2116 2563 2179 animi

329 2199 640 2278 molestia,
687 2200 822 2263 sine
869 2201 1040 2264 lerna
1083 2205 1148 2263 et
1178 2199 1343 2264 Caco
1389 2221 1649 2265 securus
1692 2221 1917 2264 aevum
1963 2197 2162 2281 agat.²
2250 2200 2345 2264 Tu
2376 2201 2569 2265 Here-

329 2284 529 2348 bordo
575 2285 850 2349 salutare
894 2286 1006 2350 das
1050 2284 1404 2365 consilium,
1461 2287 1571 2366 qui
1615 2286 1669 2349 si
1712 2284 1833 2349 tibi
1877 2288 1950 2349 ut
1993 2285 2241 2367 legibus
2304 2292 2568 2369 pareret,

321 2370 573 2433 utiliter
626 2371 750 2435 sibi
805 2373 1173 2435 consuleret.
1266 2371 1380 2435 Est
1433 2372 1555 2435 hoc
1598 2372 1662 2434 in
1710 2392 1880 2435 more
1940 2372 2218 2437 civitatis
2263 2372 2451 2451 illius,
2498 2378 2571 2437 ut

329 2457 561 2521 blande
635 2462 698 2521 et
769 2460 1047 2534 comiter,
1122 2480 1248 2523 non
1326 2458 1597 2540 superbe
1667 2463 1731 2522 et
1795 2461 2207 2541 contemptim
2284 2459 2570 2524 homines

324 2547 704 2608 tractentur.
793 2544 1091 2626 Populari
1124 2545 1322 2628 gloria
1355 2545 1687 2608 decoratus
1719 2549 1833 2623 est,
1867 2543 1975 2608 sed
2007 2543 2280 2609 fructum
2313 2545 2571 2610 honoris

325 2633 396 2692 et
441 2650 655 2693 curam
699 2630 797 2693 vel
842 2631 1054 2712 potius
1111 2631 1611 2713 procurationem
1676 2631 2073 2712 negotiorum
2135 2632 2384 2709 deserit,
2446 2653 2571 2714 qua

325 2717 396 2779 in
443 2737 508 2778 re
553 2715 978 2780 Democritum
1023 2718 1246 2798 magis,
1293 2718 1403 2797 qu'i
1445 2738 1578 2780 rem
1623 2715 1995 2780 familiarem
2041 2718 2343 2799 neglexit,
2386 2735 2571 2800 agros

325 2822 460 2865 non
507 2802 720 2877 coluit,
781 2803 1000 2866 amicis
1056 2824 1182 2867 non
1243 2803 1446 2881 affuit,
1511 2824 1701 2885 quam
1770 2801 2109 2884 Ulpianum
2178 2804 2571 2885 persequitur

327 2887 434 2950 sui
495 2887 740 2951 itineris
801 2889 1039 2966 ducem,
1085 2890 1196 2971 qui
1241 2908 1472 2970 magna
1530 2889 1789 2970 negotia
1832 2891 2049 2971 gessit,
2112 2889 2333 2953 amicis
2390 2911 2569 2972 opem

326 2972 506 3048 tulit,
553 2995 619 3036 se
665 2979 729 3036 et
773 2996 920 3038 suos
961 2975 1226 3056 adjuvit.
1317 2975 1534 3038 Dicam
1567 2979 1807 3057 postea,
1841 2975 1993 3056 quid
2028 2995 2225 3058 nuper
2254 2976 2570 3050 acciderit,

325 3064 406 3123 ut
454 3061 738 3140 exemplo
785 3060 1043 3123 doceam
1089 3082 1216 3124 non
1263 3083 1400 3124 esse
1444 3082 1646 3143 aequo
1709 3061 1921 3124 animo
1988 3060 2333 3140 ferendum,
2402 3062 2573 3142 quod

333 3145 738 3209 Herebordus
781 3150 1032 3225 tantum
1077 3147 1202 3210 sibi
1247 3148 1491 3229 placere
1538 3151 1602 3210 et
1646 3168 1763 3211 nos
1807 3147 2134 3229 aspernari
2199 3148 2571 3211 instituerit.

328 3232 618 3295 Placeret
685 3236 897 3295 autem
960 3238 1024 3294 et
1082 3232 1285 3309 nobiS,
1346 3233 1396 3296 si
1459 3233 1732 3314 gratiam
1791 3236 1856 3296 et
1914 3233 2353 3296 auctoritatem
2424 3255 2573 3297 con-

328 3319 656 3382 venienter
714 3322 787 3381 ut
846 3318 1036 3381 ceteri
1103 3318 1406 3381 causidici
1474 3321 1867 3400 compararet
1924 3322 1986 3382 et
2044 3317 2202 3381 nihil
2260 3319 2397 3382 sine
2456 3323 2571 3382 tuo

332 3404 600 3468 consilio
671 3409 946 3468 sumeret
1011 3409 1381 3485 partamque
1447 3404 1713 3486 gloriam
1760 3404 2023 3468 caritate
2069 3408 2132 3468 et
2178 3404 2573 3468 humanitate

332 3494 633 3568 servaret,
681 3511 803 3552 non
854 3491 1080 3560 inertia
1126 3495 1189 3553 et
1231 3490 1555 3553 amoribus
1586 3495 1650 3552 et
1681 3489 2044 3572 arrogantia
2072 3491 2376 3572 perderet.
2449 3489 2572 3554 Sed

334 3577 492 3639 haec
537 3579 608 3638 ut
671 3576 801 3638 dixi
863 3581 1082 3656 postea
1149 3574 1520 3639 videbimus.
1612 3575 1706 3638 Tu
1774 3576 2108 3657 Petrejum,
2178 3576 2305 3638 acri
2371 3577 2570 3638 virum

334 3663 610 3741 ingeniO,
661 3667 724 3724 et
765 3682 1178 3742 quoscunque
1225 3662 1424 3725 literis
1469 3667 1533 3725 et
1579 3662 1985 3744 simplicitate
2030 3683 2271 3725 morum
2318 3673 2575 3725 ornatos

335 3750 522 3812 unice
567 3748 775 3828 diligis
821 3751 883 3810 et
927 3770 1025 3810 me
1070 3748 1271 3829 prima
1315 3749 1660 3811 amicorum
1707 3749 1905 3811 classe
1951 3748 2231 3829 dignaris
2290 3749 2573 3828 nihilque

331 3833 582 3914 *omittis
629 3854 864 3909 eorum,
913 3855 1074 3915 quae
1119 3834 1197 3908 ad
1243 3835 1549 3897 tuendum
1610 3833 1965 3897 Matianum
2034 3835 2343 3914 pertinere
2400 3835 2573 3898 vide—

336 3926 544 3982 antur.
634 3918 929 4002 Explicas
988 3920 1117 3992 tuis
1171 3920 1370 3983 literis
1431 3917 1880 4001 Engelmanni⁸
1944 3919 2251 4000 promissa
2311 3924 2374 3983 et
2432 3942 2572 3984 sen-

479 4107 494 4138 ¹
530 4105 639 4158 Auf
683 4105 892 4158 Urbans
943 4105 1294 4174 Empfehlung
1341 4108 1445 4159 trat
1479 4122 1536 4158 er
1572 4104 1759 4158 Ostern
1814 4105 1946 4157 1513
1992 4103 2069 4156 als
2121 4105 2472 4158 Amanuensis
2521 4107 2574 4159 in

337 4173 569 4226 Mutians
622 4174 838 4226 Dienste
873 4190 941 4227 an
978 4175 1062 4229 die
1099 4174 1258 4226 Stelle
1295 4176 1387 4227 des
1423 4175 1823 4242 abgcgangenon
1875 4173 2015 4226 alten
2068 4173 2264 4226 Paulus
2316 4175 2571 4241 Aquilius.

339 4242 389 4298 S.
427 4244 526 4295 247
564 4245 624 4298 A.
664 4244 711 4296 9.
785 4242 971 4295 Ostern
1023 4245 1156 4296 1514
1204 4246 1306 4296 trat
1340 4260 1398 4295 er
1431 4243 1483 4294 in
1521 4244 1622 4295 den
1669 4243 1853 4294 Dienst
1896 4242 2103 4294 Urbans
2138 4243 2280 4295 iiber.
2352 4243 2435 4296 ΒΡ.
2475 4244 2575 4296 284

341 4311 432 4363 des
468 4312 589 4365 Cod.
653 4313 732 4364 lm
767 4313 813 4364 J.
855 4314 985 4366 1515
1021 4313 1166 4364 hatte
1203 4328 1259 4364 er
1293 4312 1376 4364 die
1411 4311 1634 4380 Absicht
1666 4311 1803 4364 nach
1837 4311 2165 4376 Wittenberg
2199 4328 2266 4363 zu
2300 4312 2451 4379 gehn.
2488 4312 2572 4366 ΒΓ.

341 4382 440 4432 455
478 4381 570 4432 des
607 4381 727 4434 Cod.
765 4381 882 4447 Vgl.
909 4381 960 4433 S.
987 4381 1087 4432 284
1111 4383 1172 4434 A.
1196 4382 1241 4434 1.
1381 4383 1401 4412 ²
1435 4381 1581 4433 Uber
1614 4380 1873 4448 Spalatins
1922 4379 2233 4431 uneheliche
2270 4379 2465 4432 Geburt
2498 4381 2576 4433 als

345 4447 622 4503 Hindernis
649 4449 732 4502 bei
756 4449 1053 4518 Erlangung
1071 4450 1214 4502 einer
1233 4449 1461 4502 Pfriinde
1497 4449 1583 4501 ΒΓ.
1611 4450 1725 4503 230.
1821 4451 1841 4480 ³
1873 4448 2322 4501 Kiiohenmeister.
2344 4449 2429 4501 Br.
2459 4448 2573 4503 ⁶225.

397 4539 660 4578 zeitschrift
689 4541 742 4580 N.
770 4541 823 4580 F.
851 4539 1006 4586 Suppl.
1032 4539 1113 4578 1x.
2088 4519 2169 4584 19
