3084 4895
283 791 286 794 ’
383 791 690 873 intelligo

1231 445 1440 499 Mul-‚ian
1477 461 1546 498 an
1582 445 1781 500 Urban.
2491 441 2617 507 379

379 621 533 702 quia
593 618 874 683 edentuli
928 621 1103 683 sunt.
1193 618 1444 694 Quanto
1490 617 1838 700 sapientior
1882 622 1977 682 est
2024 613 2352 699 Petrejus,¹
2390 614 2498 698 qui
2530 615 2621 676 sic

383 705 667 770 exaravit
721 707 785 769 in
848 705 1142 788 epistola:
1217 704 1400 786 „Ideo
1467 704 1847 768 sententiam
1901 725 2029 768 non
2081 703 2231 782 fem,
2288 702 2437 783 quia
2491 723 2619 764 non

704 790 729 822 “
825 790 990 867 Quid
1035 791 1200 854 enim
1247 789 1617 871 improbiuS,
1664 812 1850 871 quam
1901 791 2139 854 indicta
2184 810 2375 853 causa
2404 809 2622 868 quem-

428 878 554 942 iam
601 878 942 942 damnare?
1031 877 1170 940 Non
1217 877 1585 957 intelligunt
1624 877 1733 940 isti
1765 877 1931 940 simii
1965 882 2028 940 et
2057 881 2269 940 tamen
2310 875 2617 957 judicant.

381 902 554 1029 liuhi]
601 969 936 1030 assumunt
983 964 1057 1028 de
1103 985 1238 1041 su0,
1294 963 1403 1026 sed
1461 963 1652 1026 verba
1701 963 1959 1026 Arnoldi
2013 967 2362 1038 resumunt,
2420 960 2622 1044 inepti

379 1049 624 1116 scilicet
684 1051 1053 1114 imitatores
1147 1049 1486 1131 Augustini
1540 1050 1823 1131 regulam
1877 1049 2205 1114 adducunt
2256 1049 2403 1113 olim
2470 1046 2621 1111 mihi

381 1137 630 1201 lectam.
721 1136 875 1218 Legi
943 1137 1110 1200 enim
1174 1137 1388 1200 omnia
1431 1134 1775 1217 Augustini
1822 1158 1983 1218 quae
2030 1138 2286 1200 exstant
2329 1156 2519 1216 opera
2562 1137 2626 1197 et

373 1223 646 1306 junctim
707 1222 878 1286 edita
931 1221 1455 1286 circumferuntur
1499 1245 1536 1285 a
1583 1222 1967 1305 bibliopolis,
2015 1223 2184 1303 quod
2236 1220 2623 1303 simpliciter,

381 1331 512 1373 non
559 1311 926 1390 arroganter
972 1309 1209 1373 dictum
1258 1307 1463 1372 velim.
1556 1307 1679 1372 Sed
1726 1309 1835 1372 illa
1876 1309 2091 1390 regula
2136 1310 2214 1373 ad
2262 1306 2622 1372 Platonicos

381 1393 802 1458 refertur.vel
863 1396 1076 1478 potius
1140 1394 1565 1473 ManichanS,
1634 1415 1795 1476 quos
1862 1394 2149 1458 Aurelius
2220 1395 2403 1459 initio
2470 1415 2621 1457 suae

383 1481 780 1546 credulitatis
845 1481 1234 1545 imitabatur.
1323 1480 1440 1543 Est
1483 1485 1550 1544 et
1592 1481 1748 1544 illud
1793 1483 1859 1545 in
1910 1481 2216 1546 Arnoldo:
2286 1480 2479 1565 „Cum
2541 1502 2621 1543 ex

383 1567 598 1632 verbis
640 1569 895 1631 incaute
941 1567 1202 1649 prolatis
1247 1589 1433 1650 saepe
1479 1589 1647 1630 error
1690 1567 1929 1632 oriatur
1958 1573 2024 1632 et
2053 1564 2419 1646 haeresis“,²
2454 1565 2621 1648 quod

382 1677 464 1718 ex
508 1654 890 1737 Hieronymo
936 1675 1075 1718 meo
1122 1654 1484 1718 desumtum
1546 1658 1675 1719 est:
1738 1655 2008 1736 denique
2062 1655 2217 1733 nihjl
2264 1656 2385 1729 hic,
2452 1652 2620 1734 quod

382 1761 510 1805 non
578 1744 727 1804 ante
795 1739 1071 1804 Arnoldo
1131 1741 1216 1804 sit
1275 1741 1595 1822 provisum
1656 1744 1720 1804 et
1763 1742 2060 1824 positum.
2153 1740 2430 1804 Tametsi
2496 1761 2622 1806 non

381 1832 547 1909 apte.
639 1825 804 1902 Quid
849 1827 1014 1890 enim
1080 1826 1492 1890 barbasculus
1538 1832 1603 1890 et
1646 1827 1837 1891 homo
1902 1825 2217 1910 sophista⁸
2285 1830 2624 1909 componat

382 1913 570 1978 laude
637 1912 947 1994 dignum?
1055 1913 1405 1976 Mutuum⁸
1478 1915 1635 1978 muli
1698 1914 1987 1978 scabunt.
2102 1912 2373 1978 Colonos
2448 1913 2625 1977 forda

381 1999 671 2081 sequitur
737 2002 800 2063 et
868 1999 1072 2081 mugit
1138 1999 1258 2064 hoc
1325 2000 1539 2063 modo:
1624 1999 1885 2082 „Totius
1958 2023 2211 2085 quoque
2284 1999 2625 2065 venerandi

381 2085 633 2168 collegii
677 2085 1095 2152 excellentiss
1123 2085 1470 2151 doctorum
1534 2084 1953 2170 Theologicae
2016 2085 2365 2152 Facultatis
2432 2086 2627 2151 studii

382 2171 798 2247 ColoniensiS,
847 2171 1232 2236 confratrum
1281 2177 1474 2255 atque
1519 2171 1838 2238 fautorum
1884 2179 2241 2238 nostrorum
2289 2174 2353 2238 in
2400 2195 2624 2238 aevum

379 2256 879 2322 colendorum.“⁴
969 2259 1167 2322 Audis
1233 2259 1583 2324 blanditias
1650 2260 1947 2325 insulsas.
2039 2259 2154 2325 Est
2200 2261 2389 2326 etiam
2435 2260 2626 2325 frater

379 2348 590 2409 vester
633 2344 836 2409 Janus
881 2345 1210 2409 Reuchlin.
1301 2346 1487 2409 Hunc
1531 2347 1821 2411 occiditis
1864 2347 2062 2430 impii,
2102 2350 2175 2411 ut
2203 2348 2383 2412 livori
2415 2350 2624 2411 vestro

382 2430 813 2496 satisfaciatis
907 2431 1210 2497 Profer-tis
1272 2432 1474 2515 ipsius
1542 2434 2062 2517 protestationem
2123 2439 2188 2499 et
2240 2435 2366 2499 vim
2422 2456 2626 2518 gram·

381 2520 653 2583 maticae
723 2523 836 2583 aut
901 2519 1158 2603 logicae.
1273 2520 1409 2585 Ohe
1472 2520 1659 2585 Jesu!
1729 2522 1935 2604 qualis
2009 2522 2315 2586 caecitas!
2426 2521 2629 2586 Parva

384 2609 664 2689 captant,
713 2626 945 2687 magna
1001 2627 1126 2669 non
1187 2606 1562 2687 observant3
1626 2609 1829 2673 instar
1896 2614 2283 2687 venatorum,
2345 2610 2455 2691 qui
2514 2629 2625 2690 pro

380 2691 723 2776 lepusculis
768 2693 1030 2777 capiunt
1059 2693 1399 2770 erinaceOS‚
1428 2695 1456 2733 b
1501 2716 1582 2757 ne
1612 2695 1797 2760 vacui
1826 2695 2078 2759 domum
2112 2697 2391 2761 redeant.
2467 2694 2629 2773 Quid

381 2779 691 2842 tandem?
781 2778 983 2843 Hodie
1051 2782 1470 2858 cantavimUS‚
1542 2781 1701 2846 duos
1768 2782 2059 2846 Ewaldos
2128 2782 2362 2847 Christi
2431 2786 2629 2846 testes

382 2864 856 2929 collaudantes:
935 2865 1313 2948 „Absterget
1380 2868 1533 2931 deus
1600 2888 1847 2933 omnem
1916 2869 2239 2934 lacrimam
2292 2870 2374 2937 ab
2429 2869 2628 2934 oculis

383 2956 748 3015 sanctorum
818 2955 882 3017 et
939 2952 1069 3034 jam
1139 2974 1262 3017 non
1333 2955 1453 3018 erit
1517 2955 1793 3037 amplius
1858 2977 2065 3038 neque
2137 2955 2349 3021 luctus
2424 2977 2629 3037 neque

381 3038 636 3115 clamor,
689 3037 799 3101 sed
845 3060 960 3102 nec
1005 3037 1174 3103 ullus
1218 3039 1414 3115 dolor,
1474 3043 1774 3121 quoniam
1805 3054 1831 3081 ‘²
1898 3044 2109 3125 priora
2172 3040 2622 3108 transierunt.“

382 3123 706 3189 Transivit
751 3123 1058 3189 Reuchlin
1108 3146 1218 3207 per
1261 3127 1494 3207 ignem,
1540 3128 1649 3191 sed
1694 3127 1953 3198 illaesus
1999 3135 2325 3210 permanet
2353 3130 2382 3170 ‘¹
2426 3132 2629 3193 aeter-

379 3231 552 3274 num.
642 3209 818 3291 Ignis
862 3216 1072 3275 autem
1121 3212 1667 3294 theologistarum,
1723 3214 1786 3277 id
1834 3219 1932 3278 est
1974 3215 2235 3292 invidia,
2302 3236 2629 3298 nunquam

381 3298 846 3377 exstinguetur.
936 3296 1076 3361 Non
1139 3300 1260 3361 erit
1303 3300 1512 3363 luctus
1579 3304 1644 3363 et
1707 3301 1940 3365 clamor
1993 3306 2057 3365 et
2111 3302 2290 3366 dolor
2334 3304 2399 3367 in
2445 3303 2631 3365 domo

377 3382 547 3460 Jani,
615 3383 1003 3447 sanctissimi
1069 3385 1268 3467 patris
1341 3387 1561 3461 nostri,
1629 3387 1739 3468 qui
1808 3386 2115 3452 divinitus
2176 3389 2269 3452 ita
2313 3389 2627 3470 loquitur:

389 3467 592 3551 „Male
640 3472 903 3551 pereant
933 3470 1305 3536 incendiarii
1336 3471 1666 3549 librorum,
1698 3478 1961 3555 pereant
1990 3496 2210 3538 omnes
2240 3474 2397 3539 talia
2428 3496 2630 3557 aequo

379 3556 595 3621 animo
663 3554 953 3619 ferentes.
1045 3555 1368 3621 Percutiat
1413 3580 1520 3622 eos
1566 3559 1720 3622 deus
1765 3564 2069 3640 egestate,
2131 3560 2324 3640 febre,
2378 3561 2630 3642 frigore,

379 3641 618 3716 ardore,
689 3646 893 3719 aestu,
961 3650 1102 3706 aere
1172 3649 1465 3726 corrupto
1531 3667 1608 3708 ac
1671 3644 1982 3726 rubigine,
2058 3647 2257 3711 donec
2329 3652 2631 3731 pereant3

380 3728 695 3809 percutiat
740 3748 846 3791 eos
889 3728 1093 3791 ulcere
1142 3731 1430 3811 Aegypti,
1463 3730 1677 3793 scabie
1723 3736 1785 3793 et
1830 3734 2171 3813 prurigine,
2205 3736 2295 3799 ita
2328 3739 2399 3798 ut
2430 3735 2632 3798 curari

379 3817 739 3895 nequeant3
800 3816 1117 3896 percutiat
1173 3837 1280 3879 eos
1341 3817 1622 3880 amentia
1666 3821 1730 3879 et
1776 3819 2083 3883 caecitate
2136 3843 2210 3884 ac
2265 3820 2473 3885 furore
2517 3842 2635 3885 nec

379 3899 681 3976 habeant,
715 3901 826 3980 qui
856 3899 1083 3964 liberet
1130 3922 1268 3981 eos3
1317 3903 1653 3966 tradantur
1690 3903 1984 3984 Satanae,
2018 3911 2089 3970 ut
2121 3908 2384 3988 spiritus
2417 3907 2632 3972 salvus

515 4098 543 4128 a
569 4084 777 4136 mulum
815 4083 960 4137 sz.
1068 4089 1097 4127 b
1125 4086 1394 4141 erinacios.
1515 4102 1538 4129 0
1568 4105 1732 4155 quum
1772 4090 1917 4144 Tenx.
2043 4096 2071 4133 d
2099 4092 2153 4143 in
2186 4092 2303 4160 fic‘qt
2342 4093 2489 4149 Tenx.
2526 4094 2628 4147 ein.

517 4156 531 4184 ¹
573 4152 790 4207 Damals
826 4154 1020 4207 bereits
1055 4154 1110 4207 in
1146 4155 1348 4209 Italien.
1419 4156 1534 4209 Von
1584 4159 1764 4210 seinen
1801 4159 2010 4212 Briefen
2046 4176 2141 4213 aus
2176 4162 2311 4214 Rom
2345 4162 2418 4216 ist
2453 4164 2632 4218 keiner

379 4237 446 4274 an
497 4220 703 4275 Mutian
757 4222 1007 4275 erhaltcn.
1080 4224 1197 4276 Nur
1231 4224 1361 4277 zwei
1397 4241 1462 4278 an
1498 4226 1705 4279 Vadian
1740 4244 1837 4281 aus
1872 4226 2005 4281 Rom
2044 4231 2122 4282 15.
2162 4233 2283 4298 Apr.
2325 4250 2373 4283 u.
2411 4233 2458 4286 9.
2498 4236 2629 4302 Aug.

382 4290 518 4343 1514
570 4290 810 4343 befinden
866 4292 982 4345 sich
1017 4292 1068 4343 in
1107 4293 1200 4345 der
1249 4294 1489 4347 Vadiana
1533 4312 1603 4348 zu
1646 4295 1719 4351 st.
1763 4296 1960 4351 Gallen.
2102 4302 2122 4331 ²
2160 4300 2463 4354 Gloichfalls
2516 4302 2631 4354 eine

380 4356 544 4412 Stelle
593 4360 686 4412 des
731 4359 836 4415 Erf.
885 4360 1221 4417 Gutaehtens.
1293 4362 1444 4415 Tonz.
1481 4362 1531 4418 S.
1572 4365 1686 4418 100.
1828 4366 1849 4397 ³
1883 4366 1989 4419 Der
2034 4366 2217 4421 Dekan
2263 4370 2355 4422 der
2400 4371 2634 4423 Erfurter

379 4427 605 4497 theolog.
664 4428 908 4482 Fakultiit
959 4430 1227 4483 Hermann
1281 4431 1465 4501 Serges
1499 4448 1607 4485 von
1641 4433 1881 4503 Dorsten,
1920 4436 2013 4488 der
2063 4438 2156 4490 das
2211 4438 2506 4493 Gutachten
2558 4439 2635 4491 im

379 4495 586 4553 Namen
623 4498 717 4553 der
754 4498 998 4553 Fakulffit
1030 4500 1211 4569 abgab.
1353 4502 1375 4533 ⁴
1409 4500 1575 4555 Stelle
1606 4503 1701 4557 des
1732 4503 1837 4556 Erf.
1876 4504 2215 4561 Gutaohteus.
2270 4508 2421 4565 Tenz.
2460 4508 2511 4563 S.
2548 4509 2634 4571 99.
