3084 4895
1253 390 1462 443 Mutian
1499 406 1567 443 an
1609 389 1809 443 Urban.
2535 390 2659 459 581

397 562 612 626 felices
681 564 914 641 essent,
981 561 1032 625 si
1096 566 1328 624 uxores
1397 560 1707 624 deessent.
1800 558 1924 623 Sed
1990 559 2115 625 hoc
2182 582 2333 623 cave
2402 560 2658 626 dixeris,

392 647 630 711 Amant
677 648 891 711 miseri
937 666 1146 727 neque
1205 644 1420 709 ferunt
1467 646 2039 709 contradicentem.
2131 646 2263 726 Nos
2332 646 2657 711 silentium

389 733 624 797 annale
699 731 1098 796 indiximus.¹
1210 731 1308 794 Ita
1377 752 1633 795 necesse
1700 735 1815 794 est.
1927 730 2087 794 Nam
2156 732 2473 815 principes
2536 734 2661 796 ira-

387 822 674 891 scuntur,
725 822 790 881 et
833 818 1126 899 graviora.
1170 817 1476 880 sentietis.
1569 815 1687 892 Tu,
1736 818 1823 879 mi
1868 821 2063 898 pater.
2113 818 2339 897 perfice
2386 816 2656 883 venditi-

389 925 572 968 onem
609 909 675 966 et
706 903 787 967 da
817 900 1108 967 calicem²
1141 903 1222 965 ad
1253 924 1353 965 me
1383 900 1753 978 Mercu1·i0‚³
1798 925 1879 966 ne
1910 903 2215 966 sedulitas
2259 907 2371 966 tua
2404 905 2652 987 culpam

386 996 454 1053 et
500 990 710 1053 dolum
775 988 967 1073 (quae
1012 988 1278 1052 crimina
1322 1010 1361 1051 a
1405 992 1468 1050 te
1512 987 1899 1051 amicissimo
1957 994 2109 1052 sunt
2162 988 2396 1069 aliena)
2452 992 2655 1053 admi-

387 1076 549 1139 sisse
595 1075 906 1139 videatur.
1000 1074 1152 1137 Vale
1197 1077 1260 1137 et
1305 1094 1447 1136 ama
1493 1094 1593 1135 me
1640 1077 1881 1136 mut-uo.
1976 1076 2135 1135 Ama
2167 1096 2421 1156 quoque
2469 1076 2657 1139 Here-

389 1161 682 1236 bordum,
754 1161 865 1241 qui
934 1158 1180 1223 utinam
1246 1158 1577 1221 Eobanum
1650 1164 2049 1239 promoveret
2113 1162 2193 1222 ad
2268 1160 2469 1243 colleg
2472 1160 2655 1224 ium.⁴

392 1246 516 1311 Sed
569 1246 848 1308 universi
893 1248 1123 1322 tacete,
1173 1245 1212 1307 i.
1263 1266 1316 1307 e.
1364 1245 1687 1307 literarum
1721 1244 1998 1308 officium
2050 1183 2471 1309 intermittite.
2550 1244 2653 1309 llI.

385 1332 475 1395 Id
526 1330 701 1412 Sept
749 1330 1002 1395 MDXV.

697 1430 821 1508 cod.
856 1429 994 1484 Μ.
1032 1429 1150 1483 513.

387 1618 620 1687 (Gotha.)
1433 1600 1579 1665 519.
2029 1620 2145 1685 (vor
2182 1620 2259 1673 17.
2299 1618 2439 1689 Sept.
2482 1618 2653 1703 1515.)

1139 1725 1433 1797 Mutian
1475 1746 1577 1796 an
1622 1725 1897 1797 Urban.

856 1854 1159 1921 (Wic'nseht,
1198 1855 1326 1908 dass
1361 1854 1453 1907 der
1486 1842 1658 1909 Polcal
1688 1856 1939 1925 veryoldet
1973 1856 2171 1923 werde.)
2210 1846 2212 1849 Α

415 1970 920 2022 Prudentissimo
955 1970 1094 2020 viro
1130 1970 1211 2021 H.
1250 1969 1509 2020 ‘Urbano
1544 1969 1683 2020 loco
1719 1969 1935 2021 fratris
1970 1970 2235 2021 amando
2270 1972 2365 2035 M.
2394 1966 2617 2022 Rufus·

589 2080 654 2145 S.
770 2079 838 2144 Si
910 2101 1037 2144 uno
1114 2078 1466 2161 eodemque
1544 2080 1737 2143 biduo
1814 2080 2239 2162 Nepotianus⁵
2316 2080 2649 2157 emittitur,

376 2164 691 2231 Adamus⁶
761 2172 824 2229 te
897 2166 1049 2229 adit.
1163 2163 1257 2227 Tu
1325 2166 1494 2229 inter
1557 2166 1907 2230 tumultum
1980 2166 2310 2248 trepidas.⁷
2415 2168 2649 2249 Recipe

375 2253 682 2317 animum.
775 2252 1174 2334 Nepotianus
1222 2272 1350 2314 non
1397 2251 1652 2315 errabit.
1748 2252 2029 2315 Adamus
2091 2273 2219 2316 non
2274 2254 2486 2317 minus
2542 2276 2650 2335 pa-

379 2339 583 2402 vescit
628 2338 707 2401 ad
753 2337 948 2400 tubae
995 2337 1353 2418 clangorem
1405 2359 1595 2419 quam
1643 2341 1733 2399 tu.
1827 2337 1951 2401 Sed
2000 2360 2205 2401 vanus
2275 2338 2397 2402 est
2437 2338 2644 2402 timor.

379 2424 546 2502 Quid
593 2424 670 2488 ad
721 2444 935 2488 sacros
983 2421 1284 2504 profanae
1332 2421 1751 2488 formidines?
1840 2424 1981 2488 Mea
2013 2446 2277 2488 munera
2322 2446 2451 2488 non
2496 2429 2645 2489 sunt

380 2510 750 2574 differenda.
846 2509 1010 2591 Urge
1056 2514 1120 2572 et
1165 2509 1468 2591 promitte
1529 2509 1789 2583 donum,
1846 2516 1921 2574 ut
1964 2510 2223 2574 omnino
2284 2510 2647 2594 perficiatur

379 2597 551 2660 calix
597 2595 922 2660 inebrians
968 2616 1269 2676 perquam
1321 2594 1704 2675 praeclarus,
1780 2594 1923 2660 Uno
1957 2595 2057 2659 die
2092 2597 2382 2660 deaurari
2415 2601 2643 2679 potest.
2697 2662 2706 2669 ,

377 2681 555 2746 Tolle
631 2681 1292 2764 procrastinationem,
1355 2681 1443 2743 mi
1509 2681 1784 2759 domine,
1854 2683 1942 2745 mi
2010 2688 2207 2764 pater,
2275 2684 2363 2746 mi
2430 2683 2641 2746 frater.

378 2766 570 2832 Vivat
603 2767 1102 2848 EngelmannuS.
1111 2763 1133 2798 ⁸
1223 2766 1447 2830 Liceat
1477 2767 1634 2830 mihi
1667 2768 1895 2846 vive1·,e
1929 2772 1993 2830 et
2024 2768 2347 2833 evidenter
2378 2770 2644 2886 patebit,

374 2853 535 2917 nihil
585 2853 919 2917 adversum
967 2873 1083 2916 nos
1131 2849 1336 2934 egisse
1381 2852 1731 2916 Morianam
1780 2853 2247 2935 Lotianamque
2284 2851 2643 2919 invidiam.⁹

374 2939 544 3002 Vale.

687 3037 810 3091 Cod.
848 3035 981 3091 Frcf.
1020 3036 1136 3090 518.

371 3225 609 3292 (Gotha.)
785 3233 790 3237 ·
972 3287 978 3292 .
1422 3209 1567 3271 520.
2146 3226 2224 3283 17.
2264 3225 2402 3292 Sept.
2444 3227 2638 3294 (1515).

1129 3334 1420 3404 Mutian
1465 3353 1564 3403 an
1606 3333 1888 3404 Urban.

371 3463 798 3530 (Bewundemny
845 3464 936 3516 der
978 3463 1241 3517 silbernen
1289 3463 1474 3516 Sekale
1519 3463 1623 3515 mit
1668 3463 1761 3515 der
1804 3464 2029 3516 meloten
2077 3463 2493 3530 Frauenyescalt,
2548 3462 2639 3514 ein

369 3531 589 3584 somnes
635 3531 1182 3600 Hoehxeitsyesckenk.
1264 3531 1448 3584 Lrban
1491 3531 1593 3584 soll
1640 3531 1726 3582 die
1775 3530 1968 3584 Kosten
2014 3547 2116 3583 von
2162 3532 2255 3583 der
2287 3530 2639 3597 Kaufsummc

1109 3601 1202 3652 der
1235 3599 1569 3652 Karthc‘iuser
1605 3598 1855 3652 abxaehen
1859 3601 1893 3666 .)

511 3713 761 3765 Diserte
796 3715 966 3774 patri
999 3715 1082 3765 Η.
1120 3714 1378 3765 ‘Urbano
1412 3715 1713 3776 magist-‚ro
1750 3726 2102 3772 oeconomo,
2136 3726 2264 3764 non
2300 3712 2501 3764 solum

769 3800 989 3858 amice,
1026 3799 1136 3850 sed.
1172 3799 1362 3850 etiam
1395 3812 1622 3860 magno
1658 3799 1857 3850 amico
1892 3799 1981 3849 M.
2018 3797 2240 3848 Rufus.

583 3909 644 3973 S.
743 3909 981 3993 Aspexi
1029 3911 1416 3974 urbanitatis
1474 3913 1627 3974 tuae
1683 3911 2087 3992 promissum,
2135 3913 2200 3972 et
2244 3908 2455 3991 quoad
2500 3909 2635 3990 ipse

512 4111 529 4142 ¹
565 4111 768 4180 Wegen
823 4112 915 4164 der
965 4110 1295 4189 Ermordung
1347 4111 1440 4164 des
1497 4111 1834 4164 Geistlichen.
1906 4111 2024 4178 Vgl.
2078 4109 2161 4165 Br.
2200 4111 2316 4164 495
2460 4109 2479 4140 ²
2515 4107 2632 4176 Vgl.

373 4175 428 4230 S.
465 4177 569 4233 540
605 4181 664 4233 A
704 4181 752 4234 3
879 4181 901 4211 ⁸
933 4179 1030 4232 Ein
1068 4179 1289 4233 Dieners
1323 4180 1548 4233 U1·.bans
1623 4180 1673 4233 S
1712 4181 1810 4233 507
1849 4181 1909 4232 A.
1953 4183 1997 4232 1.
2106 4180 2127 4210 ⁴
2160 4179 2397 4232 Herbmd
2433 4177 2486 4229 in
2523 4193 2633 4228 em-

370 4244 711 4301 flussreicher
745 4247 986 4316 Stellung
1021 4248 1098 4302 als
1135 4247 1196 4315 S)
1195 4249 1418 4314 ndikus
1455 4249 1607 4302 sollte
1644 4249 1818 4301 Eoban
1870 4247 1986 4300 eine
2035 4247 2077 4300 P
2081 4249 2308 4300 rofessur
2362 4245 2630 4299 erwirken.

375 4312 462 4368 Br.
499 4316 618 4370 462.
761 4319 783 4349 ⁵
817 4315 868 4368 S.
923 4316 1025 4369 552
1078 4319 1139 4369 A.
1172 4266 1244 4369 52.
1387 4318 1409 4348 ⁶
1443 4315 1492 4370 S.
1548 4317 1649 4371 407
1703 4319 1764 4368 A.
1822 4315 1867 4369 2.
2012 4317 2031 4348 ⁷
2071 4316 2182 4368 Den
2235 4316 2631 4383 Kriegswiiren.

373 4380 616 4439 1312508.
760 4386 782 4417 ⁸
815 4384 866 4438 S
904 4385 1006 4438 572
1042 4387 1102 4439 A.
1142 4387 1190 4437 3.
1330 4386 1352 4418 ⁹
1387 4374 1532 4438 Uber
1568 4385 1745 4439 Morus
1780 4385 1887 4438 und
1924 4383 2107 4438 Lotius
2144 4385 2193 4438 S.
2231 4384 2299 4438 38
2336 4389 2397 4437 A.
2434 4385 2483 4437 4.
