3084 4895
458 462 585 525 626
1143 457 1252 510 Der
1288 456 1584 524 gedruckt·
1623 456 2011 513 Bricfwechsel.

460 630 716 711 dignam
782 629 1165 710 judicaveris
1236 629 1461 692 ceteris
1539 629 1902 711 quibusque
1977 631 2361 694 doctissimis
2437 631 2732 712 patribus

460 716 693 798 quibus
754 715 953 778 Roma
1013 715 1199 795 plena
1247 720 1365 789 est,
1414 717 1748 795 praecipue
1813 738 1958 778 vero
2015 718 2553 780 reverendissimis
2611 719 2730 781 do-

460 803 649 866 minis
718 802 873 865 meis
940 799 1206 864 Senensi
1277 805 1341 864 et
1408 800 1839 864 Alexandrino
1911 802 2342 865 cardinalibus
2413 805 2732 885 impartiri

458 889 682 1026 gggsgg.
724 886 940 1024 11Vale
1009 910 1085 949 ex
1158 886 1445 949 Bononia
1519 887 1656 949 Kal.
1741 886 1966 950 Juniis,
2080 888 2263 951 Anno
2333 888 2569 952 Christi
2643 891 2727 953 M.

663 1054 957 1109 Concordia
992 1058 1293 1107 curatorum
1330 1057 1383 1106 et
1417 1055 1638 1107 fratrum
1675 1056 2104 1109 mendicantium.
2168 1057 2390 1109 Carmen
2428 1058 2724 1123 elegiacum

667 1124 985 1192 deplangens
1032 1123 1345 1175 discordiam
1384 1127 1436 1175 et
1472 1124 1848 1177 dissensionem
1907 1125 2310 1178 christianorum
2362 1127 2730 1194 cujuscunque

663 1197 832 1247 status
868 1192 1136 1261 dignitatis
1174 1200 1263 1244 aut
1300 1192 1647 1259 professionis,
1689 1196 1734 1247 4.
1775 1212 1813 1247 s.
1855 1194 1886 1245 1.
1926 1199 1977 1245 et
2014 1211 2057 1245 a.
2097 1211 2127 1247 a
2165 1194 2262 1247 21..

459 1382 641 1435 eoum.
1514 1366 1661 1431 557.
2326 1387 2371 1437 1.
2409 1382 2527 1443 okt.
2569 1384 2723 1436 1503.

1136 1492 1426 1564 Mutian
1471 1514 1570 1563 an
1614 1494 2034 1564 Reuchlin.¹

458 1620 877 1687 (Bcuunderuny
913 1638 1013 1673 von
1047 1622 1335 1675 Reuchli‘ns
1372 1622 1633 1674 Rabamcs
1658 1622 1903 1676 Maurus,
1975 1623 2194 1675 Mutia-n
2211 1623 2349 1675 hc‘itte
2365 1624 2523 1675 sehon·
2547 1625 2728 1689 Ic‘inyst

450 1707 611 1758 yet-ne
646 1690 935 1742 Reuelelins
970 1690 1359 1757 Freemdsehaft
1388 1692 1630 1759 vester-kt.
1703 1692 1971 1759 Basore-qen
2018 1694 2221 1745 leonum
2255 1710 2307 1743 es
2342 1693 2456 1743 sein
2493 1692 2724 1747 erler.

452 1761 547 1811 der
596 1759 725 1811 hess.
780 1758 1028 1819 Kanxlen
1090 1759 1340 1812 'l'ritheim
1392 1760 1508 1811 und
1557 1762 1648 1811 der
1701 1760 1892 1813 Μόηεή
1949 1760 2208 1813 Nile-olaus
2247 1761 2282 1828 [
2277 1761 2550 1813 Baseuv'us
2545 1763 2580 1829 J
2621 1780 2722 1813 ron

460 1828 682 1881 Hir-sau.
756 1828 1019 1880 Rene-Min
1052 1829 1202 1892 unssrd,
1238 1846 1349 1881 ‘zoas
1385 1828 1553 1880 Picus
1589 1828 1862 1895 beyomwn,
1899 1831 2175 1883 vollendeu.
2247 1830 2386 1882 Bitte
2431 1848 2530 1881 um.
2576 1830 2725 1882 seiae

455 1894 879 1963 Fbeundschaft.)
953 1897 1086 1952 Clar.
1115 1898 1210 1952 vir.
1232 1914 1349 1965 epp.
1370 1899 1436 1950 ad
1465 1898 1681 1951 Reuchl.
1724 1900 1869 1952 1514.
1909 1900 1945 1950 11
1981 1902 2016 1950 4
2039 1900 2080 1952 b.
2154 1898 2233 1952 Ili.
2271 1900 2369 1951 vir.
2408 1916 2523 1966 epp.
2564 1899 2580 1951 l
2619 1902 2718 1953 3a.

458 1966 589 2020 Clar.
631 1967 725 2017 vir.
764 1982 877 2033 epp.
917 1967 983 2019 ad
1020 1966 1079 2018 R.
1122 1966 1269 2021 1558.
1306 1967 1372 2019 65
1395 1967 1426 2017 b
1462 1984 1537 2034 sq.
1615 1967 1816 2035 Geigei·,
1854 1968 2072 2021 Reuchl.
2111 1968 2318 2021 Briefw.
2363 1969 2412 2020 S.
2449 1969 2518 2020 83
2557 1970 2588 2019 f.

456 2154 779 2223 Strassburg.
1507 2141 1634 2205 558
2273 2159 2350 2209 13.
2397 2157 2524 2211 Dez.
2569 2158 2722 2210 1504.

1216 2266 1451 2336 Wolf²
1498 2287 1598 2337 an
1641 2266 1950 2338 Mutian.

457 2394 589 2463 (Hat
644 2394 888 2449 Matiane
943 2394 1247 2465 Mitteilunq
1298 2413 1417 2450 vom
1473 2396 1599 2450 Tode
1650 2397 1818 2451 seines
1872 2396 2106 2450 Bruders
2154 2396 2398 2450 erkalten.
2473 2397 2627 2450 Auclae
2664 2413 2719 2447 er

786 2465 878 2519 hat
909 2465 1241 2534 yleickxeitiy
1274 2466 1375 2518 den
1414 2466 1516 2519 Tod
1548 2468 1690 2518 eines
1725 2466 1960 2519 Bracders
1996 2483 2069 2518 κα
2105 2465 2382 2534 belclayen.)

512 2581 780 2630 Thomas
814 2580 1170 2642 vuolphius
1204 2581 1248 2631 J
1250 2582 1431 2631 unior
1467 2579 1553 2631 d.⁸
1588 2581 1806 2632 doctor
1840 2582 2127 2632 mutiano
2162 2580 2345 2631 Rufo·
2384 2580 2445 2632 S.
2481 2582 2553 2630 P.
2592 2582 2671 2630 D.

667 2691 1018 2775 Epistolam
1065 2697 1242 2758 tuam
1290 2694 1368 2756 de
1413 2694 1594 2760 obitu
1659 2693 1872 2758 fratris
1915 2695 2013 2758 tui
2060 2693 2234 2776 legi.⁴
2322 2694 2393 2755 In
2444 2717 2516 2756 ea
2565 2693 2716 2768 vidi,

464 2777 525 2840 id
572 2779 741 2858 quod
786 2784 902 2856 est,
962 2779 1316 2843 Mutianum
1380 2781 1516 2844 sine
1580 2782 2008 2844 controversia
2070 2802 2208 2844 esse
2269 2779 2717 2860 philosophum

461 2865 806 2928 maximum
856 2873 916 2928 et
964 2872 1277 2930 oratorem
1326 2867 1690 2930 maximum.
1782 2865 1875 2930 Ex
1924 2865 2444 2948 philosophorum
2479 2865 2720 2928 scholis

459 2955 523 3014 et
566 2951 865 3033 graphice
929 2958 992 3016 et
1054 2952 1285 3016 diserte
1353 2952 1558 3015 multa
1623 2953 1864 3030 afferS,·
1895 2975 2058 3034 quae
2127 2975 2251 3016 non
2319 2952 2722 3016 mediocriter

456 3035 693 3100 faciant
726 3037 807 3100 ad
842 3039 1229 3119 mitigandos
1261 3038 1509 3102 dolores
1540 3039 1862 3120 animique
1895 3039 2224 3120 passiones
2259 3037 2718 3120 propellendas.

459 3122 743 3187 Fortuna
787 3125 1011 3188 acerba
1060 3129 1123 3188 et
1167 3125 1391 3206 iniqua
1437 3124 1652 3188 eodem
1707 3125 1907 3202 vultu,
1955 3126 2117 3188 truci
2164 3125 2304 3188 dico
2349 3130 2416 3187 et
2459 3124 2718 3200 minaci,

459 3230 573 3272 nos
621 3212 915 3291 respexit.
1010 3210 1143 3291 Ego
1192 3212 1354 3274 enim
1405 3211 1622 3276 eodem
1669 3233 1869 3292 paene
1913 3215 2214 3292 tempore,
2273 3232 2398 3291 quo
2461 3218 2718 3290 ereptus

457 3301 554 3358 est.
598 3295 789 3359 frater
848 3303 1018 3369 tuuS‚
1080 3319 1284 3360 meum
1355 3318 1608 3379 quoque
1677 3297 1860 3360 amisi
1927 3296 2236 3373 fratrem‚⁵
2285 3298 2393 3377 qui
2457 3301 2518 3360 et
2579 3297 2719 3376 ipse

449 3382 588 3465 jure
658 3383 987 3446 consultus
1056 3382 1194 3457 fuit,
1265 3383 1451 3446 homo
1522 3385 1762 3461 ingenii
1827 3384 2066 3448 vivacis
2114 3392 2177 3446 et
2223 3386 2330 3464 qui
2399 3383 2715 3445 nerninem

455 3471 519 3532 in
567 3471 739 3532 omni
788 3470 921 3532 vita
965 3469 1220 3532 laeserit
1264 3470 1452 3532 etiam
1505 3469 1859 3532 lacessitus,
1936 3469 2098 3533 Mira
2131 3469 2253 3532 fuit
2286 3471 2348 3532 in
2381 3491 2455 3532 eo
2489 3469 2714 3532 libera-

459 3555 625 3631 litas,
696 3556 853 3618 mira
920 3555 1224 3638 probitas
1341 3553 1687 3637 Cujusdam
1761 3555 2036 3618 hominis
2106 3556 2382 3620 malivoli
2452 3555 2718 3636 perfidia

458 3642 688 3705 ductus
736 3648 833 3706 est
877 3641 942 3705 in
994 3641 1499 3726 melancholiam.
1532 3653 1559 3680 ¹²
1651 3642 1743 3704 Ex
1789 3665 1863 3704 ea
1909 3642 2135 3705 incidit
2185 3641 2464 3705 morbum
2519 3641 2715 3703 inter—

456 3729 621 3799 cutis
688 3751 911 3810 aqnne,
977 3749 1101 3811 quo
1172 3728 1403 3791 deinde
1474 3729 1882 3791 acerbissime
1955 3734 2176 3808 raptus
2250 3737 2362 3789 est.
2478 3727 2717 3790 Dicunt

590 3945 617 3974 ⁰·
644 3929 1027 3987 Melancoliam.

596 4003 612 4032 ¹
648 3999 1062 4068 Zur-Erkifirung
1086 3999 1187 4067 vgl.
1218 3999 1478 4066 Geigm,
1515 3998 1578 4052 R.
1615 3998 1821 4051 Briefw.
1860 3998 1911 4051 S.
1947 4000 2016 4051 83
2051 4000 2084 4050 f.
2195 4001 2214 4032 ²
2251 3999 2364 4065 Vgl.
2406 3998 2455 4052 S.
2493 3999 2525 4051 9
2563 4001 2624 4053 A.
2665 3999 2713 4051 ⁶2.

454 4070 561 4121 und
599 4069 685 4121 Br.
723 4069 805 4122 93.
878 4059 1022 4121 Uber
1070 4069 1154 4122 die
1201 4067 1643 4134 einschlagenden
1681 4067 2043 4120 Verhiiltnisse
2080 4068 2333 4120 vei-weiss
2371 4067 2459 4120 ich
2495 4068 2590 4120 auf
2619 4069 2714 4121 das

454 4138 737 4204 gediegene
780 4138 944 4190 Werk
989 4153 1092 4190 von
1140 4137 1409 4190 Charles
1456 4136 1785 4199 Schmidt,
1835 4137 2064 4189 Histoire
2099 4137 2350 4189 littei-aire
2388 4139 2451 4188 de
2487 4136 2714 4189 l’Alsace

454 4210 552 4261 etc.
590 4206 709 4260 Pur.
754 4207 899 4263 1879,
941 4207 973 4258 2
1008 4206 1203 4264 Βέίηᾰθ,
1241 4206 1296 4257 in
1333 4206 1589 4258 welchem
1627 4204 1695 4262 11.
1732 4205 1950 4259 58—86.
1991 4207 2088 4258 397
2137 4207 2268 4258 iiber
2316 4206 2487 4258 Wolfs
2537 4206 2712 4258 Leben

456 4278 561 4328 und
601 4275 859 4326 Schriften
898 4275 1179 4340 gehandelt
1214 4275 1360 4335 wird,
1389 4275 1758 4327 insbesondere
1795 4275 1861 4341 ΙΙ,
1903 4277 1968 4327 74
2006 4292 2080 4342 sq.
2192 4279 2211 4306 ³⁵
2289 4298 2312 4312 ·-
2351 4275 2710 4327 Decretorum.
2775 4273 2784 4279 “

526 4348 545 4376 ⁴
581 4345 765 4395 Dieser
802 4343 883 4396 Br.
924 4344 991 4394 ist
1026 4345 1173 4394 nieht
1209 4341 1461 4395 erhalten.
1506 4343 1754 4395 -Mutians
1779 4343 1996 4403 Bruder,
2024 4345 2210 4396 dessen
2236 4345 2340 4396 'rod
2371 4360 2428 4395 er
2463 4344 2712 4408 1119111010,

454 4428 563 4531 ἴνιιΙι·
598 4411 1013 4532 {ifr-{essische
1050 4411 1289 4464 Kanzler.
1422 4415 1441 4444 ⁵
1477 4413 1767 4480 AmanduS,
1806 4414 1844 4480 †
1882 4414 1960 4468 20.
2000 4417 2130 4480 Aug.
2177 4416 2320 4467 1504.
2395 4414 2712 4478 Schmidt,

478 4519 488 4531 .
550 4521 559 4532 .
655 4519 667 4546 ,
709 4493 733 4531 ἰ’
779 4519 790 4530 .
1368 4503 1373 4508 ’
