3084 4895
1232 407 1443 468 Mutian
1480 431 1550 468 an
1587 403 1786 470 Urban.
2568 416 2649 480 29

482 589 687 671 Hujus
732 589 994 673 pietatis
1040 593 1205 670 ergo'

482 677 766 740 dicamus
810 676 1029 739 animo
1076 678 1256 755 grato

483 783 776 826 coronam
827 762 1035 825 almae
1081 759 1287 823 Cereri

480 854 721 911 textam
772 849 849 912 de
894 847 1237 929 spicilegio,

483 934 650 1014 quod
698 936 900 1016 copiis
946 933 1307 1014 agrestibus

482 1020 725 1084 Urbani
774 1041 996 1101 gazam
1043 1020 1312 1090 auxerit,

484 1110 547 1168 et
597 1127 673 1170 ne
722 1111 1023 1188 queratur
1074 1104 1386 1179 Hercules,

489 1191 742 1256 Urbano
790 1193 1013 1256 damus
1059 1191 1355 1254 decimas,

484 1327 807 1392 Musarum
858 1327 1085 1410 hospes
1134 1327 1334 1402 unice,

485 1414 739 1479 Urbane
785 1415 870 1477 mi
916 1413 1253 1486 carissime,

486 1500 808 1582 congestis
856 1501 919 1562 in
966 1499 1251 1563 horreolo

489 1587 784 1669 maniplis
829 1586 1121 1649 trituram
1170 1585 1305 1654 feci,

489 1673 743 1736 excussi
788 1671 1280 1740 cantiunculam,
1310 1683 1337 1710 ὃ

489 1757 673 1822 festis
720 1759 774 1821 si
822 1758 1091 1821 cantilas
1137 1757 1346 1820 choris

492 1845 747 1926 dignam
796 1845 959 1907 inter
1004 1843 1335 1906 unanimes

490 1931 779 2012 fidosque
826 1930 1326 2000 contubernales

491 2067 772 2149 Belprati
820 2066 933 2129 dos
982 2065 1319 2149 multijuga

492 2155 646 2217 coeli
694 2153 929 2235 gaudet
972 2154 1287 2233 temperie.

496 2239 588 2302 Ad
637 2240 905 2302 radicem
958 2239 1191 2301 montis
1238 2241 1427 2302 situm

492 2326 643 2388 solis
689 2330 978 2388 exortum
1026 2326 1346 2407 prospicit.

494 2409 781 2475 Movetur
826 2419 929 2475 aer
973 2411 1197 2492 spiritu

494 2498 669 2562 vitali
715 2504 777 2560 et
823 2499 1100 2560 innoxio.

491 2583 711 2647 Testes
759 2589 910 2646 sunt
955 2584 1050 2646 vel
1098 2586 1344 2647 senecio
1374 2585 1401 2622 b

491 2672 584 2734 vel
636 2670 843 2733 villica
890 2670 1147 2750 grandis
1194 2674 1365 2733 natu.

492 2806 789 2871 Secessus
835 2807 1313 2870 amoenissimus

498 2898 559 2956 et
606 2893 793 2955 simul
840 2892 1289 2955 saluberrimus

490 2980 724 3042 multas
769 2979 961 3042 habet
1006 2978 1279 3055 delicia8‚
1309 2981 1336 3017 b

492 3088 601 3128 seu
646 3070 709 3128 te
753 3087 974 3127 nemus
1022 3066 1267 3146 nigrum
1298 3066 1477 3147 juvet

494 3174 604 3216 seu
651 3172 909 3233 campus
955 3151 1421 3225 frumentariuS,

493 3238 727 3320 piscosi
775 3259 884 3299 seu
935 3236 1254 3300 volumina

500 3323 677 3386 Lini·
731 3323 824 3385 vel
872 3322 1028 3385 dans
1074 3324 1373 3403 irriguum

492 3415 746 3491 pratum
795 3410 1068 3491 vigorem
1116 3409 1331 3473 oculis.

499 3546 679 3610 Felix
723 3546 953 3629 quibus
1000 3546 1127 3610 fors
1159 3549 1476 3628 praestitit

493 3633 559 3696 in
606 3632 754 3695 villa
800 3654 1244 3696 consenescere

495 3719 771 3782 incultos
816 3720 979 3781 inter
1026 3741 1098 3782 ac
1143 3720 1327 3783 rudes

494 3805 603 3867 sed
650 3804 801 3868 mire
848 3806 1082 3888 probos
1130 3806 1431 3869 rusticos:

496 3892 558 3953 in
611 3913 747 3953 rure
793 3896 1009 3956 manet
1054 3890 1257 3973 pietas

500 3981 565 4039 et
609 3978 852 4039 sincera
902 3977 1350 4060 tranquillitaS‚

498 4084 603 4126 rus
651 4063 761 4126 dat
805 4065 967 4127 vires
1012 4065 1265 4145 ingenio

501 4172 575 4213 ac
620 4149 915 4213 membris
962 4151 1392 4214 valitudinem.

546 4334 573 4361 ⁸
601 4318 646 4371 ci
684 4324 746 4371 sl.
784 4320 838 4374 ti.

406 4388 736 4455 ausyefallen
769 4389 899 4442 sein.

945 4325 972 4361 b
998 4320 1040 4371 ti
1077 4326 1138 4371 st.
1177 4320 1241 4373 ci.

1577 587 1886 651 Malorum
1936 587 2082 651 fons
2127 591 2224 651 est
2268 587 2566 669 oppidum

1579 679 1642 737 et
1685 695 1848 737 onus
1893 680 2109 738 monte
2155 674 2426 754 gravius

1576 760 1932 842 Repserunt
1978 761 2038 822 in
2089 760 2273 822 urbes
2319 766 2514 836 astuS‚

1577 847 1768 924 fram,
1817 847 1914 922 lis,
1961 847 2219 920 furtum,
2269 847 2382 923 viS,
2429 847 2640 924 factio,

1579 933 1858 995 ambitus
1904 940 1968 995 et
2012 933 2324 1014 superbia,

1577 1019 1734 1081 livor
1779 1025 1844 1081 et
1888 1020 2155 1081 avaritia
2183 1030 2210 1057 ὓ

1578 1109 1642 1167 et
1686 1104 1813 1167 fere
1857 1109 1957 1168 tot
2000 1102 2262 1185 flagitia,
2292 1115 2319 1144 ⁸

1578 1196 1736 1272 quot
1782 1191 1960 1254 lucus
2007 1191 2209 1253 nutrit
2255 1191 2528 1253 arbores,

1579 1325 1746 1390 Sunt
1805 1327 1912 1407 qui
1962 1327 2196 1390 victum
2247 1349 2323 1389 ex
2371 1326 2641 1403 foenore,

1579 1418 1727 1475 sunt
1768 1414 1882 1495 qui
1927 1417 2239 1493 quaerant
2283 1435 2360 1476 ex
2395 1413 2645 1476 Venere.

1579 1499 1793 1562 Prisca
1839 1500 2132 1580 voluptas
2179 1499 2382 1578 periit,

1578 1589 1870 1648 amantur
1915 1591 1978 1649 et
2021 1589 2238 1649 amant
2284 1586 2543 1648 nummi.

1580 1671 1812 1734 Aurum
1862 1672 1925 1733 in
1973 1693 2180 1735 cunno
2228 1673 2549 1752 quaeritur

1581 1763 1643 1819 et
1687 1761 1993 1838 quaestus
2039 1757 2113 1820 fit
2159 1756 2396 1838 religio.

1581 1842 1834 1906 Coelum
1882 1851 1946 1906 et
1991 1845 2292 1925 templum
2349 1844 2642 1907 venditur

1581 1951 1693 1993 nec
1739 1934 1831 1992 est
1881 1931 1942 1992 in
1992 1931 2153 1993 clero
2200 1930 2524 1993 sanctitas

1579 2066 1699 2129 Pro
1746 2066 1882 2148 lege
1916 2117 1926 2128 .
1964 2117 1973 2129 .
2013 2078 2080 2128 .⁰
2127 2071 2257 2130 stat
2315 2066 2645 2147 quodlibet

1578 2153 1699 2215 vah
1749 2154 1948 2216 nostri
1994 2153 2170 2216 nefas
2214 2152 2464 2216 saeculi.

1583 2239 1864 2319 Aequum
1913 2240 2176 2302 turbant
2224 2239 2542 2314 causidici,

1579 2325 1856 2406 linguam
1907 2331 1970 2388 et
2031 2326 2244 2388 stilum
2292 2324 2642 2399 venditant,

1580 2411 1792 2475 labore
1837 2412 2060 2475 vivunt
2106 2433 2469 2495 pauperum.

1581 2498 1751 2574 Quos
1797 2499 2038 2561 utinam
2087 2521 2227 2561 cum
2274 2498 2531 2561 medicis

1582 2593 1643 2647 et
1688 2606 1827 2647 cum
1877 2584 2180 2666 sophistis
2224 2584 2494 2665 garrulis

1578 2670 1860 2733 infernus
1908 2671 2093 2735 Pluto
2141 2672 2416 2752 raperet!

1578 2805 1702 2870 Sed
1735 2807 1884 2887 quid
1920 2808 2120 2870 dicam
2155 2808 2230 2870 de
2271 2804 2642 2871 monachis?

1579 2894 1683 2973 qui
1719 2915 1912 2973 quum
1945 2894 2268 2957 mendicos
2309 2915 2375 2955 se
2409 2893 2642 2966 dicant,

1578 2980 1695 3061 ipsi
1746 2978 1900 3041 nihil
1950 3001 2072 3041 non
2121 2979 2466 3059 possident,

1583 3066 1734 3147 quin
1782 3065 2053 3128 affluunt
2098 3066 2336 3128 divitiis
2364 3077 2390 3104 ³

1583 3159 1642 3215 et
1691 3151 1985 3214 mollibus
2031 3151 2368 3229 illecebris;

1583 3261 1646 3299 re
1695 3260 1837 3300 vera
1883 3259 2172 3319 spurcum
2221 3237 2452 3300 animal

1583 3329 1646 3387 et
1691 3328 1786 3386 est
1833 3323 2017 3406 lupus
2063 3324 2390 3407 oppidicus

1583 3410 1701 3473 sub
1747 3410 1893 3490 agni
1945 3430 2173 3473 nocens
2218 3410 2461 3473 vellere.
2501 3416 2512 3425 ”

1581 3546 1877 3610 Sacratas
1924 3548 2038 3611 deo
2088 3548 2362 3629 virgines

1582 3634 1716 3697 adit
1763 3634 1977 3696 buccis
2022 3633 2419 3696 rubentibus

1582 3720 1758 3783 Tunc
1804 3720 2070 3786 dicimus
2116 3741 2232 3783 nos
2279 3718 2547 3783 creduli:

1593 3806 1716 3882 „De
1764 3806 1878 3868 deo
1927 3810 2105 3887 pater
2151 3805 2434 3886 loquitur

1587 3899 1648 3954 et
1693 3914 1922 3973 pravos
1970 3914 2171 3955 mores
2217 3889 2531 3972 corrigit.“

1589 3978 1708 4041 Sed
1757 3978 1908 4058 quid
1957 3979 2137 4060 penis
2180 3978 2597 4058 protuberat?

1593 4064 1795 4127 Arctis
1841 4066 2433 4147 compressiunculis

1588 4151 1911 4231 raptisque
1959 4157 2172 4231 turget
2219 4151 2430 4214 basiis,

1360 4336 1383 4363 c
1416 4318 1489 4370 Es
1524 4316 1674 4371 mus-3
1708 4320 1796 4371 ein
1847 4319 2002 4381 Wort,
2038 4325 2170 4376 etwa
2199 4320 2306 4387 Jam
2345 4320 2466 4371 oder
2499 4336 2652 4379 nune,

552 4461 565 4489 ¹
602 4457 721 4511 Lini
760 4457 1045 4524 volumina,
1084 4457 1482 4525 Kriimmungen
1521 4458 1614 4509 der
1646 4458 1824 4525 Leina⁷
1877 4458 2015 4509 auch
2069 4457 2142 4509 im
2197 4458 2656 4525 vorhergehenden
