3084 4895
1292 394 1501 453 Mutian
1539 416 1608 452 an
1646 391 1754 453 Lan
1761 416 1812 469 g.
1999 464 2006 471 ⁴
2535 394 2660 467 653

412 572 690 637 Martino
762 573 1027 647 infestiS,
1097 571 1406 654 Capnioni
1479 594 1725 636 summo
1785 573 1916 635 viro
1969 572 2302 635 crudeliter
2367 573 2661 636 inimicis,

413 660 557 723 Jam
606 659 759 741 quid
807 659 1008 723 dicam
1061 660 1135 722 de
1184 660 1474 723 inaudita
1518 658 1888 721 dementia?
1975 658 2116 720 Non
2151 660 2327 741 cupit
2373 681 2483 741 par
2529 681 2666 723 esse

417 745 697 821 ErasmO,
750 747 867 808 nisi
916 752 977 809 et
1024 745 1148 808 alia
1211 746 1532 821 accedant,
1612 766 1774 825 quae
1843 745 2090 817 desunt,
2155 751 2226 807 ut
2285 745 2403 807 levi
2473 746 2665 809 bardo

415 833 681 895 videtur.
774 832 937 907 Quid
983 832 1246 895 accedat
1290 831 1569 895 amabo?
1664 832 1774 893 Dic
1831 833 2032 893 sodes,
2128 832 2224 893 An
2283 831 2483 895 latina
2545 832 2665 895 ele-

415 918 685 999 gantia?
732 941 809 981 an
861 916 1239 981 Graecorum
1304 916 1666 981 auxilium‘.>
1760 918 2061 979 Abundat
2132 924 2397 998 utraque
2465 920 2664 999 copia.

416 1004 577 1079 Quid
641 1026 789 1084 ergo
846 1004 1210 1067 desideras?
1312 1004 1478 1067 Num
1553 1003 1907 1066 hebraicam
1978 1004 2413 1067 literaturam?
2523 1004 2662 1068 Non

418 1092 611 1154 deest.
734 1090 1359 1155 Num'Occanicum
1453 1090 1905 1171 Scoticumque
1978 1089 2408 1171 praesidium?
2524 1089 2665 1153 Non

416 1177 843 1240 desideramus
918 1178 1205 1240 contenti
1274 1176 1526 1241 Christo
1597 1180 1662 1238 et
1726 1175 1942 1239 Paulo.
2057 1175 2452 1250 Modestiam,
2527 1176 2668 1239 dili-

415 1263 715 1345 gentiam,
780 1263 1087 1345 judicium
1162 1264 1441 1344 requiris
1537 1262 1771 1344 Apage,
1834 1263 1958 1325 ista
2004 1263 2417 1342 superfluunt.
2511 1262 2663 1339 Quis

418 1349 760 1412 modestior
831 1349 1136 1412 Erasmo‘?
1207 1350 1350 1429 quis
1415 1348 1814 1412 accuratior?
1874 1348 2018 1429 quis
2063 1349 2126 1410 in
2178 1350 2557 1431 Hieronymo
2605 1354 2668 1412 et

418 1443 697 1499 veterum
761 1435 1197 1515 theologorum
1246 1436 1499 1518 Scriptis
1545 1437 1806 1516 aequior
1850 1434 2128 1497 arbiter?
2216 1434 2393 1510 Quod
2456 1441 2666 1498 autem

422 1521 832 1602 versipellem,
903 1522 1069 1601 quod
1140 1523 1482 1601 ingratum,
1559 1523 1729 1601 quod
1805 1521 2256 1583 haereticorum
2329 1526 2662 1603 patronum

420 1608 717 1690 appellaS,
765 1608 965 1669 dabiS.
1024 1608 1327 1688 improbe.
1398 1629 1633 1689 poenas
1701 1608 2012 1670 mendacii
2079 1608 2192 1669 tui.
2287 1606 2419 1687 Ego
2491 1615 2666 1670 tran-

421 1693 660 1775 quillus
704 1699 770 1756 et
814 1694 1301 1774 tranquillitatis
1360 1694 1690 1757 institutor
1747 1701 1811 1757 et.
1866 1693 2099 1756 Beatae
2157 1691 2666 1785 Tranquillitatis

419 1784 764 1879 perpetuus
838 1785 1053 1844 custos
1119 1800 1245 1842 non
1318 1779 1377 1841 id
1446 1780 1660 1842 ieram.
1776 1779 2122 1860 Castigabo
2195 1784 2259 1841 te
2330 1780 2665 1842 caudatam

417 1867 687 1942 Simiam,
736 1870 808 1929 ut
854 1872 1198 1948 cognoscat
1260 1866 1433 1929 orbis
1498 1866 1882 1951 christianus
1941 1872 2003 1928 te
2068 1865 2222 1927 niliil
2287 1866 2458 1929 aliud
2535 1887 2669 1928 esse

418 1974 605 2033 quam
654 1952 851 2015 levem
901 1952 1186 2015 bardum.
1280 1951 1451 2015 Satis
1498 1958 1752 2014 constat
1796 1974 2095 2031 magnum
2156 1951 2480 2014 Erasmum
2541 1973 2665 2014 non

420 2038 691 2111 foedata,
738 2043 811 2101 ut
854 2047 924 2101 tu
972 2039 1085 2112 aiS,
1136 2039 1215 2100 ab
1264 2038 1598 2100 haereticis
1656 2039 2040 2119 exemplaria
2099 2058 2497 2118 propagasse,
2561 2039 2666 2101 Sed

419 2125 674 2187 foedata
748 2146 1070 2205 purgasse,
1148 2146 1287 2186 cum
1365 2125 1582 2189 latinis
1657 2126 2123 2206 exemplaribus
2188 2146 2416 2205 graeca
2481 2125 2665 2187 Simul

419 2210 775 2293 protulisse,
854 2219 924 2273 ut
997 2211 1261 2273 liberum
1340 2217 1510 2273 esset
1583 2212 1802 2275 lectori
1873 2211 2180 2293 judicium
2259 2211 2334 2273 de
2401 2214 2669 2293 utraque

420 2298 711 2359 lectione.
804 2296 967 2372 Quid
1031 2318 1263 2359 novum
1312 2304 1424 2359 aut
1471 2298 1714 2367 mirum,
1763 2299 1814 2361 Si
1864 2299 2106 2360 intacta
2161 2297 2473 2376 quaedam
2529 2297 2672 2359 reli-

422 2384 579 2466 quit,
635 2399 809 2465 'quae
880 2384 1029 2446 boni
1106 2384 1219 2445 viri
1296 2384 1453 2445 citra
1529 2383 1822 2466 injuriam
1899 2383 2143 2446 Erasmi
2211 2384 2667 2459 examinarent,

422 2471 828 2533 restituerent
874 2471 1043 2534 illius
1090 2471 1421 2552 exemplo?
1494 2471 1713 2552 Neque
1746 2473 1908 2534 enim
1945 2471 2300 2553 posteritati
2336 2476 2401 2533 et
2432 2471 2615 2533 nobis
2643 2482 2670 2509 ⁸

424 2578 679 2638 syncel-e
758 2556 1117 2637 legentibus
1185 2556 1491 2655 judicium
1587 2558 1948 2638 praeripuit.
2071 2556 2212 2621 Tibi
2304 2557 2668 2638 praeripuit,

428 2643 536 2725 qni
583 2663 841 2741 syncere
890 2642 1041 2706 nihil
1092 2647 1409 2726 proponis
1516 2648 1610 2706 An
1656 2645 1773 2707 tibi
1815 2644 2044 2706 debeat
2088 2645 2179 2706 vir
2220 2643 2670 2706 doctissimus?

425 2730 776 2808 Nusquam,
824 2730 1058 2811 inquiS,
1106 2737 1407 2792 sexcenta
1456 2730 1591 2793 loca
1634 2754 1672 2793 a
1721 2753 1813 2792 me
1848 2731 2240 2813 reprehensa.
2316 2729 2450 2791 Hoc
2480 2728 2670 2810 fingis

424 2821 498 2879 ut
543 2821 769 2877 cetera.
861 2815 913 2878 O
962 2816 1299 2878 caudatum
1368 2817 1645 2878 asinum!
1737 2816 1952 2880 Nescit
2019 2820 2319 2879 sexcenta
2381 2822 2444 2878 et
2497 2815 2714 2877 mille·

422 2923 608 2964 voces
676 2922 812 2962 esse
878 2901 1225 2983 peculiares
1292 2902 1558 2965 eruditis
1625 2923 1735 2984 pro
1805 2904 2044 2965 incerto
2094 2923 2368 2965 numerO.
2461 2900 2670 2964 Simili

423 2986 577 3050 dicit
631 2987 917 3049 inscitia:
982 2987 1425 3066 „exherba1·e“,
1495 2987 1813 3068 „dietim“,
1882 2987 2322 3068 „chartatim“,
2385 2988 2485 3068 „in
2533 3009 2672 3050 cra-

422 3073 697 3137 stinum“
762 3095 871 3153 pro
932 3073 1335 3154 „postridie‘fi
1427 3074 1451 3135 I
1499 3096 1688 3147 nunc,
1736 3075 1797 3136 in
1848 3095 2032 3157 opere
2089 3075 2294 3136 alieno
2351 3074 2668 3137 curiosum

423 3182 539 3241 age
586 3161 984 3234 monitorem,
1032 3164 1335 3240 tanquam
1398 3160 1515 3222 hoc
1572 3161 1861 3222 debueris
1920 3161 2056 3222 orbi
2114 3161 2479 3223 christiano.
2574 3160 2671 3222 Ad

425 3248 563 3309 loca
612 3251 829 3308 notata
894 3247 1352 3327 responderem,
1403 3248 1524 3309 nisi
1570 3251 1920 3328 praestaret
1984 3246 2201 3309 audire
2269 3254 2449 3308 tuum
2497 3240 2672 3308 Her-

428 3333 648 3407 culem,
698 3333 805 3413 qui
847 3331 1039 3413 jussit
1086 3339 1154 3395 ut
1194 3332 1504 3414 judicium
1554 3333 2100 3413 suspenderemus,
2149 3333 2294 3395 dum
2352 3333 2486 3412 ipse
2541 3333 2672 3395 Suis

428 3419 618 3481 armis
677 3419 941 3481 indutus
1004 3419 1297 3500 prodiret.
1390 3419 1632 3493 Veniet,
1691 3420 1920 3496 veniet,
1975 3418 2216 3500 jacebis
2262 3423 2326 3481 et
2373 3438 2671 3497 magnum

426 3528 561 3568 esse
636 3507 872 3568 Senties
936 3509 1047 3567 tuo
1118 3527 1347 3586 magno
1419 3505 1602 3567 malo.
1696 3504 1872 3567 Tunc
1940 3511 2011 3567 tu
2079 3506 2284 3567 omnis
2350 3504 2542 3567 officii
2612 3507 2676 3567 et

426 3593 845 3654 humanitatis
892 3613 1116 3694 expers
1162 3613 1297 3654 sero
1345 3593 1568 3664 disceS,
1616 3613 1801 3671 quam
1840 3593 2090 3654 salubre
2123 3593 2206 3653 sit
2239 3597 2670 3688 praeceptum:

422 3675 515 3758 τῷ
560 3672 815 3756 μείζονι
862 3666 1007 3739 εἶκε.
1108 3679 1289 3750 Haec,
1340 3679 1421 3740 mi
1471 3685 1666 3757 pater,
1715 3679 1902 3760 paulo
1948 3677 2298 3750 ardentiuS,
2346 3678 2452 3739 Sed
2488 3677 2672 3739 venia

426 3765 676 3844 dignuS,
746 3765 912 3844 quod
986 3763 1229 3826 Erasmi
1309 3765 1505 3826 nostri
1584 3766 1876 3827 laudibus
1951 3764 2123 3827 nullo
2201 3769 2384 3845 pacto
2460 3762 2675 3824 deesse

428 3872 705 3930 possum,
754 3850 988 3930 alioqui
1038 3851 1229 3918 mitis,
1278 3853 1530 3924 tacituS,
1579 3853 1849 3930 quietus,
1945 3849 2062 3925 Qui
2097 3849 2423 3912 Erasmum
2459 3847 2675 3924 laedit,

434 3958 529 3996 me
576 3937 786 3998 laedit..
882 3937 1155 3998 Remitte
1202 3937 1418 3998 literas
1452 3937 1657 3998 Beati'
1712 3946 1771 3998 et
1819 3933 2071 3998 Zassii.²
2156 3937 2381 3998 Eorum
2423 3934 2676 4015 ingenio

564 4135 589 4162 ⁸
618 4123 793 4175 verbis
829 4123 1052 4176 Krause.

428 4210 571 4263 selbo
630 4207 699 4257 W
704 4212 915 4292 ortspiel
952 4212 1021 4263 im
1062 4213 1147 4264 Br.
1187 4211 1279 4263 des
1315 4209 1602 4262 Rhenanus
1639 4226 1703 4262 an
1741 4208 1949 4276 Spiegel
2002 4225 2124 4260 xom
2167 4209 2240 4261 14.
2278 4207 2402 4259 Juni
2459 4207 2591 4260 1520
2626 4206 2682 4257 in

428 4279 555 4346 Epp
587 4276 783 4344 aliquot
813 4284 903 4334 vir.
934 4284 1065 4336 doct.
1092 4281 1209 4334 Bas
1244 4281 1386 4333 1590.
1426 4279 1479 4330 X
1517 4280 1548 4330 ‘2
1573 4280 1630 4331 b:
1668 4279 1906 4331 »tssonstat
1944 4293 2063 4329 eum
2103 4276 2324 4329 lovanii
2361 4278 2680 4328 conductum

431 4346 812 4473 quiggtllsdam
854 4350 1230 4418 ῐηειῐειοοίομίω
1342 4353 1353 4380 ¹
1394 4348 1508 4415 'iffgl
1532 4349 1581 4401 S
1606 4351 1701 4400 0¹51
1727 4353 1785 4400 A.
1810 4351 1855 4400 3.
1968 4347 2126 4398 Der
2161 4363 2210 4398 x.
2255 4347 2330 4398 13.
2367 4345 2490 4398 Dez.
2533 4345 2681 4398 1519.
