3084 4895
842 445 1053 507 Mutian
1089 467 1157 505 an
1195 444 1470 506 Schalbus.
1541 445 1749 504 Mutian
1784 466 1851 504 an
1888 444 2088 506 Urban.
2459 447 2584 516 401

346 624 600 690 nostri.¹
690 624 789 688 Ita
834 627 911 688 ut
952 623 1209 700 faceret,
1256 622 1574 688 mandavi.
1664 622 2050 687 Pollicebare
2094 624 2251 702 tum,
2284 645 2444 707 quae
2475 626 2587 688 tua

349 716 449 775 est
490 711 786 784 facilitas
848 731 975 774 non
1023 710 1305 774 venalem
1354 710 1485 772 sive
1529 710 1977 772 mercenariam
2037 730 2312 792 operam,
2369 712 2589 774 contra

349 819 532 862 usum
581 801 645 860 et
688 817 924 860 morem
969 796 1437 872 advocatorum,
1484 796 1593 876 qui
1640 795 1940 858 formulas
1997 816 2230 878 magno
2287 797 2586 873 vendunt,

345 883 506 947 nihil
573 884 773 964 gratis
816 886 931 946 aut
971 881 1315 945 liberaliter
1378 881 1717 944 clientibus
1785 881 2237 963 impertientes,
2301 882 2409 945 sed
2475 902 2585 963 pro

346 975 462 1033 tua
515 968 991 1045 consuetudine,
1050 968 1229 1050 quasi
1290 966 1445 1029 mihi
1500 966 1764 1046 debeas3
1824 965 1977 1030 facit
2022 975 2231 1032 autem
2281 967 2432 1031 haec
2475 974 2588 1031 tua
2638 1038 2643 1043 ⁸

352 1055 701 1119 dexteritas
747 1057 810 1117 et
854 1052 1246 1134 obsequendi
1285 1052 1587 1130 studium,
1621 1056 1693 1116 ut
1725 1072 1848 1115 non
1885 1053 2168 1117 dubitem
2202 1053 2372 1118 aliud
2404 1075 2590 1137 super

349 1139 522 1205 aliud
568 1140 690 1203 tibi
736 1139 1081 1221 injungere.
1161 1137 1372 1202 Severi
1420 1139 1776 1202 sacerdotes
1809 1143 2168 1203 statuerant
2196 1141 2588 1222 precationes

345 1227 491 1290 illas
535 1249 682 1290 suas
734 1225 1064 1306 invulgare
1118 1225 1353 1288 tradito
1414 1223 1890 1306 chalcographis
1943 1223 2332 1306 archetypo.²
2421 1224 2587 1290 Con-

348 1312 615 1376 veniunt
684 1311 827 1376 illae
892 1311 1145 1392 quidem
1216 1331 1394 1373 sacro
1461 1308 1653 1374 choro
1731 1311 1930 1374 nostri
2004 1310 2248 1393 hujus⁸
2322 1312 2585 1394 collegii.

342 1397 569 1480 Itaque
622 1398 813 1460 visita
874 1395 1316 1478 bibliopolium
1378 1393 1778 1478 Canapense⁸
1834 1401 1898 1460 et
1941 1402 2237 1470 scrutare,
2296 1419 2445 1461 num
2505 1398 2590 1462 sit

343 1485 523 1565 operi
564 1484 670 1566 pio
718 1485 1000 1546 extrema
1030 1503 1255 1546 manus
1284 1482 1603 1564 imposita.
1682 1481 1962 1546 Pretium
2009 1483 2237 1561 indica,
2268 1486 2342 1546 ut
2373 1483 2586 1561 sciam,

342 1570 572 1654 quanti
634 1571 719 1633 sit
790 1588 1017 1631 novum
1091 1567 1486 1631 breviarium.
1581 1567 1734 1631 Utar
1794 1573 1906 1631 tua
1968 1567 2092 1632 fide
2151 1569 2214 1631 in
2273 1571 2590 1652 emptione

344 1655 658 1732 facienda,
707 1677 785 1718 ne
816 1653 1075 1718 Urbano
1108 1657 1344 1731 nostro,
1376 1654 1511 1717 viro
1544 1653 1766 1736 politO,
1799 1655 2123 1736 negotium
2157 1654 2586 1732 exhibeamuS‚

346 1741 717 1825 praesertim
767 1739 1157 1823 amplissima
1213 1738 1501 1803 coenobii
1557 1741 1999 1820 procuratione
2051 1745 2378 1823 occupato
2467 1740 2587 1805 De-

344 1828 499 1892 disti
542 1827 673 1909 jam
718 1826 867 1890 olim
911 1825 1358 1889 Institutiones
1418 1826 1724 1890 oratorias
1791 1825 2140 1889 doctissimi
2206 1826 2589 1891 Batavorum

344 1911 640 1976 Erasmi.‘
750 1911 1127 1976 Gratissimo
1192 1910 1435 1991 gratius
1505 1915 1604 1976 est
1671 1912 1791 1975 hoc
1863 1912 2017 1975 mihi
2081 1933 2312 1976 munus
2385 1917 2586 1978 tuum.

346 1999 573 2062 Verum
638 2021 717 2061 ne
773 1997 893 2062 tibi
942 1998 1106 2062 desit
1172 1997 1423 2060 dicendi
1492 1997 1819 2080 suppellex
1886 2002 1951 2061 e't
2018 1999 2325 2062 orationis
2392 2000 2588 2082 copia,

348 2086 535 2148 mitto
584 2105 875 2147 nummos
923 2088 1275 2165 argenteOS,
1322 2082 1554 2164 quibus
1600 2105 1760 2165 opus
1805 2083 1969 2148 tanti
2017 2084 2292 2149 doctoris
2323 2093 2588 2148 coemas.

352 2171 520 2253 Lege
594 2175 658 2234 et
730 2169 938 2252 relege
1011 2173 1075 2232 et
1147 2169 1310 2245 habe
1384 2170 1446 2231 in
1523 2168 1766 2233 deliciis
1838 2170 2170 2234 verborum
2246 2174 2311 2235 et
2381 2192 2587 2234 rerum

350 2257 689 2404 schema'gr.
802 2255 924 2319 Par
989 2259 1083 2318 est
1152 2256 1478 2378 enimsssut
1546 2257 1834 2319 meritum
1903 2257 2126 2319 merito
2194 2257 2589 2340 dispungam.

354 2343 522 2406 Vale.
669 2345 845 2404 atum
880 2391 1290 2404 .........
2031 2345 2038 2352 “

655 2442 777 2497 Ood.
812 2441 946 2496 Frcf.
986 2442 1101 2495 143.

347 2648 533 2705 Gotha.
1390 2631 1534 2697 330.
2213 2647 2381 2717 (Febr.
2420 2648 2592 2719 1514.)

1097 2757 1385 2829 Mutian
1428 2778 1527 2829 an
1571 2758 1848 2829 Urban.

351 2891 375 2955 (
386 2886 557 2941 Urteil
587 2887 715 2939 iiber
747 2886 832 2941 die
866 2885 1089 2940 Pari-ser
1122 2887 1367 2955 Ausyabe
1411 2888 1499 2940 des
1556 2887 1756 2955 Comus
1789 2886 1956 2957 juris
2025 2886 2191 2955 Klaqe
2240 2886 2366 2940 iiber
2419 2888 2594 2941 Schilo

349 2956 467 3008 und
496 2955 757 3009 -Dv'etmar.
832 2956 1086 3009 Schalbus
1121 2957 1210 3009 ein
1252 2956 1451 3022 Geqner
1472 2956 1775 3009 Rammius.
1833 2954 2022 3016 Janus,
2046 2956 2178 3008 noch
2200 2955 2348 3008 nicht
2368 2957 2593 3009 zantok-

346 3024 568 3093 9elaehrt,
604 3024 705 3077 soll
734 3041 809 3078 κα
850 3024 1035 3079 Oetam
1069 3028 1133 3077 in
1178 3025 1387 3078 Urbans
1421 3025 1635 3077 Dim-ste
1670 3030 1844 3078 treten.
1915 3024 2175 3077 Βηθανία
2206 3024 2306 3077 dm
2337 3024 2594 3079 Kontrakae

351 3093 481 3147 iiber
500 3094 601 3146 den
631 3093 914 3161 Warthan),
932 3094 1112 3147 des-sen
1126 3093 1334 3161 Kiiufer
1348 3094 1590 3147 kommen
1606 3094 1756 3147 wird.
1793 3093 2084 3147 Musardus
2105 3093 2253 3146 nicht
2273 3110 2347 3146 κα
2368 3096 2593 3161 tram)

471 3209 1011 3260 Praestantissimo
1046 3210 1214 3270 patri
1247 3209 1329 3259 Η.
1366 3210 1644 3269 Urbano,
1688 3210 1919 3261 Christi
1953 3210 2018 3259 et
2050 3209 2478 3269 philosophiae

971 3295 1278 3346 sacerdoti
1313 3297 1544 3356 optimo
1580 3291 1691 3363 (M.
1726 3291 1969 3361 Rufus).

562 3401 627 3469 S.
718 3402 857 3468 Etsi
900 3405 1276 3489 pigerrimus
1319 3406 1383 3470 in
1431 3406 1788 3472 scribundis
1834 3405 2137 3488 epistolis,
2185 3404 2397 3469 videor
2427 3405 2592 3469 enim

270 3506 275 3509 “
353 3489 511 3555 1111111
581 3490 1001 3573 obtorpuisse,
1062 3496 1338 3557 meretur
1400 3496 1614 3557 tamen
1682 3490 2051 3556 Triboniani
2120 3490 2238 3554 hoc
2299 3511 2480 3573 opuS‚
2522 3496 2596 3556 ut

492 3656 520 3687 a
544 3642 706 3714 hujus
740 3660 835 3697 am
866 3644 1066 3699 Raude.
1206 3650 1235 3689 ι»
1261 3646 1436 3701 Lucae
1472 3634 1703 3715 priscia‘a
1741 3662 1802 3701 ae
1838 3646 2158 3708 undantem,
2193 3645 2304 3714 fast
2336 3645 2434 3699 wie
2467 3662 2513 3701 a.

354 3728 407 3783 S.
443 3728 513 3783 83
550 3731 613 3783 A.
653 3733 697 3781 1.
752 3728 1041 3785 Vielliecht
1076 3732 1213 3785 auch
1247 3756 1314 3773 ==
1349 3732 1458 3787 Tilo
1493 3732 1545 3787 S.
1577 3733 1678 3787 320
1712 3734 1772 3788 A.
1811 3732 1859 3799 2,
1895 3733 1963 3785 da
1989 3733 2138 3800 jener
2157 3733 2302 3785 sonst
2331 3732 2595 3787 Tiloninus

356 3796 539 3851 heisst.
682 3802 699 3830 ²
735 3797 986 3852 Erschien
1021 3800 1217 3853 Herbst
1253 3802 1405 3855 1513.
1474 3800 1678 3855 Mutian
1715 3797 1904 3855 erhielt
1935 3801 2027 3853 ihu
2063 3802 2198 3854 nach
2233 3800 2318 3855 Br.
2355 3800 2456 3855 368
2490 3805 2596 3855 erst

354 3866 483 3920 Juni
538 3868 689 3920 1514.
832 3870 853 3901 ¹
886 3868 1040 3921 Nach
1092 3869 1291 3921 diesem
1343 3870 1529 3923 Brevis
1583 3870 1764 3924 Severi
1815 3871 1950 3938 fragt
1983 3868 2054 3922 M.
2092 3869 2227 3922 auch
2265 3870 2320 3921 in
2353 3869 2440 3924 Br.
2478 3870 2592 3925 228.

359 3937 381 3968 ⁸
413 3935 703 3989 Druckerei
754 3952 857 3989 von
891 3938 1008 3991 Joh.
1046 3937 1233 4005 Knapp
1268 3940 1323 3991 in
1356 3938 1549 3994 Erfurt.
1689 3940 1708 3971 ⁴
1743 3938 1821 3991 De
1873 3938 2071 3991 ratione
2125 3938 2287 3991 studii
2338 3942 2392 3991 et
2441 3939 2589 3992 insti·

356 4004 555 4058 tuenda
604 4005 829 4073 pueritia
881 4007 1242 4059 commentarii
1276 4008 1392 4063 duc.
1462 4008 1593 4061 Lov,
1633 4007 1779 4061 1512.
1849 4006 1908 4061 In
1957 4007 2043 4059 ΒΓ.
2081 4008 2179 4061 317
2216 4023 2336 4060 vom
2375 4008 2421 4061 2.
2458 4007 2592 4063 Nov.

360 4073 494 4127 1513
532 4072 609 4126 als
656 4074 942 4127 »kiirzlich«
994 4075 1349 4129 iiberreichtes
1405 4076 1679 4129 Geschenk
1730 4076 2048 4129 bezeichnet.
2191 4078 2212 4107 ⁵
2243 4076 2393 4128 Kann
2449 4078 2596 4130 nicht

356 4142 459 4195 wie
494 4142 587 4195 der
620 4143 969 4197 Abschreiber
1002 4144 1209 4212 gelesen
1246 4162 1313 4198 zu
1347 4146 1514 4199 haben
1554 4146 1780 4213 scheint,
1818 4146 1994 4197 Lukas
2031 4143 2109 4198 18.
2147 4145 2261 4199 okt.
2299 4147 2427 4212 sein,
2475 4147 2595 4199 weil

356 4210 563 4263 Mutian
620 4212 720 4264 den
754 4211 829 4263 im
866 4213 981 4265 Anf.
1020 4213 1111 4265 des
1145 4212 1218 4266 Br
1284 4216 1656 4281 gewiinschten
1711 4214 2078 4267 Constantinus
2130 4214 2291 4266 sehon
2342 4214 2418 4266 im
2469 4214 2501 4266 J
2505 4216 2593 4267 uni

358 4278 567 4346 erhielt‚
616 4282 750 4333 911911
788 4282 881 4333 (199
918 4282 1191 4335 Geschenk
1225 4283 1317 4336 des
1352 4283 1609 4337 Schalbus
1645 4283 1770 4335 kurz
1805 4298 1900 4335 vor
1933 4282 1979 4334 2.
2017 4282 2150 4335 Nov.
2197 4283 2425 4351 gegeben
2471 4300 2592 4336 war.

358 4348 647 4402 Vielleicht
698 4350 870 4402 steckt
921 4350 1015 4403 das
1070 4350 1272 4419 gleiche
1335 4352 1530 4405 Datum
1584 4352 1638 4403 in
1690 4352 1782 4404 der
1844 4350 2176 4403 ratselhaften
2247 4352 2596 4405 Unterschrift

358 4417 507 4469 eines
524 4416 610 4470 Br.
632 4418 724 4471 des
741 4419 878 4472 Just.
906 4418 1112 4471 Meuius
1136 4436 1204 4472 an
1228 4419 1444 4489 Langia
1466 4420 1588 4475 Cod.
1610 4419 1760 4473 Goth.
1798 4422 1844 4472 A
1880 4420 1978 4472 399
2014 4419 2055 4471 F
2089 4419 2190 4473 220
2211 4420 2268 4473 b:
2305 4444 2326 4467 ι)
2361 4421 2592 4490 1·11·919(Ῥ)

358 4502 434 4538 ex
469 4485 689 4539 aedibus
736 4486 919 4542 Croti«
986 4487 1216 4556 Moglich
1252 4490 1335 4559 ist,
1382 4490 1503 4543 dass
1539 4491 1632 4542 der
1665 4488 2013 4542 Abschreiber
2063 4492 2272 4543 sanctae
2324 4438 2594 4543 {fiscinae

416 4574 684 4617 zeitschrift
710 4576 765 4616 N.
792 4576 844 4615 r.
871 4574 1026 4624 suppl.
1052 4576 1134 4615 1x.
2107 4558 2190 4622 26
