3084 4895
461 380 592 453 520
1326 383 1502 437 Briefe
1537 382 1631 436 des
1666 383 1715 438 J.
1756 384 1905 438 1515.

461 544 956 641 καθημερόσιοι
1024 576 1129 617 και
1208 543 1705 638 ῥυποκόνδυλοι,
1734 554 1796 595 ⁸¹
1866 557 2285 620 immoderata
2354 557 2752 638 parsimonia

462 647 738 716 utenteS,
788 643 898 705 sed
945 642 1086 706 sine
1132 640 1390 722 pietate,
1437 641 1576 703 sine
1632 640 1944 717 doctrina,
2009 646 2085 705 ut
2143 642 2352 705 inanis
2414 646 2479 705 et
2540 642 2751 705 stulta

462 694 754 791 videatui·
801 728 1214 791 abstinentia.
1307 726 1462 801 Quis
1507 727 1675 789 enim
1726 727 1942 791 credat
2000 728 2249 809 placere
2294 727 2411 790 deo
2458 727 2745 790 inediam

465 812 827 891 bardorum,
877 814 1002 877 nisi
1051 832 1231 875 mens
1276 834 1314 874 a
1357 812 1532 874 vitiis
1560 810 1853 893 jejunet?
1942 813 2125 876 Hoc
2110 834 2173 874 1n
2210 812 2497 875 Decretis
2544 834 2745 876 cano-

463 900 530 962 ni
568 899 624 961 is
671 920 814 962 vere
860 918 1163 979 magnum
1222 894 1532 978 jejunium
1599 898 2001 977 Augustinus
2062 898 2357 980 appellat.
2451 897 2579 961 Sed
2641 899 2744 961 in·-

463 1004 534 1047 su
567 1004 670 1047 sos
739 989 804 1046 et
871 984 1170 1047 vecordes
1248 983 1667 1063 stupidosque
1742 983 2197 1063 relinquamuS,
2272 984 2384 1066 qui
2452 988 2608 1047 sunt
2676 983 2741 1045 in

468 1068 693 1132 alienis
740 1070 965 1132 erratis
997 1068 1220 1151 lyncei,
1262 1068 1324 1130 in
1361 1068 1633 1149 propriis
1668 1067 1841 1151 lippi.
1918 1069 2217 1133 Habeant
2246 1090 2397 1133 suas
2432 1073 2742 1149 quaestu-

466 1154 636 1217 arias
682 1154 945 1217 naenias
992 1160 1057 1216 et
1099 1152 1380 1216 trivialia
1441 1159 1831 1233 nugamenta
1898 1156 2113 1218 nescio
2180 1154 2451 1227 risuneb
2520 1154 2744 1237 explo-

465 1238 672 1302 denda
740 1261 821 1302 an
889 1238 1354 1302 dissimulanda
1417 1237 1695 1300 silentio,
1801 1238 1946 1314 Vos,
2019 1240 2139 1302 viri
2205 1242 2639 1320 praestantes,
2678 1242 2745 1301 et

470 1324 722 1401 eruditi,
791 1324 1176 1388 Ovidianum
1251 1323 1409 1386 illud
1485 1322 1677 1385 dicite
1752 1324 1814 1386 in
1892 1325 2161 1405 prandia
2236 1325 2739 1387 cucullatorum·

471 1409 822 1490 „Hostibus
883 1410 1184 1472 eveniant
1229 1408 1520 1473 convivia
1568 1408 1725 1470 talia
1772 1407 2078 1472 nostris“'
2126 1414 2191 1472 et
2232 1410 2389 1473 illud
2452 1410 2739 1472 Horatii:

471 1492 698 1575 „Nulla
745 1495 990 1576 placere
1044 1493 1154 1557 diu
1201 1514 1406 1575 neque
1451 1494 1663 1556 vivere
1711 1496 1991 1557 carmina
2039 1499 2327 1577 possunt,
2375 1494 2552 1570 Quae
2584 1496 2742 1557 scri-

465 1579 706 1643 buntur
771 1601 974 1661 aquae
1045 1579 1395 1660 potoribus
1409 1576 1472 1610 “³
1591 1578 1777 1641 Item.
1862 1579 2093 1661 „Satur
2168 1586 2283 1657 est,
2360 1602 2503 1643 cum
2580 1580 2745 1643 dicit

465 1665 798 1728 Horatius:
867 1662 1087 1728 ohe.“⁴
1189 1665 1414 1745 Itaque
1485 1664 1763 1727 medium
1832 1686 2106 1746 unguem
2174 1631 2495 1730 ostendite
2561 1666 2745 1746 legu-

468 1750 750 1813 minibus
781 1754 846 1813 et
881 1749 1114 1830 „istos“
1127 1800 1140 1825 ,
1185 1755 1257 1813 ut
1290 1750 1552 1831 inquit
1534 1772 1601 1812 m
1636 1748 2025 1814 Truculento
2070 1752 2358 1828 PlautuS,
2411 1752 2559 1833 „qui
2594 1772 2741 1814 cum

465 1835 670 1916 geniis
701 1837 834 1899 suis
875 1800 1272 1916 belligerant,
1305 1829 1773 1917 parcipromos“
1812 1835 1881 1876 ⁰⁸
1928 1836 2205 1918 relegate
2249 1837 2314 1900 in
2363 1837 2567 1900 molas
2610 1836 2743 1900 ole-

464 1922 648 1985 arias.
744 1922 966 1984 Verum
1015 1921 1166 2002 quid
1215 1921 1386 2002 ago?
1477 1920 1863 1985 Censoribus
1910 1922 2066 1985 meis
2112 1922 2349 1985 frustra
2395 1921 2740 2004 praecipio,

465 2005 590 2070 Sed
663 2006 856 2071 libuit
913 2006 1136 2087 jocari,
1205 2011 1277 2069 ut
1345 2006 1508 2069 festo
1587 2005 2006 2071 Calendarum
2076 2006 2446 2071 Martiarum
2520 2008 2742 2090 aliqua

465 2092 689 2155 saltem
738 2112 816 2154 ex
861 2096 1042 2173 parte
1089 2096 1161 2155 ut
1206 2090 1610 2172 antiquarius
1672 2093 1753 2156 ad
1816 2099 1879 2155 te
1920 2093 2388 2175 peritissimum
2450 2094 2741 2175 antiqui-

467 2177 624 2241 tatis
671 2177 955 2241 scribens
1001 2176 1450 2241 satisfacerem.
1540 2177 1704 2241 Illud
1752 2182 1962 2241 autem
2010 2178 2076 2241 in
2124 2179 2250 2242 fine
2296 2179 2459 2243 serio
2506 2179 2741 2257 dicam,

471 2251 599 2347 „mi
659 2264 890 2348 φορεῒν
949 2251 1172 2325 στενόν
1237 2251 1634 2325 δακτύλιον.“
1732 2263 2103 2345 Symbolum
2152 2269 2248 2328 est
2312 2263 2738 2347 Pythagorae.

467 2350 727 2412 Arctum
777 2349 1036 2411 anulum
1088 2370 1165 2411 ne
1210 2352 1536 2446 gestato
1576 2348 1913 2430 Significat
1976 2348 2095 2412 hoc
2151 2351 2443 2432 aenigma
2512 2351 2741 2431 (inter-

467 2440 646 2517 prete
691 2432 1134 2516 Hieronymo):
1185 2457 1262 2498 ne
1309 2434 1547 2498 vixeris
1608 2432 1851 2498 anxie.⁶
1938 2435 2181 2518 Neque,
2227 2437 2388 2500 liber
2432 2457 2574 2499 cum
2624 2436 2734 2514 316,

466 2522 530 2582 in
592 2521 964 2585 servitutem
1026 2524 1090 2583 te
1149 2520 1352 2601 redigi
1421 2520 1703 2600 patiaris,
1796 2521 2021 2600 Quare,
2091 2523 2177 2584 mi
2240 2522 2595 2599 Valentine,
2660 2525 2736 2584 tu

469 2610 584 2670 tuo
633 2607 832 2670 vivito
878 2627 1066 2670 more.
1168 2604 1451 2686 „Sanus“
1506 2606 1675 2668 enim
1728 2605 2019 2687 „hom0“,
2066 2613 2140 2670 ut
2170 2608 2369 2671 tradit
2401 2605 2738 2670 Cornelius

469 2688 740 2769 Celsu8,'¹
813 2693 963 2774 „qui
1023 2695 1086 2755 et
1148 2691 1306 2754 bene
1367 2691 1538 2754 valet
1597 2695 1663 2754 et
1722 2713 1873 2754 suae
1918 2695 2169 2774 spontis
2216 2699 2335 2768 est,
2384 2692 2577 2756 nullis
2624 2693 2739 2756 ob-

466 2777 667 2859 ligare
713 2799 779 2841 se
825 2777 1075 2858 legibus
1121 2777 1368 2840 debet.“
1465 2775 1569 2840 Sit
1612 2777 1733 2840 tibi
1780 2782 2001 2841 venter
2046 2800 2159 2860 pro
2205 2779 2455 2856 salario,
2502 2781 2578 2842 ut
2622 2778 2737 2842 ad-

469 2867 691 2926 monet
733 2863 799 2926 in
849 2863 1321 2927 commentariis
1367 2868 1740 2944 praeceptor
1783 2868 1936 2928 tuus
1983 2863 2319 2947 Philippus
2363 2863 2735 2942 Beroaldus,

471 2951 534 3010 et
579 2953 734 3012 tunc
781 2969 1062 3012 comesse
1107 2948 1430 3026 debemUS,
1477 2948 1735 3029 quando
1777 2949 2105 3013 esurimus,
2200 2950 2370 3014 Haec
2400 2954 2474 3014 ut
2502 2950 2734 3031 raptim

475 3034 834 3112 scriberem,
912 3034 1356 3097 benevolentia
1435 3033 1649 3115 jussit.
1769 3033 1969 3098 Malui
2042 3035 2097 3098 si
2170 3035 2425 3116 quidem
2516 3035 2736 3117 inepta

468 3120 763 3196 scribere,
833 3140 1022 3199 quam
1094 3119 1353 3182 omnino
1423 3118 1581 3181 nihil
1658 3121 1949 3198 scribere,
2026 3120 2226 3184 fretus
2300 3121 2603 3184 comitate
2671 3125 2737 3183 et

470 3205 741 3268 candore
786 3205 881 3268 tui
931 3205 1188 3285 ingenii.
1281 3203 1454 3267 Bene
1501 3204 1657 3267 vale.

775 3305 898 3358 Ood.
937 3303 1070 3357 Frcf.
1109 3305 1227 3358 447.

468 3491 698 3560 (Gotha.)
1521 3475 1666 3537 457.
2305 3493 2351 3545 6.
2390 3491 2541 3544 Marc.
2584 3493 2729 3545 1515.

1221 3602 1508 3672 Mutian
1554 3623 1649 3672 an
1701 3602 1993 3672 JanuS.⁸
2684 3672 2689 3676 ,

469 3729 564 3796 (M.
601 3730 716 3782 will
747 3730 864 3782 dem
897 3731 1037 3784 nach
1083 3730 1398 3798 Wittenbery
1420 3730 1803 3805 iiberyehenden
1838 3729 2065 3783 Urbicus
2087 3729 2243 3782 einen
2264 3728 2427 3796 Brv'ef
2438 3728 2731 3797 mityeben.)

605 3980 821 4032 ακρυπο
824 3986 880 4016 ον
854 3964 916 4015 νδ
919 3969 1024 4016 οοῖλ
1179 3971 1206 4008 b
1233 3967 1345 4021 risu
1381 3985 1462 4020 ne
1608 3983 1812 4035 eparce
1848 3983 2071 4035 promes.

610 4035 626 4066 ¹
662 4058 730 4075 Ξ
767 4034 1187 4103 Schmutzna'gel,
1226 4037 1274 4088 d.
1312 4037 1344 4090 i.
1385 4033 1675 4089 Geizhalse.
1817 4038 1837 4068 ²
1874 4035 2027 4089 Ovid.
2077 4033 2285 4088 Heroid.
2334 4033 2484 4098 XVI,
2522 4033 2636 4086 217.

546 4104 567 4135 ³
602 4103 724 4157 Hor.
774 4104 867 4170 Ε.
917 4105 959 4171 Ι,
1001 4105 1080 4170 19,
1119 4104 1152 4155 2
1187 4120 1263 4171 sq.
1406 4106 1426 4136 4
1460 4104 1747 4157 Schulvers
1804 4103 1904 4156 mit
1954 4103 2263 4180 Beziehung
2316 4103 2408 4156 auf
2456 4101 2561 4155 Sat.
2600 4100 2642 4168 I,
2679 4101 2729 4165 5,

475 4171 542 4224 12
577 4187 661 4240 sq:
700 4171 830 4238 Ohe,
861 4173 972 4240 jam
1010 4145 1141 4226 satis
1177 4176 1270 4226 est
1413 4175 1434 4205 ⁶
1468 4172 1616 4226 Tiffluc
1654 4172 1787 4238 1,2,
2098 4173 2121 4204 ⁶
2156 4171 2403 4224 Dieselbe
2426 4169 2730 4236 Auslegung

469 4241 525 4292 in
549 4239 816 4293 Erasmus’
854 4240 1019 4309 Adag.
1131 4243 1149 4272 ⁷
1183 4241 1264 4293 De
1297 4257 1354 4293 re
1389 4242 1526 4294 med.
1566 4241 1609 4308 I,
1651 4243 1693 4294 1.
1811 4242 1831 4273 ⁸
1868 4240 1909 4290 V
1912 4239 1980 4308 gl.
2002 4239 2053 4293 S.
2072 4241 2254 4294 513A.
2279 4241 2324 4292 7
2395 4239 2475 4292 Im
2503 4237 2727 4290 Witten-

468 4308 655 4376 berger
690 4308 884 4362 Album
924 4309 1018 4362 des
1052 4309 1099 4362 J.
1143 4311 1274 4363 1515
1310 4309 1454 4362 steht
1487 4281 1609 4361 sein
1638 4309 1811 4363 Name
1852 4309 2016 4361 nicht.
2088 4308 2348 4362 Weiteres
2394 4305 2601 4360 melden
2644 4305 2727 4357 die

467 4376 642 4430 Briefe
675 4378 809 4430 111161·
840 4378 933 4430 11111
969 4377 1130 4432 nicht.
