3084 4895
1215 408 1427 463 Mutian
1462 425 1530 463 au
1566 409 1769 465 Eoban.
2488 406 2614 471 537

363 581 551 646 hodie
597 580 836 645 Christi
879 581 1243 662 tragoedias
1274 582 1340 643 in
1373 581 1954 662 superstitiosorum
1990 580 2178 661 nugis
2209 600 2349 661 ago.
2432 578 2616 643 Esset

362 667 564 749 magis
609 672 1126 743 consentaneum,
1174 669 1248 729 ut
1294 666 1370 728 de
1415 665 1795 730 auricularia
1839 664 2237 728 confessione
2282 665 2615 729 consultus

361 753 823 834 responderem.
913 750 1038 815 Sed
1102 755 1254 815 nota
1301 756 1398 814 est
1441 750 1721 815 Senecae
1780 752 1992 834 gravis
2049 750 2170 813 viri
2233 750 2611 815 admonitio:

369 837 585 919 „Quod
647 838 914 901 tacitum
977 859 1116 901 esse
1159 838 1275 914 vie,
1333 838 1574 901 nemini
1642 837 1895 899 dixeris.
1908 834 1935 865 “

361 923 683 987 auditores
753 924 1017 987 istarum
1086 923 1569 1000 mussationum‚
1636 944 1759 985 non
1821 921 1990 985 aliud
2038 922 2355 999 acciperes
2422 942 2615 1018 quam

360 1007 522 1072 illud
589 1008 1090 1091 psalmographi:
1165 1006 1522 1089 „Conserva
1586 1008 2015 1071 innocentiam
2076 1010 2143 1071 et
2201 1007 2343 1072 vide
2398 1006 2615 1087 aequi-

359 1097 580 1169 tatem,
647 1094 948 1175 quoniam
1015 1097 1168 1157 sunt
1233 1093 1536 1175 reliquiae
1595 1093 1837 1157 homini
1894 1091 2215 1173 pacificO.“
2308 1091 2493 1155 Nunc
2538 1092 2615 1154 de

367 1200 540 1241 aura.
631 1178 867 1241 Inflant
910 1184 995 1257 te,
1042 1179 1130 1242 mi
1171 1178 1451 1255 thane,
1486 1180 1597 1259 qui
1628 1178 1725 1241 vel
1757 1178 2068 1241 medicum
2105 1178 2203 1240 vel
2234 1178 2614 1241 advocatum

361 1262 607 1326 efficere
676 1263 1040 1339 moliuntur,
1108 1264 1293 1346 quasi
1357 1284 1502 1327 vero
1570 1264 1822 1327 consilii
1888 1285 2073 1344 egeas
2119 1268 2183 1325 et
2229 1286 2353 1326 non
2402 1261 2615 1344 potius

362 1348 608 1411 auxilii.
698 1346 795 1411 Ad
863 1370 1116 1412 carmen
1175 1371 1240 1412 es
1297 1351 1504 1411 natus
1597 1350 1815 1413 Musae
1880 1347 2085 1411 forum
2155 1370 2280 1411 non
2348 1348 2613 1423 intrant,

363 1434 460 1498 vel
521 1434 576 1498 si
636 1434 900 1512 intrant,
970 1433 1203 1498 bibunt
1262 1437 1327 1498 et
1383 1433 1641 1515 fugiunt
1702 1434 1906 1497 instar
1974 1434 2149 1498 canis
2191 1435 2257 1497 in
2308 1433 2611 1515 Aegypto.

359 1518 599 1583 Mederi
660 1539 808 1582 vero
873 1518 1182 1583 morbosis
1240 1519 1398 1583 viles
1459 1520 1760 1602 empyrici
1821 1518 2029 1583 solent
2074 1540 2112 1582 a
2158 1517 2415 1583 Graecis
2460 1518 2615 1582 dicti

361 1594 773 1689 σκατοφάγοι
815 1605 854 1667 i.
903 1626 956 1667 e.
1003 1604 1282 1668 merdam
1343 1604 1745 1669 comedentes
1799 1605 1880 1668 ab
1937 1604 2076 1686 ipso
2136 1607 2416 1669 tractatu
2476 1604 2616 1668 lotii

359 1694 428 1753 et
472 1693 1035 1755 excrementorum.
1154 1690 1290 1772 Ego
1370 1690 1709 1769 petendam
1795 1711 1999 1771 opem,
2078 1711 2204 1753 non
2278 1689 2615 1754 consilium

359 1776 747 1840 Hartmanni
791 1775 1106 1839 existimo.
1199 1775 1296 1838 Ab
1345 1775 1584 1853 eodem,
1631 1776 1783 1857 quid
1825 1776 1889 1837 in
1922 1785 2109 1839 rem‘
2151 1780 2325 1839 tuam
2361 1776 2614 1856 egerim,

358 1861 698 1943 intelliges,
789 1861 994 1924 Hasce
1036 1860 1254 1925 literas
1300 1859 1615 1924 combure.
1705 1859 1852 1925 Misi
1883 1882 2099 1925 recens
2129 1861 2360 1925 Euritii
2391 1882 2616 1943 poema

358 1948 444 2014 ad
487 1946 748 2011 Crotum
795 1968 934 2011 cum
984 1946 1104 2011 hoc
1149 1968 1287 2009 meo
1331 1948 1741 2027 argumento:

610 2031 887 2096 Lembus
933 2036 1006 2095 ut
1049 2032 1330 2095 adversis
1375 2032 1648 2095 Cordum
1698 2031 2011 2096 defecerat
2054 2032 2265 2109 undis»,

697 2116 1138 2200 Christophori
1183 2118 1440 2182 salicem
1491 2119 1869 2199 corripuisse
1913 2117 2142 2182 ferunt.

609 2202 736 2267 Sed
780 2202 962 2267 trabe
1008 2225 1135 2267 non
1185 2203 1394 2285 potuit
1439 2203 1759 2268 madidam
1804 2202 2029 2267 fulcire
2071 2204 2350 2268 ruinam:

691 2290 1001 2353 auxilium
1049 2288 1277 2367 Corde,
1325 2289 1436 2370 qui
1477 2288 1619 2369 tibi,
1664 2288 1869 2368 Petre,
1914 2288 2112 2353 tulit}

567 2373 736 2437 Vale.
826 2374 959 2438 IIII.
1011 2372 1144 2438 Cal.
1193 2374 1343 2458 Apt.

668 2474 792 2530 Cod.
829 2474 961 2530 Frcf.
997 2473 1118 2530 467.

361 2678 594 2749 (eotha.)
865 2655 872 2660 '
1414 2663 1561 2729 473.
2235 2679 2406 2748 (April
2442 2680 2616 2749 1515.)

1110 2791 1402 2861 Mutian
1442 2810 1542 2860 an
1584 2789 1868 2861 Eoban.

359 2919 600 3000 (Launiy
599 2937 658 2973 er
707 2919 920 2973 Bericht
970 2919 1100 2973 iiber
1149 2919 1304 2973 einen
1355 2919 1560 2972 Besuch
1592 2919 1679 2972 des
1714 2919 1955 2973 Dic-Mers
2003 2919 2156 2974 Rich.
2210 2919 2463 2973 Sbrulius
2508 2919 2623 2974 und

357 2988 446 3042 die
480 2989 563 3042 bei
593 2989 762 3042 dieser
813 2989 1136 3068 Geleyenheit
1177 2989 1535 3055 yewechselten
1582 2987 1974 3056 Hb‘fliehloeiten.
2058 2989 2225 3042 Urteil
2270 2989 2399 3041 uber
2441 2989 2621 3040 des-sen

358 3057 702 3112 dwh-tem'sche
735 3056 952 3110 Memier
983 3059 1102 3110 und
1132 3057 1527 3123 Nachahmuny
1562 3057 1731 3109 durch
1776 3057 2111 3124 Versproben.
2176 3057 2331 3110 Versa
2365 3057 2449 3110 als
2484 3055 2618 3109 Ant-

1053 3131 1184 3178 wort
1218 3125 1328 3192 auf
1353 3125 1567 3178 Eobans
1613 3124 1884 3191 Vorwiirfe
1887 3127 1921 3192 .)

1105 3239 1262 3289 Eeb.
1296 3237 1500 3289 flesso
1532 3239 1623 3289 Π.
1659 3237 1881 3289 Rufus.

572 3346 636 3411 S.
756 3347 1050 3428 „BeatuS,
1121 3349 1232 3428 qui
1299 3348 1398 3411 vel
1465 3348 1754 3412 umbram
1820 3348 2008 3412 amici
2081 3343 2387 3410 habet.“²>
2480 3347 2621 3410 Vidi

360 3435 612 3513 poetam
663 3431 1190 3514 Forojuliensem⁸
1237 3438 1302 3497 et
1348 3435 1569 3516 excepi
1614 3434 2010 3515 tractavique
2054 3453 2355 3516 perquam
2391 3431 2620 3494 famili-

360 3518 571 3580 ariter.
663 3517 881 3593 Qualis
927 3517 1158 3581 sermo!
1247 3518 1392 3584 Ille:
1449 3518 1642 3600 „Sum
1690 3519 1787 3581 tui
1832 3519 2107 3583 nominis
2153 3517 2497 3594 studiosae,
2547 3522 2619 3581 tu

364 3600 523 3666 mihi
597 3601 826 3683 placeS,
901 3626 1038 3666 sum
1117 3609 1420 3686 perpetuo
1498 3604 1712 3681 tuus“,
1782 3611 1846 3667 et
1910 3604 2153 3685 reliqua
2228 3601 2621 3666 titillationis

501 3853 626 3908 ⁸r0.

366 3939 609 4010 ziehung.
680 3941 752 3994 Es
788 3941 1032 3994 handelte
1067 3941 1184 3994 sich
1217 3940 1488 3994 vielleicht
1520 3957 1615 3993 ιιιιι
1650 3940 1766 3994 eine
1813 3940 2165 4008 Empfehlung
2224 3939 2431 3992 Eobans
2484 3938 2624 3992 nach

364 4007 530 4065 Pelen
581 4009 706 4061 oder
751 4008 875 4076 Ung
876 4025 982 4062 arn.
1132 4012 1147 4041 ²
1183 4009 1382 4062 Cordus
1429 4009 1575 4062 hatte
1609 4009 1664 4061 in
1700 4009 1901 4062 seinem
1953 4008 2292 4062 Itinerarium
2347 4005 2622 4073 ber-ichtet,

359 4076 482 4130 dass
520 4093 578 4132 er
611 4078 727 4130 sich
763 4025 875 4130 aufg
888 4077 1062 4130 seiner
1096 4077 1253 4130 Reise
1299 4077 1435 4129 nach
1492 4078 1587 4129 der
1636 4077 1852 4130 Heimat
1906 4077 2295 4145 (Simtshausen
2349 4075 2403 4126 in
2459 4073 2621 4127 Ober-

357 4144 571 4212 hessen)
610 4162 710 4202 nur
743 4146 848 4198 wie
886 4146 1053 4198 durch
1103 4144 1190 4197 ein
1236 4146 1477 4198 Wunder
1527 4161 1623 4198 aus
1672 4147 1765 4198 der
1812 4144 2297 4213 angeschwollenen
2356 4143 2623 4196 Schwalm

359 4214 582 4278 gerettet
600 4213 750 4267 habe.
805 4214 890 4282 Vg
889 4213 922 4265 1.
944 4213 994 4267 S.
1019 4214 1114 4267 521
1140 4215 1200 4267 A.
1226 4214 1304 4267 10.
1415 4215 1434 4245 ²
1470 4213 1626 4266 Nach
1644 4209 1733 4267 Br.
1754 4213 1962 4266 480ein
1988 4213 2296 4280 Ausspruch
2326 4210 2621 4264 Plutarchs.

359 4279 410 4330 V
411 4279 479 4346 gL
516 4280 659 4334 Plut.
697 4281 776 4333 De
814 4231 1024 4334 amicor.
1061 4281 1288 4334 multitz
1435 4281 1762 4335 ,laudamus
1798 4281 2184 4334 adolescentem
2219 4281 2372 4333 illum
2408 4279 2623 4331 Menan-

360 4347 459 4414 dri,
511 4347 603 4416 qui
638 4364 695 4402 se
743 4349 898 4402 valde
949 4349 1196 4403 admirari
1249 4348 1323 4402 ait
1379 4365 1809 4417 unumquemque
1863 4350 2132 4414 bonorum
2187 4349 2275 4402 cui
2328 4347 2485 4401 amici
2537 4346 2625 4398 vel

359 4416 549 4471 umbra
581 4416 866 4488 obtigerit«
1005 4418 1026 4449 ⁸
1059 4416 1210 4473 Rich.
1247 4415 1492 4473 Sbrulius
1527 4433 1624 4472 aus
1659 4417 1994 4490 Forojulium.
2066 4418 2196 4490 Vgl.
2234 4417 2285 4470 S.
2322 4416 2390 4474 85
2427 4419 2489 4468 A.
2528 4413 2575 4471 3.

2029 835 2229 934 Finge
2293 858 2411 900 nos
2480 857 2615 899 esse
2730 880 2738 888 -
