3084 4895
1201 435 1413 489 Mutian
1451 451 1519 487 an
1557 435 1758 490 Urban.
2500 439 2616 504 181

341 602 554 664 minus
601 602 926 683 sapienter
970 624 1161 683 quam
1225 603 1491 667 feliciter
1552 604 1735 684 gerit,
1794 607 1973 668 totus
2026 605 2265 687 pietate
2320 605 2612 688 insigniS,

340 692 520 750 totus
568 686 841 750 Mutiani
888 689 1268 766 admiratum
1326 694 1506 753 totus
1552 691 1799 770 integer
1845 691 2226 771 scelerisque
2272 712 2490 772 pumS,
2538 699 2617 756 ut

341 773 538 836 etiam
589 772 721 836 divi
764 772 1071 837 Bernardi
1104 775 1531 838 cubicularius
1578 776 1909 838 eunuchus
1942 797 2079 838 esse
2112 781 2345 855 posset.
2398 776 2616 841 Garrit

339 858 556 921 forsan
619 859 836 922 nescio
895 858 1046 940 quid
1119 864 1339 923 coetus
1398 861 1833 942 imperitarum
1900 861 2215 942 virginum
2274 866 2339 924 et
2384 865 2618 944 repetit

340 944 878 1021 benevolentiam,
930 966 1093 1026 quae
1125 944 1383 1009 Urbano
1418 969 1558 1008 cum
1594 946 1864 1028 profuga
1896 946 2041 1009 fuit.
2088 945 2264 1009 Esto,
2314 947 2618 1012 Dederint

343 1029 615 1092 invicem
664 1030 1094 1093 intel-nuntias
1152 1032 1472 1112 epistolaS,
1531 1033 1781 1095 minuta
1827 1032 2109 1107 donaria,
2170 1032 2506 1096 inviserint
2550 1057 2616 1097 se

342 1118 566 1178 mutuo
642 1114 934 1192 libenter,
1005 1117 1408 1180 consederint
1468 1117 1531 1179 in
1590 1116 1749 1180 cella
1819 1118 2044 1198 cupide
2108 1116 2613 1195 confabulanteS,

342 1201 510 1263 ultro
558 1221 744 1262 aures
805 1201 1190 1264 arrexerint:
1259 1224 1382 1265 non
1430 1203 1573 1266 ideo
1636 1203 1972 1284 suspiciosi
2029 1202 2281 1279 erimuS,
2340 1225 2479 1267 cum
2531 1204 2618 1268 sit

343 1287 596 1366 antiqui
647 1286 856 1363 moriS,
904 1286 1093 1349 licere
1150 1289 1468 1351 monastis
1533 1289 1769 1350 habere
1827 1287 2217 1360 caritatulaS,
2285 1311 2444 1370 quas
2494 1312 2611 1372 ego

341 1393 672 1451 nunquam
709 1372 987 1435 amasias
1019 1376 1133 1435 aut
1165 1373 1519 1454 impudicas
1554 1373 1995 1454 appellarem.“
2054 1374 2187 1453 „Ita
2218 1373 2373 1448 est,“
2406 1375 2616 1456 inquit

279 1488 283 1492 ·
345 1457 554 1520 bonus
602 1457 940 1521 Duronius.
1039 1457 1200 1539 „Sed
1237 1481 1346 1522 cur
1379 1459 1749 1522 notabiliter
1782 1458 2028 1540 palluit,
2062 1459 2262 1521 macie
2296 1459 2611 1536 deformiS,

341 1545 565 1606 ventre
598 1542 872 1623 turgidO,
922 1564 1031 1606 cur
1064 1543 1334 1625 denique
1367 1565 1619 1626 gregem
1653 1545 1958 1626 reliquit?
2026 1543 2225 1625 Signa
2260 1549 2412 1608 sunt
2446 1568 2615 1608 com-

340 1649 596 1709 pressae
651 1633 716 1690 et
781 1628 1138 1708 gravidae.“
1246 1629 1342 1692 Ad
1401 1629 1579 1707 haec,
1645 1651 1786 1693 cum
1845 1629 2289 1710 objicerentur,
2365 1632 2611 1694 narravi

342 1713 628 1776 fabulam
677 1714 752 1776 de
799 1714 1014 1794 equite
1058 1715 1495 1796 praesidiario'
1545 1717 1912 1795 monuique,
1964 1718 2037 1777 ut
2081 1737 2328 1778 murum
2364 1739 2402 1780 a
2432 1721 2612 1796 tergo

340 1799 635 1863 coenobii
681 1799 1057 1862 semirutum
1101 1805 1165 1863 et
1208 1804 1532 1864 vetustate
1579 1801 2001 1864 collabentem
2050 1801 2453 1864 reficiendum
2505 1824 2615 1865 cu-

340 1890 530 1962 raret,
580 1906 658 1946 ne
704 1883 959 1947 lascivis
998 1885 1344 1966 juvenibus
1390 1885 1599 1949 facilis
1645 1891 1866 1966 pateat
1910 1886 1990 1949 ad
2035 1886 2282 1968 puellas
2332 1887 2639 1950 inclusas

338 1970 576 2046 adituS,
639 1969 910 2051 garrulis
966 1991 1220 2051 quoque
1267 1975 1330 2034 et
1378 1975 1619 2034 statum
1684 1971 2111 2035 coenobialem
2161 1972 2223 2034 in
2275 1972 2611 2035 discrimen

339 2057 600 2120 incauta
643 2056 1035 2138 loquacitate
1098 2057 1591 2138 conjicientibus
1650 2078 1820 2137 aqua
1882 2060 1946 2120 et
1991 2057 2125 2137 igni
2185 2058 2610 2134 interdiceret,

341 2163 484 2205 cum
532 2142 664 2204 sint
709 2162 871 2221 quae
915 2142 1178 2205 levitate
1243 2143 1438 2206 animi
1486 2142 1585 2206 vel
1631 2145 1847 2224 potius
1908 2142 2153 2205 invidia
2207 2146 2401 2223 atque
2466 2145 2611 2207 odio

339 2248 468 2289 non
516 2227 653 2290 visa
696 2227 968 2306 fingant,
1015 2249 1141 2291 non
1189 2229 1410 2292 audita
1456 2228 1819 2309 loquantur.
1914 2226 1984 2290 Si
2032 2228 2196 2291 enim
2246 2250 2439 2290 sexus
2488 2229 2611 2292 iste

343 2312 656 2376 femineus
703 2317 936 2376 natura
982 2312 1186 2377 futilis
1233 2319 1329 2378 est
1377 2318 1441 2377 et
1485 2311 1783 2377 rimarum
1834 2314 2079 2394 plenae,
2141 2314 2343 2377 multo
2408 2311 2611 2395 magis

343 2398 408 2462 id
442 2398 584 2462 vitii
617 2399 891 2479 contigit
923 2399 1167 2463 otiosis
1226 2399 1556 2464 Postremo
1592 2400 1759 2463 dixit
1788 2399 2101 2481 propitius
2133 2404 2345 2482 pater:
2388 2399 2613 2480 „Prae-

339 2483 572 2567 cipiam
643 2485 1028 2568 praeposito,
1102 2491 1174 2549 ut
1241 2486 1451 2549 edicto
1509 2486 1932 2567 prohibitorio
2001 2486 2324 2548 silentium
2392 2485 2607 2549 faciat.

338 2569 589 2633 Mecum
636 2570 760 2633 fuit
807 2570 1120 2635 Urbanus.
1215 2570 1466 2634 Crimen
1511 2572 1848 2634 infitiatur.
1925 2570 2073 2634 Dies
2103 2572 2360 2634 tandem
2396 2573 2611 2635 omnia

289 2649 300 2661 “
337 2654 708 2719 revelabit.“
805 2654 965 2719 Tum
1013 2658 1290 2740 suscepi:
1345 2656 1580 2739 „Recte
1625 2657 1876 2719 statuis
1927 2655 2197 2739 Scripsit
2242 2656 2499 2719 etmihi
2545 2679 2611 2720 se

346 2740 756 2805 innocentem
805 2762 942 2804 esse
1003 2742 1189 2805 deum
1236 2746 1464 2805 testem
1528 2742 1921 2805 advocando.
2033 2740 2290 2805 Mentiri
2353 2742 2609 2818 famam,

341 2825 556 2890 dolere
601 2826 724 2889 sibi
772 2826 1177 2891 vehementer
1223 2832 1476 2891 tantum
1511 2827 1822 2890 mendacii
1856 2826 2145 2890 vulnus.“
2220 2827 2333 2889 His
2366 2835 2608 2891 secreto

338 2911 688 2994 disputatis
734 2912 1022 2976 ascendit
1066 2914 1146 2976 ad
1192 2935 1308 2976 nos
1355 2914 1774 2994 praepositae,
1840 2934 1966 2994 quo
2014 2912 2392 2975 adveniente
2455 2914 2627 2995 petii·

337 2998 740 3060 vacationem
795 2998 1064 3077 prandii,
1114 3003 1187 3060 ut
1231 2998 1450 3061 liceret
1495 2998 1650 3060 mihi
1686 2998 1940 3061 domum
1989 2998 2068 3060 ad
2102 2996 2418 3080 hospitem
2467 2998 2608 3060 affi-

337 3082 546 3145 nitate
585 3082 897 3163 junctum,
947 3084 1057 3163 qui
1106 3106 1202 3146 me
1235 3081 1649 3164 expectavit,²
1684 3084 1902 3146 redire.
1951 3082 2216 3145 Annuit.
2283 3083 2408 3153 Sic,
2440 3085 2608 3165 quod

340 3171 434 3241 tn,
484 3166 755 3241 Urbane,
803 3170 1168 3231 novissimis
1216 3169 1371 3231 mihi
1417 3169 1619 3231 literis
1667 3168 2054 3249 injunxeraS,
2108 3173 2178 3230 ut
2226 3169 2607 3247 susciperem

338 3254 837 3330 excusationem,
871 3253 1192 3317 silentium
1231 3275 1651 3334 procurarem,
1685 3254 1917 3315 amoris
1956 3253 2181 3316 sinceri
2230 3254 2611 3332 suffragator

339 3360 545 3401 essem
591 3342 654 3401 et
693 3338 999 3419 judicium
1072 3340 1198 3402 imo
1246 3338 1705 3420 praejudicium
1757 3342 1993 3401 temere
2058 3360 2181 3401 non
2239 3338 2487 3400 ratione
2546 3343 2611 3400 et

343 3423 608 3487 consilio
653 3423 1053 3504 loquentium
1100 3425 1506 3503 retardarem,
1554 3446 1589 3487 a
1636 3446 1732 3486 me
1779 3423 1996 3487 sedulo
2044 3421 2282 3485 factum
2333 3445 2467 3484 esse
2514 3424 2607 3485 in-

338 3508 596 3588 telligis
687 3508 906 3588 Neque
953 3520 1100 3572 vero
1146 3510 1468 3590 quiescam
1516 3510 1583 3572 in
1616 3508 1955 3572 asserenda
1984 3509 2353 3587 tuendaque
2398 3508 2608 3587 digni-

339 3598 475 3657 tate
519 3598 655 3671 tua,
700 3615 888 3675 quam
923 3594 1074 3657 mali
1121 3602 1392 3675 possunt
1436 3594 1765 3671 infamare,
1814 3594 1965 3657 boni
2014 3614 2140 3655 non
2175 3597 2442 3674 possunt
2482 3614 2608 3655 non

339 3679 596 3742 laudare
642 3700 716 3742 ac
762 3678 1094 3743 defendere
1139 3679 1221 3743 ab
1266 3680 1500 3761 injuria
1547 3702 1751 3743 rerum
1800 3683 1865 3742 et
1912 3679 2264 3741 verborum.
2330 3677 2609 3759 Navigas

339 3764 538 3843 igitur
582 3764 645 3827 in
691 3768 880 3845 portu
928 3766 1204 3828 securior
1250 3765 1500 3829 futurus
1548 3788 1738 3847 quam
1786 3768 1992 3827 antea.
2085 3764 2483 3844 Quanquam,
2534 3768 2607 3825 ut

339 3848 536 3911 libere
581 3856 793 3925 tecum
841 3870 1048 3930 agam,
1096 3851 1220 3913 nisi
1270 3852 1547 3915 clemens
1594 3856 1658 3913 et
1703 3851 1905 3913 nostri
1953 3850 2225 3929 diligens
2270 3856 2438 3911 esset
2477 3849 2607 3911 Du-

339 3934 580 4009 roniuS,
627 3938 842 3997 actum
888 3935 964 3997 de
993 3948 1059 3998 ‘se
1103 3940 1289 3998 esset.
1385 3934 1512 3999 Sed
1558 3936 1811 3999 omissis
1856 3957 2070 3998 severe
2101 3934 2290 3997 dictis
2337 3934 2609 3997 civiliter

344 4023 410 4082 et
454 4020 656 4082 amice
701 4020 907 4101 magis
947 4020 1090 4101 joco
1137 4042 1326 4101 quam
1377 4022 1560 4097 serio,
1607 4021 1658 4083 si
1706 4021 1961 4103 pateris,
2007 4040 2195 4099 rogo:
2245 4018 2310 4082 Si
2345 4018 2486 4096 fuit,
2535 4024 2609 4081 ut

353 4104 471 4181 ais,
531 4104 700 4167 inter
759 4126 870 4168 vos
931 4106 1213 4168 sincerus
1261 4111 1324 4169 et
1369 4111 1585 4169 castus
1630 4128 1821 4181 amor,
1890 4105 2058 4168 unde
2121 4109 2339 4166 venter
2386 4109 2606 4185 protu-

353 4189 632 4252 berans?
721 4190 886 4253 Num
935 4190 1104 4253 Mars
1155 4191 1392 4255 Urbani
1440 4192 1693 4253 delitias
1726 4191 1902 4253 velut
1928 4190 2191 4253 alteram
2224 4189 2403 4253 Iliam
2437 4210 2608 4252 com-

487 4326 503 4355 ¹
539 4322 745 4377 Mutian
781 4324 954 4376 lenkte
991 4325 1088 4376 den
1127 4325 1397 4377 Verdacht
1433 4325 1526 4377 des
1563 4325 1727 4377 Abtcs
1766 4325 1858 4377 auf
1889 4324 2043 4376 einen
2072 4323 2270 4389 jungen
2306 4322 2465 4375 Manu
2501 4336 2607 4373 von

339 4392 432 4443 der
466 4392 765 4460 Besatzung
799 4393 892 4445 des
933 4393 1384 4445 GrimmensteinS.
1527 4397 1549 4425 ²
1584 4394 1701 4445 Von
1754 4392 1951 4445 diesem
2002 4391 2244 4445 Bcsuche
2291 4390 2435 4443 eines
2471 4390 2604 4442 Ver-

339 4460 584 4515 wandten
619 4460 691 4515 ist
725 4464 870 4514 sonst
903 4460 1149 4529 nitgends
1188 4461 1275 4514 die
1309 4461 1469 4515 Rede.
