3084 4895
1235 385 1444 440 Mutian
1480 402 1550 439 an
1587 383 1786 440 Urban.
2504 389 2630 454 407

528 559 590 609 V
594 563 897 614 enerabili
930 553 1184 614 Urbano
1218 562 1606 623 presbytero,
1641 563 1777 614 viro
1813 560 2068 613 cordato
2103 563 2168 611 et
2201 561 2502 621 imprimis

900 647 1161 708 erudito,
1196 661 1307 699 suo
1344 649 1710 699 amicissimo
1747 646 1854 713 (M.
1889 645 2131 712 Rufus).
2557 661 2559 664 ⁴

600 755 662 822 S.
753 757 822 822 Si
868 757 944 822 de
986 763 1101 823 tua
1145 758 1267 823 fide
1316 762 1379 823 et
1415 759 1654 841 judicio
1701 759 2077 836 dubitarem,
2125 779 2333 840 neque
2370 757 2627 822 Janum¹

385 843 611 923 penori
658 847 721 908 et
764 845 1083 928 marsupio
1152 845 1657 927 praeposuissem
1723 867 1928 927 neque
1990 844 2160 908 hunc
2218 847 2422 925 ipsum
2491 853 2658 908 eum‘

389 927 664 993 A>damo²
710 935 775 994 te
819 930 1141 995 hortatore
1188 930 1515 994 mutarem.
1608 930 1753 994 Tibi
1799 931 1980 995 credo
2013 935 2075 994 et
2108 931 2341 995 credidi
2391 951 2632 1012 semper

386 1017 455 1078 et
498 1018 632 1078 tum
680 1017 931 1081 credere
977 1017 1282 1094 desinam,
1330 1039 1470 1080 cum
1518 1017 1772 1100 spirare.
1865 1015 2073 1099 Caput
2118 1022 2328 1081 autem
2363 1021 2460 1080 est
2491 1015 2626 1094 hoc,

389 1101 560 1182 quod
606 1106 667 1164 te
714 1103 1074 1166 meminisse
1119 1125 1193 1166 ac
1235 1104 1550 1167 trutinare
1612 1102 1834 1166 velim:
1895 1107 2144 1184 gratum
2208 1103 2336 1166 fore
2399 1123 2626 1166 novum

385 1185 989 1266 administratorem,
1026 1190 1080 1252 si
1112 1193 1319 1253 scorta
1354 1210 1478 1252 non
1512 1189 1750 1270 attigit.
1824 1187 1984 1252 Nam
2019 1194 2232 1252 castus
2263 1191 2347 1252 sit
2379 1211 2630 1252 necesse

386 1275 503 1348 est,
580 1274 690 1355 qui
761 1275 1109 1356 tranquille
1180 1275 1351 1338 volet
1415 1275 1641 1338 vivere.
1756 1275 1836 1337 At
1901 1274 2012 1338 ubi
2077 1274 2252 1338 canis
2325 1276 2630 1338 intestina

386 1356 722 1438 gustavit?
766 1367 1091 1424 momento
1139 1361 1341 1442 vergit
1373 1361 1435 1422 in
1471 1361 1666 1424 imum
1715 1360 1882 1423 dulci
1930 1360 2093 1424 malo
2139 1360 2456 1424 delinitus.
2538 1360 2629 1424 De

384 1443 551 1506 Jano
616 1466 763 1508 vero
823 1447 915 1510 sic
974 1447 1097 1510 tibi
1153 1446 1550 1530 persuadeaS‚
1615 1467 1752 1509 eum
1827 1447 2060 1522 omnia,
2125 1467 2285 1528 quae
2354 1447 2432 1510 ad
2499 1469 2623 1510 rem

380 1528 757 1594 familiarem
804 1535 982 1596 tuam
1033 1531 1460 1614 pertinebunt,
1508 1553 1754 1596 summa
1785 1531 2117 1612 vigilantia
2149 1537 2212 1596 et
2241 1532 2626 1614 infatigabili

386 1617 831 1698 procuratione
876 1619 1361 1700 diligentissime
1406 1617 1742 1682 facturum.
1835 1616 1984 1682 Sive
2029 1618 2193 1680 enim
2253 1618 2422 1682 domi
2482 1623 2628 1682 tuae

384 1701 701 1765 tornanda
748 1703 1149 1786 dolandaque
1194 1705 1278 1771 sit
1322 1703 1607 1780 materia,
1656 1702 1898 1767 fabrum
1948 1703 2212 1767 habebis
2258 1705 2440 1787 quasi
2471 1704 2628 1767 Dae—

382 1785 619 1866 dalum,
665 1788 797 1852 sive
842 1791 1127 1873 pagatim
1174 1812 1401 1854 census
1445 1793 1510 1853 et
1554 1809 1808 1853 annona
1855 1790 2238 1854 coenobialis
2299 1791 2626 1872 exigenda,

382 1872 869 1940 circumvolabit
950 1876 1140 1940 alatis
1221 1875 1505 1959 pedibus,
1633 1875 1920 1956 Denique
1988 1876 2064 1939 ad
2125 1877 2348 1940 omnia
2411 1877 2626 1938 munia

379 1964 643 2040 paratus
688 1961 808 2025 erit
850 1966 1043 2043 atque
1088 1966 1387 2026 armatus,
1477 1961 1696 2044 Neque
1763 1961 1919 2025 illud
1984 1961 2216 2026 idcirco
2283 1962 2404 2025 tibi
2466 1963 2623 2039 dico,

380 2044 552 2127 quod
598 2046 747 2110 Jani
792 2069 995 2112 mores
1039 2047 1445 2131 inexplorati,
1505 2047 1614 2110 sed
1659 2051 1733 2111 ut
1777 2049 2117 2130 perspicias
2173 2049 2444 2129 negotiis
2498 2049 2624 2112 tuis

378 2151 569 2212 quam
618 2133 773 2196 meis
838 2133 1239 2197 inertissimis
1284 2133 1432 2197 otiis
1477 2133 1804 2214 aptiorem.
1893 2133 1984 2196 Eo
2031 2139 2125 2196 est
2172 2143 2362 2198 natus
2419 2134 2623 2214 gemin,

378 2221 453 2280 ut
516 2239 757 2300 semper
818 2219 1055 2302 aliquid
1118 2224 1269 2302 agat
1332 2219 1602 2300 usuique
1663 2220 2006 2283 domestico
2073 2221 2391 2282 inserviat.
2483 2221 2620 2283 Non

378 2303 576 2384 igitur
622 2305 1059 2384 exturbamuS,
1108 2307 1214 2369 sed
1262 2305 1640 2369 honoratum
1714 2305 2165 2385 laudatumque
2227 2307 2623 2377 dimittimus,

376 2391 747 2472 praesertim
820 2392 897 2457 ad
966 2396 1032 2456 te
1096 2392 1353 2474 pietat-is
1430 2392 1648 2455 ducem
1728 2396 1792 2455 et
1865 2393 2249 2473 signiferum,
2327 2411 2622 2457 romanae

377 2476 711 2541 facundiae
737 2478 1085 2561 principem
1113 2483 1305 2559 atque
1332 2478 1768 2556 architectum,
1791 2478 1893 2541 cui
1921 2500 2043 2541 non
2073 2480 2280 2543 minus
2303 2479 2622 2561 jucundus

379 2562 501 2625 erit
554 2567 617 2627 et
672 2585 874 2639 caruS,
921 2586 1107 2646 quam
1168 2566 1409 2647 optimo
1465 2564 1720 2627 domino
1779 2586 1995 2627 servus
2053 2565 2348 2645 optimus
2441 2564 2618 2642 Quod

378 2650 591 2711 autem
641 2648 923 2713 timidior
970 2656 1066 2714 est
1117 2651 1412 2727 AdamuS,
1469 2672 1658 2731 quam
1704 2655 1780 2713 ut
1822 2650 2059 2713 feroces
2119 2672 2313 2731 equos
2369 2650 2621 2714 domare

375 2753 451 2795 ac
479 2734 829 2799 >terroribus
862 2740 926 2799 et
958 2736 1145 2799 minis
1191 2756 1585 2818 compescere
1616 2736 1836 2817 possit,
1870 2736 2108 2800 nullum
2144 2736 2288 2799 inde
2322 2737 2616 2800 damnum

374 2823 491 2882 aut
536 2819 657 2884 sibi
703 2826 816 2885 aut
864 2821 1016 2885 mihi
1060 2823 1398 2886 emerserit.
1488 2821 1630 2885 Non
1677 2822 1742 2885 in
1790 2821 2162 2885 fortitudine
2207 2824 2351 2905 equi
2397 2823 2620 2885 volun-

373 2909 572 2968 tatem
641 2906 906 2971 habebit
970 2928 1171 2989 neque
1231 2910 1295 2971 in
1340 2907 1521 2972 tibiis
1587 2908 1704 2970 viri
1771 2908 1930 2971 bene
1994 2908 2294 2990 placitum
2364 2910 2482 2972 erit
2540 2911 2614 2972 ei.

374 2989 549 3055 Satis
612 2991 820 3058 officio
880 2992 1306 3075 respondebit,
1370 2995 1421 3057 si
1482 2996 1742 3069 sanctus
1800 2998 1864 3057 et
1927 2999 2293 3057 mansuetus
2338 2999 2402 3057 et
2447 2995 2616 3057 mitis

372 3081 571 3140 nutus
619 3083 683 3141 et
725 3082 989 3143 renutus
1035 3078 1260 3143 heriles
1304 3080 1756 3143 observaverit.
1848 3079 2177 3162 Proprium
2231 3100 2456 3142 munus
2503 3085 2618 3155 est,

370 3167 449 3225 ut
508 3162 777 3227 obsonet
839 3165 1007 3229 bona
1062 3166 1203 3240 fide,
1264 3165 1421 3229 nihil
1466 3166 1569 3227 sui
1613 3164 1924 3229 commodi
1992 3166 2213 3247 gratia,
2279 3165 2386 3228 sed
2449 3182 2617 3227 com-

372 3248 677 3317 muniter·
715 3254 884 3314 emat
953 3254 1017 3315 et
1071 3250 1233 3315 sciat
1296 3251 1704 3315 christianam
1751 3254 1816 3314 et
1858 3250 2332 3333 pythagoricam
2400 3272 2616 3313 cenam

372 3334 686 3399 instruere
738 3340 802 3400 et
846 3338 1189 3401 amic-orum
1237 3338 1451 3401 omnia
1496 3358 1633 3400 esse
1678 3334 2084 3400 communia*
2172 3336 2342 3400 Bene
2388 3337 2614 3399 valeaS.

372 3418 645 3485 Gothae.
741 3422 855 3485 Ad.
906 3421 1035 3486 Cal.
1085 3423 1329 3506 Apriles
1374 3422 1714 3486 MDVIXX.

679 3521 802 3577 Coti.
838 3522 971 3578 Fref.
1010 3523 1127 3578 284.

374 3690 561 3747 Gotha.
1422 3678 1566 3744 335.
2052 3693 2168 3762 (vor
2199 3694 2247 3748 4.
2284 3694 2430 3763 Apr.)
2466 3693 2614 3747 1514.
2643 3704 2655 3716 ·

1119 3804 1409 3875 Mutian
1452 3825 1549 3875 an
1593 3804 1871 3875 Urban.

364 3930 657 3999 (Nepotiane
689 3933 925 3986 wilmclzt
960 3950 1060 3985 von
1095 3933 1167 3985 M.
1204 3951 1279 3987 cm
1316 3933 1400 3987 die
1432 3934 1716 3987 Breslazaer
1768 3934 1916 4001 Greq.
1973 3933 2222 4001 Ayricola
2268 3934 2382 3985 und
2427 3933 2609 3985 Mattlz.

364 4000 627 4053 Kaumler
678 4000 969 4069 empfohlen
1004 4019 1077 4054 zu
1111 4003 1325 4059 werden,
1370 4003 1441 4071 dep
1474 4020 1530 4054 er
1561 4003 1706 4055 nebst
1759 4003 1969 4070 einiyen
2021 4002 2248 4055 anderen
2289 4002 2374 4053 die
2417 4002 2613 4069 (lortiqe

366 4068 557 4121 Schule
612 4068 867 4122 besuclzen
920 4071 1031 4123 soll.
1120 4070 1229 4123 Der
1265 4072 1466 4139 yeixiye
1515 4071 1690 4124 Seh‘e'lo
1731 4071 1824 4123 hat
1867 4072 1980 4122 dem
2027 4072 2216 4133 „lanu-5,
2263 4072 2354 4122 der
2400 4071 2495 4136 fiir
2536 4070 2608 4122 M.

378 4136 685 4190 Viktual‘c'en
719 4137 1002 4205 einkausen
1036 4139 1193 4203 sollte,
1230 4139 1350 4192 kein'
1392 4140 1519 4193 Geld
1559 4140 1784 4207 qeyeben.
1856 4139 1994 4192 Bitte
2040 4141 2137 4191 das
2181 4139 2368 4207 Νϋίιζᾳε
2412 4156 2610 4191 ansan-

519 4276 535 4305 ¹
569 4274 687 4342 Vgl.
723 4274 809 4328 Br.
848 4276 963 4330 330.
1105 4278 1125 4309 ²
1161 4276 1259 4331 Ad.
1296 4276 1517 4329 Publius
1559 4276 1758 4343 vitalis,
1796 4279 1898 4329 trat
1934 4276 2014 4329 28.
2052 4277 2198 4343 April
2248 4275 2480 4345 (Vitalis)
2525 4274 2611 4327 bei

360 4342 440 4395 Μ.
484 4342 586 4397 ein.
640 4342 759 4411 vgl.
798 4343 885 4401 ΒΥ.
923 4345 1039 4397 341.
1110 4344 1233 4397 Sein
1270 4344 1696 4413 urspriinglieher
1729 4346 1900 4399 Name
1940 4361 2048 4397 war
2091 4344 2217 4399 Pub.
2346 4346 2366 4376 ³
2399 4343 2608 4409 Sprich-

362 4414 507 4466 wort
529 4427 629 4465 aus
652 4412 863 4467 Theocr.
905 4412 1058 4481 Idyll.
1094 4410 1165 4467 X.
1273 4415 1294 4447 ⁴
1330 4414 1590 4468 Beliebtes
1614 4412 1944 4483 Sprichwort.
2000 4414 2103 4468 Cic.
2141 4414 2220 4467 De
2255 4414 2337 4467 off.
2374 4414 2414 4481 I,
2456 4414 2534 4477 16,
2559 4414 2606 4465 5.
