3084 4895
475 382 601 446 296
1325 382 1501 437 Briefe
1535 382 1630 436 des
1664 382 1714 438 J.
1756 384 1903 440 1513.

480 558 629 622 boni
695 559 923 623 ominis
967 558 1032 622 in
1081 557 1329 622 duobus
1395 557 1735 622 collocasse
1794 564 1858 623 et
1911 559 2221 641 gentilicii
2288 560 2562 624 nominis
2626 561 2731 624 tui

475 644 742 727 primam
787 645 1030 709 literam
1078 644 1388 726 recepisse
1433 644 1496 709 in
1544 645 1823 708 animum
1870 650 1935 711 et
1979 644 2144 710 hanc
2188 645 2461 711 faustam
2506 647 2732 729 appel-

475 730 774 794 lationem
822 753 949 796 non
997 731 1132 795 sine
1176 752 1367 794 causa
1413 732 1860 813 composuisse.
1950 731 2253 796 Faustam
2310 732 2463 811 dixi,
2524 722 2733 805 καλός

477 816 646 879 enim
689 817 1046 894 honestum,
1107 816 1456 900 pulchrum,
1518 817 1755 881 bonum
1822 817 2160 901 significat.
2249 818 2461 883 Habes
2525 819 2731 899 igitur

479 902 811 985 epistolam
855 906 936 968 ad
981 902 1352 985 Gregorium
1398 902 1757 984 Agricolam
1789 908 1939 968 tuae
1971 904 2118 968 fidei
2150 905 2470 969 creditam.
2546 903 2729 970 Tuus

479 1010 617 1052 sum
663 995 728 1053 et
771 988 1018 1068 faciam,
1066 1010 1228 1070 quae
1270 988 1460 1053 voles.
1535 988 1680 1053 Non
1727 989 2036 1069 blandior,
2084 990 2264 1055 crede
2306 990 2487 1055 mihi.
2563 990 2727 1056 Pro-

478 1074 742 1139 missum
786 1097 885 1139 res
930 1076 1070 1157 ipsa
1115 1078 1429 1155 sequetur.
1520 1074 1689 1138 Vale.

789 1176 911 1233 Cod.
946 1176 1081 1230 Frcf.
1123 1175 1238 1229 187.

479 1319 706 1434 (eotha.)
1519 1348 1664 1413 239.
2360 1365 2467 1420 Mai
2503 1364 2728 1435 (1513.)¹

1224 1458 1513 1529 Mutian
1558 1480 1656 1529 an
1698 1458 1975 1529 Urban.

477 1586 664 1655 (Klaqe
696 1588 824 1641 iiber
855 1588 940 1641 die
974 1606 1073 1642 von
1115 1588 1301 1643 Orotus
1331 1589 1601 1656 yemeldete
1661 1589 2029 1657 Verurteilunq
2074 1590 2363 1643 Reuchlin-s
2410 1591 2579 1643 durch
2622 1592 2727 1643 den

475 1656 684 1712 Kaisar.
767 1657 936 1711 Urteil
966 1658 1092 1711 iiber
1125 1658 1223 1711 den
1256 1674 1426 1711 neuen
1458 1658 1656 1711 Diener
1688 1658 1865 1711 Janus
1898 1660 2014 1711 und
2057 1659 2320 1727 Veryleich
2341 1660 2444 1713 mit
2474 1660 2725 1725 Paulae.)

619 1773 977 1825 Praestanti
1007 1772 1344 1823 Hainreico
1379 1772 1635 1823 ‘Urbano
1668 1774 1965 1834 magistro
2001 1776 2065 1824 et
2099 1786 2447 1833 oeconom0‚
2484 1772 2590 1852 ad-

1037 1858 1232 1919 jutori
1266 1858 1765 1910 constantissimo
1801 1860 1888 1909 M.
1925 1858 2145 1909 Rufus.

683 1970 744 2035 S.
835 1971 1069 2035 Multas
1113 1994 1151 2035 a
1197 1968 1416 2036 Croto²
1479 1972 1693 2054 accepi
1751 1972 1985 2035 literas
2076 1972 2231 2036 Mihi
2296 1994 2442 2036 vero
2507 1972 2725 2036 omnia

478 2061 662 2139 grata
725 2061 972 2142 praeter
1039 2080 1236 2122 unum
1305 2058 1777 2123 acerbissimum
1844 2061 1908 2122 et
1958 2058 2105 2136 tale,
2159 2064 2232 2123 ut
2284 2058 2409 2122 nisi
2470 2058 2725 2140 Jupiter

479 2144 742 2208 fulmine
811 2148 1039 2225 tangat
1104 2144 1434 2226 theologos
1495 2144 1696 2209 nostri
1756 2146 2075 2227 temporiS,
2123 2166 2249 2209 non
2297 2146 2497 2210 colam
2541 2144 2724 2208 Jovis

481 2253 728 2295 numen.
819 2230 982 2294 Nam
1031 2231 1470 2295 sanctissimus
1515 2234 1579 2294 et
1622 2230 2045 2309 doctissimuS,
2092 2231 2298 2295 omnis
2337 2230 2475 2295 aevi
2508 2231 2721 2307 decuS,

479 2317 759 2381 omnium
834 2318 1157 2383 literarum
1224 2317 1537 2399 princepS‚
1611 2317 1891 2381 Joannes
1956 2316 2268 2382 Reuchlin
2336 2318 2665 2399 indignam
2694 2329 2724 2357 ⁸

479 2404 612 2468 suis
657 2404 886 2472 studiis
930 2404 1312 2470 sententiam
1357 2404 1488 2468 sive
1534 2402 1821 2468 Caesaris
1867 2404 1999 2468 sive
2045 2402 2408 2469 Caesariani
2459 2406 2721 2469 senatus

481 2491 792 2555 instinctu
835 2491 1271 2573 theologorum
1322 2490 1475 2554 tulit
1519 2491 1984 2574 damnatusque
2029 2494 2126 2555 est
2171 2494 2234 2555 et
2280 2487 2723 2573 proscriptus⁸

482 2578 640 2652 Heu,
686 2577 839 2641 heu!
929 2576 1174 2642 Veritas
1217 2581 1486 2660 patrono
1533 2581 1722 2640 caret.
1812 2576 2118 2641 Barbaria
2162 2577 2542 2641 dominatur.
2618 2577 2723 2640 In-

483 2663 654 2728 docti
687 2664 762 2728 de
794 2663 996 2728 doctis
1024 2663 1334 2746 judicant.
1426 2663 1553 2728 Sed
1583 2662 1739 2726 haec
1766 2663 1795 2701 b
1839 2663 2090 2745 longam
2123 2664 2455 2746 postulant
2481 2664 2723 2728 lamen-

479 2750 788 2814 tationem
857 2750 1206 2814 Hieremiae
1274 2750 1635 2833 prophetae.
1724 2749 2077 2830 Responde,
2139 2772 2286 2813 num
2341 2749 2559 2814 literas
2618 2771 2721 2812 ac-

484 2836 740 2919 ceperiS,
809 2859 841 2900 e
911 2836 1144 2918 quibus
1217 2835 1569 2918 intelligere
1642 2838 1893 2917 poteras
1969 2835 2301 2899 consilium
2365 2858 2575 2900 meum
2644 2835 2720 2898 de

481 2921 778 3005 parochia
839 2921 1422 2988 Schonateusium.⁴
1512 2921 1687 2986 Tuus
1751 2920 1979 2986 Janus⁵
2040 2921 2199 2985 bene
2258 2922 2467 2986 servit.
2566 2921 2723 2986 Erat

480 3008 717 3072 Paulus
786 3008 1078 3090 Aquilius
1142 3009 1471 3091 stupidior,
1536 3007 1873 3085 remissior,
1949 3007 2241 3072 sedatior.
2353 3008 2556 3072 Janus
2624 3011 2722 3072 est

481 3094 723 3175 agilior,
789 3094 1094 3172 solertior,
1162 3095 1442 3159 alacrior.
1546 3093 1659 3158 Ille
1722 3093 2001 3170 Saturni,
2069 3093 2173 3158 hic
2240 3093 2461 3158 Martis
2529 3093 2719 3172 filius,

481 3185 746 3262 uterque
803 3202 993 3264 prope
1023 3193 1048 3222 0
1107 3181 1605 3265 superstitiosus.
1697 3179 1917 3244 Oravit
1978 3179 2086 3244 ille
2129 3183 2203 3245 ut
2246 3181 2559 3258 sacerdOS,
2616 3180 2720 3244 hic

617 3399 645 3428 a
670 3383 912 3452 indignis.
954 3383 1099 3436 Tem.
1118 3403 1135 3435 .·
1172 3383 1454 3450 indignam.
1594 3387 1623 3425 b
1650 3383 1781 3436 haec
1814 3381 1938 3448 fehlt
1973 3381 2057 3434 bei
2092 3381 2239 3434 Tem.
2376 3398 2403 3424 ο
2432 3382 2628 3449 probe?

623 3455 639 3485 ¹
677 3453 916 3522 Geiger
950 3451 1231 3520 (Reuchlin
1267 3452 1316 3506 S.
1355 3451 1476 3521 349)
1513 3451 1585 3505 ist
1618 3452 1839 3521 geneigt,
1878 3451 1978 3504 den
2014 3451 2161 3504 Brief
2189 3452 2245 3503 in
2281 3451 2382 3503 den
2416 3451 2558 3504 Marz
2588 3451 2722 3504 1514

483 3538 550 3575 zu
595 3525 787 3575 setzen.
848 3522 999 3575 Doch
1045 3521 1172 3590 folgt
1219 3521 1480 3590 abgesehn
1523 3538 1627 3574 von
1674 3522 1793 3574 dem
1829 3520 2024 3572 Datum
2060 3535 2145 3572 am
2180 3519 2399 3573 Schluss
2452 3519 2724 3579 bestimmt

483 3607 578 3644 aus
631 3592 722 3645 der
772 3591 1104 3658 Bemerkung
1151 3590 1284 3642 iiber
1334 3590 1367 3642 J
1369 3605 1499 3642 anus
1552 3589 1795 3656 UrbicuS,
1850 3589 1943 3641 der
1994 3605 2089 3642 vor
2140 3588 2405 3656 Pfingsten
2457 3591 2588 3642 1513
2626 3604 2721 3642 aus

482 3659 690 3713 Urbans
726 3660 914 3712 Dienst
946 3659 1004 3711 in
1038 3659 1139 3711 den
1173 3659 1404 3711 Mutians
1438 3658 1687 3724 iibertrat,
1736 3659 1857 3711 dass
1892 3673 1949 3710 er
1982 3657 2038 3709 in
2072 3657 2175 3710 den
2210 3657 2317 3710 Mai
2354 3659 2487 3711 1513
2522 3657 2719 3726 gehort.

485 3729 504 3760 ²
539 3727 651 3782 Seit
686 3729 821 3782 1510
855 3728 909 3780 in
943 3727 1124 3782 Fulda.
1183 3727 1233 3782 S.
1274 3729 1368 3780 151
1409 3727 1470 3780 A.
1513 3729 1562 3780 3.
1667 3729 1689 3760 ³
1721 3725 2048 3780 Maximilian
2082 3725 2227 3779 hatte
2261 3724 2337 3778 im
2375 3725 2557 3780 Oktob.
2587 3725 2723 3779 1512

485 3796 636 3850 einen
670 3796 1231 3851 Konfiskationsbefehl
1265 3811 1431 3865 gegen
1463 3795 1751 3849 Reuchlins
1787 3795 2168 3863 Augenspiegel
2203 3794 2448 3862 erlassen,
2479 3796 2573 3848 der
2598 3795 2723 3848 aber

483 3867 590 3919 erst
623 3866 680 3919 E.
719 3865 852 3920 Nov.
891 3865 1278 3919 veroffentlicht
1311 3865 1505 3918 wurde.
1579 3865 1781 3934 Geiger,
1816 3864 1877 3918 R.
1916 3863 1966 3918 S.
2005 3864 2119 3918 269.
2190 3863 2476 3916 Vielleicht
2521 3879 2631 3916 war
2665 3879 2723 3916 es

482 3935 621 3990 auch
655 3935 770 3988 eine
805 3935 1073 3988 veih-iihte
1127 3933 1418 3989 Nachricht
1462 3950 1567 3988 von
1616 3935 1707 3987 der
1748 3932 2119 4002 Verurteilung
2153 3949 2256 3986 von
2291 3931 2582 3985 Reuchlins
2615 3932 2722 3984 De-

481 4004 644 4058 fensio
679 4005 726 4059 9.
763 4005 887 4059 Juli.
959 4003 1147 4072 Geiger
1181 4003 1231 4058 S.
1271 4002 1388 4056 281.
1529 4003 1551 4035 ⁴
1584 4001 1787 4056 Mutian
1839 4002 2111 4055 wiinschte
2167 4001 2309 4054 disse
2360 4001 2616 4054 Parochie
2654 4017 2723 4052 zu

483 4073 716 4127 Gunsten
753 4074 844 4127 des
878 4074 1059 4127 JanuS.
1113 4073 1231 4142 Vgl.
1269 4072 1354 4126 Br.
1394 4071 1522 4124 319:
1559 4072 1757 4126 »Senex
1792 4071 1947 4138 opilio
1966 4071 2105 4138 pagi
2127 4069 2400 4123 Schonatis
2426 4070 2553 4138 quid
2574 4069 2720 4136 agit?

482 4142 539 4195 Si
569 4142 813 4210 animam,
847 4141 1012 4211 vigila
1043 4145 1103 4194 ut
1137 4143 1269 4195 Jano
1306 4139 1649 4194 consulatur.«
1701 4140 1779 4194 Ob
1805 4139 2019 4192 hiermit
2040 4141 2204 4193 Janus
2230 4138 2471 4206 Urbicus,
2488 4138 2721 4192 Mutians

481 4211 690 4279 Diener,
728 4212 959 4280 gemeint
992 4211 1062 4264 ist
1097 4212 1220 4265 oder
1256 4210 1342 4263 ein
1375 4209 1430 4260 in
1465 4209 1551 4264 Br.
1589 4211 1685 4263 511
1725 4210 1817 4262 des
1854 4209 1976 4262 Cod.
2016 4208 2193 4278 (1515)
2229 4208 2520 4262 erwahnter
2552 4208 2719 4260 Janus

483 4281 642 4334 Jonas
676 4288 875 4347 »pastor
923 4280 1104 4334 ovium
1147 4278 1397 4348 beneficio
1445 4278 1880 4330 archimandritae
1933 4275 2298 4346 Georgivallis«
2349 4276 2464 4344 (des
2518 4275 2717 4343 Abtes),

483 4349 554 4402 ist
595 4350 744 4402 nicht
780 4366 846 4401 zu
882 4349 1232 4402 entscheiden.
1302 4348 1448 4400 Uber
1482 4347 1571 4399 die
1605 4347 1857 4400 Parochie
1902 4345 2144 4399 Schiinau
2178 4345 2281 4411 vgl.
2322 4345 2405 4400 ΒΥ.
2446 4345 2562 4400 254.
2600 4345 2715 4398 277.

552 4420 572 4452 ⁵
605 4418 849 4489 Urbicus.
887 4419 979 4471 der
1012 4417 1326 4487 Nachfolger
1363 4417 1455 4472 des
1489 4416 1689 4470 Paulus
1726 4415 1982 4484 Aquilius.
2018 4415 2105 4468 Br.
2144 4414 2257 4469 233.
