3084 4895
1126 411 1180 463 M
1183 409 1338 465 ntian
1373 426 1443 463 an
1480 409 1803 463 Hartmann.
2474 408 2603 473 533

341 581 704 647 habeantur
749 586 813 646 et
856 583 1041 665 quasi
1107 580 1412 644 vilescant
1465 579 1806 643 aestimato
1866 580 2069 661 pretio
2128 577 2602 641 sobellinorun.

341 667 622 732 Mirabar
665 667 796 731 tale
844 667 1218 731 beneficium
1254 666 1395 729 istis
1427 664 1901 728 barbarissimis
1933 662 2233 744 gentibus
2264 662 2607 727 indulsisse

337 757 655 816 naturam.
773 751 1133 834 Respondit
1221 750 1557 814 Eobanusi
1648 770 1777 811 non
1853 769 2062 811 carere
2136 748 2603 811 Hartm‘annum

333 838 722 901 auctoritate
783 842 855 901 et
920 837 1128 919 gratia
1197 836 1364 917 apud
1435 832 1815 907 Bructer08,¹
1898 832 2171 896 Polonos
2244 837 2309 896 et
2380 832 2603 897 fratres

335 922 742 987 Teutonicos
836 920 1178 1004 Cognitum
1217 920 1360 996 sibi,
1395 920 1632 1003 quibus
1664 918 1961 982 laudibus
1991 918 2293 981 Poloniae
2338 938 2600 999 regnum

334 1012 510 1071 tuam
581 1006 1010 1089 eloquentiam
1079 1005 1359 1082 attollat,
1432 1004 1590 1087 quid
1653 1004 1886 1067 Daciae
1950 1024 2239 1087 proceres
2293 1003 2371 1065 de
2409 1002 2600 1083 juris-

336 1092 566 1176 peritia
611 1098 724 1156 tua
772 1093 1140 1174 loquantur,
1187 1113 1315 1154 non
1362 1091 1500 1153 sine
1564 1089 1851 1153 maxima·
1903 1089 2344 1163 admiratione,
2410 1088 2601 1170 idque

337 1178 735 1241 verissimum
787 1200 923 1241 esse
969 1175 1333 1240 affirmabat
1381 1176 1456 1239 de
1503 1174 1775 1257 pellibus
1818 1175 1884 1237 in
1930 1175 2133 1256 pretio
2194 1173 2453 1251 habitis,
2509 1174 2601 1237 ita

338 1268 412 1325 ut
454 1266 716 1343 negaret
762 1262 1102 1326 olosericas
1150 1266 1360 1323 vestes
1407 1281 1690 1342 auroque
1734 1261 2013 1341 rigentes
2057 1259 2255 1341 pluris
2288 1263 2597 1324 constare.

335 1346 656 1411 Servierat
721 1351 910 1427 poeta
971 1350 1187 1410 noster
1249 1346 1546 1428 episcopo
1610 1344 1947 1423 ditissimo,
1996 1346 2096 1407 cui
2142 1345 2223 1407 ob
2270 1344 2597 1427 ingenium

333 1437 400 1496 et
442 1432 632 1496 fidem
679 1436 743 1495 et
789 1432 1204 1497 suavissimos
1251 1452 1458 1495 mores
1503 1430 1907 1512 gratissimus
1953 1434 2105 1493 erat.
2196 1429 2440 1492 Nomen
2488 1453 2598 1495 ex-

333 1518 489 1581 cidit
554 1514 760 1581 mihi.²
852 1516 1191 1581 Habitavit
1251 1517 1313 1579 in
1377 1516 1525 1579 aula
1584 1537 1725 1578 cum
1793 1515 2007 1579 eodem
2070 1514 2365 1596 episcopo
2422 1515 2597 1581 etin

333 1602 628 1666 intimam
674 1601 1176 1667 familiaritatem
1226 1605 1452 1683 utpote
1497 1600 1911 1664 cancellarius
1966 1604 2033 1664 et
2089 1601 2399 1681 interpres
2460 1621 2600 1682 per-

333 1687 530 1753 venit.
620 1686 902 1751 Tandem
975 1686 1126 1751 fatis
1195 1688 1288 1751 ita
1357 1686 1761 1750 volventibus
1828 1684 2065 1749 relictis
2130 1685 2449 1749 Bructeris
2472 1685 2598 1748 *ad

332 1772 686 1837 Erfordiam
744 1772 1130 1854 remigravit.
1219 1771 1412 1835 Miror
1455 1776 1671 1835 autem
1718 1770 1887 1833 hunc
1944 1770 2135 1834 talem
2200 1772 2597 1851 magistrum,

329 1862 463 1923 tam
493 1870 521 1899 ⁸
569 1860 890 1941 egregium
923 1862 1178 1939 poetam
1211 1858 1422 1921 minus
1453 1878 1589 1920 esse
1613 1860 1764 1919 tuae
1797 1854 2178 1919 sublimitati
2202 1855 2595 1932 familiarem,

335 1966 477 2007 cum
524 1944 933 2007 doctissimus
987 1943 1256 2026 quisque
1303 1942 1763 2006 Germanorum
1810 1940 1957 2004 huic
2001 1939 2276 2003 lauream
2312 1941 2596 2022 primam,

331 2029 460 2092 imo
535 2029 706 2110 quod
780 2029 984 2111 majus
1056 2034 1153 2091 est
1219 2027 1709 2091 christianorum
1785 2032 2113 2109 poetarum
2190 2024 2461 2108 palmam
2534 2030 2598 2089 et

332 2115 761 2196 praestantiae
829 2135 1128 2178 coronam
1198 2114 1502 2194 assignet.
1592 2112 1770 2175 Jussi
1838 2112 2054 2189 igitur,
2119 2116 2189 2175 ut
2248 2111 2466 2173 statim
2530 2134 2596 2175 se

330 2199 474 2278 tibi,
523 2198 873 2263 Maecenati
921 2205 1164 2275 nostro,
1233 2200 1605 2263 insinuaret.
1696 2194 2029 2261 Miraberis
2097 2196 2592 2261 concinnitatem

333 2285 648 2348 carminis.
738 2283 881 2348 Non
939 2284 1228 2361 Bavium,
1285 2306 1412 2347 non
1474 2282 1814 2358 Maevium,
1863 2304 1989 2345 non
2037 2279 2417 2358 Choerilum,
2484 2282 2593 2347 sed

331 2368 654 2434 Tibullum
717 2374 782 2433 et
843 2370 1142 2435 Ovidium
1210 2369 1532 2453 exprimit.
1624 2368 1852 2433 Parum
1920 2368 2071 2430 dixi.
2162 2366 2483 2430 Tibullum
2532 2376 2597 2430 et

338 2455 657 2534 Ovidium,
705 2456 803 2519 vel
847 2457 904 2520 si
948 2457 1104 2539 quid
1148 2457 1214 2518 in
1262 2477 1335 2519 eo
1384 2476 1614 2536 genere
1661 2454 2044 2537 praeclarius
2076 2456 2192 2532 est,
2226 2452 2417 2534 longo
2452 2459 2597 2533 post

339 2563 408 2605 se
454 2540 790 2605 intervallo
833 2541 1096 2624 reliquit
1122 2542 1152 2581 b
1197 2544 1261 2604 et
1307 2540 1559 2604 obtinet
1602 2540 1867 2622 gloriam
1919 2559 2241 2620 uunquam
2276 2537 2596 2602 interituri

335 2626 630 2690 nominiS.
724 2627 876 2707 Eg0,
926 2629 1010 2690 mi
1057 2626 1306 2708 praesul
1352 2631 1416 2690 et
1461 2629 1747 2708 patrone,
1786 2625 1895 2708 qui
1944 2647 2023 2688 ex
2068 2623 2365 2688 secundis
2404 2624 2594 2692 rebus

334 2713 466 2775 tuis
535 2711 969 2776 incredibilem
1039 2713 1430 2794 voluptatem
1503 2712 1811 2792 concipio,
1868 2714 2045 2774 totus
2100 2709 2394 2772 addictus
2444 2714 2595 2782 tuae

340 2797 652 2873 felicitati,
697 2796 1032 2861 Eobanum
1092 2797 1360 2860 Hessum
1425 2797 1694 2861 concilio
1740 2797 1861 2859 tibi
1904 2819 1979 2860 ac
2024 2795 2245 2858 dedico
2308 2794 2592 2866 futurum

332 2884 395 2945 in
458 2887 571 2946 tua
632 2883 834 2946 tutela
890 2887 952 2946 et
1015 2883 1345 2965 praesidio.
1444 2879 1971 2947 Honestissimum
2043 2885 2210 2944 esset
2266 2885 2330 2944 et
2393 2880 2596 2944 instar

333 2969 857 3046 immortalitatiS,
904 2969 960 3033 si
1006 2970 1266 3032 Crotum
1301 2972 1366 3031 et
1396 2967 1727 3032 Eobanum
1762 2966 2001 3032 Fuldae
2032 2966 2250 3030 aleres.
2332 2965 2591 3030 Crotum

335 3053 545 3117 fecisti
591 3053 996 3128 cardinalem,
1043 3057 1244 3116 restat
1287 3057 1361 3116 ut
1405 3052 1599 3116 Croto
1647 3057 1902 3135 poetam
1962 3051 2431 3115 nobilissimum
2480 3051 2593 3114 ad-

325 3139 578 3220 jungas.
670 3139 812 3201 Non
858 3141 1022 3221 petit
1087 3139 1465 3218 templorum
1536 3138 1897 3217 vectigalia,
1966 3159 2168 3217 neque
2237 3137 2401 3198 enim
2473 3136 2594 3198 diis

333 3223 644 3305 fumigare
689 3230 902 3306 potest
947 3223 1138 3286 ducta
1182 3224 1438 3286 domum
1486 3223 1751 3303 virgine,
1796 3245 1874 3284 ex
1921 3244 2047 3303 quo
2107 3243 2260 3284 sane
2322 3221 2592 3301 intelligi

331 3312 566 3390 potest,
613 3330 842 3388 magne
877 3309 1186 3391 pontifex,
1224 3307 1462 3388 optime
1495 3308 1626 3370 fore
1663 3306 2106 3370 cancellarium
2141 3307 2237 3368 vel
2271 3327 2589 3368 censorem

327 3393 733 3469 rusticorum,
781 3415 1166 3475 quamquam
1225 3393 1304 3455 ad
1359 3393 1575 3454 omnia
1635 3392 1803 3455 domi
1872 3392 2149 3472 forisque
2219 3390 2594 3453 illustranda

329 3478 516 3542 valde
581 3477 850 3542 idoneus
895 3500 1032 3540 esse
1079 3478 1385 3542 videatur.
1476 3477 1703 3540 Verum
1774 3477 1931 3540 haec
2000 3481 2148 3540 tuae
2217 3474 2594 3557 prudentiae

331 3563 588 3645 plenius
633 3563 1066 3645 dispensanda
1108 3563 1418 3642 relinqu0,
1466 3565 1806 3625 contentus
1850 3561 2164 3625 obtulisse
2210 3561 2480 3642 primum
2528 3563 2593 3621 et

328 3646 743 3711 utilissimum
791 3654 1142 3729 poetarum,
1188 3647 1254 3710 in
1299 3667 1428 3728 quo
1477 3647 1653 3710 nulla
1698 3647 2081 3728 malignitaS,
2141 3646 2352 3708 nullus
2411 3644 2593 3720 livor,

327 3732 506 3796 nulla
574 3733 940 3814 arrogantia
1008 3733 1328 3796 timeatur.
1418 3731 1621 3795 Totus
1686 3733 1855 3794 enim
1925 3731 2161 3814 probus
2229 3735 2346 3804 est,
2415 3732 2591 3792 totus

328 3819 634 3894 sincerae,
696 3821 873 3881 totus
937 3818 1262 3881 modestus
1308 3821 1374 3880 et
1415 3816 1760 3892 officiosus,
1816 3818 1882 3879 in
1944 3816 2123 3879 seriis
2170 3817 2475 3890 attentuS‚
2523 3813 2588 3875 in

320 3903 486 3985 jocis
531 3901 816 3965 urbanus
865 3906 928 3965 et
973 3903 1271 3984 cytharae
1317 3901 1569 3966 deditus
1602 3908 1665 3965 et
1697 3902 1881 3983 plane
1912 3913 1936 3940 ⁰
1981 3899 2260 3963 omnium
2297 3899 2588 3961 horarum

466 4133 494 4160 ο
522 4120 575 4170 et
607 4123 737 4170 statt
772 4121 880 4170 tam
924 4118 1071 4170 Tenx.
1213 4124 1240 4160 b
1268 4118 1517 4186 relinquit
1558 4118 1704 4170 Tenx.
1847 4132 1871 4159 o
1900 4119 2050 4184 plone
2090 4117 2237 4168 Tem.

473 4188 488 4218 ¹
523 4186 786 4238 Darunter
841 4187 1081 4239 versteht
1119 4186 1186 4240 M.
1236 4187 1385 4238 nicht
1437 4188 1530 4238 das
1584 4203 1686 4238 von
1740 4186 1840 4237 (len
1894 4185 2119 4236 Romern
2156 4199 2213 4236 so
2254 4183 2589 4236 bezeichnete

327 4253 466 4306 Volk
487 4269 554 4306 an
574 4255 668 4306 der
689 4255 832 4320 Ems,
854 4256 1074 4308 sondern
1114 4256 1197 4307 die
1231 4255 1549 4307 Einwohner
1584 4254 1677 4306 des
1712 4253 2097 4305 Ordenslandes
2136 4252 2411 4305 Preussen.
2471 4250 2589 4317 Vgl.

323 4321 377 4375 S.
415 4321 519 4374 489
555 4325 617 4374 A.
653 4324 701 4376 4.
844 4325 864 4355 ²
897 4322 1128 4376 Bischob
1178 4323 1315 4376 Hiob
1371 4339 1473 4374 von
1521 4321 1858 4387 Riesenburg.
1930 4312 2077 4374 Uber
2128 4321 2229 4372 den
2282 4318 2593 4375 Aufenthalt

327 4389 538 4447 Eobans
574 4391 628 4444 in
664 4390 926 4446 Preussen
963 4391 1348 4462 (1509-1513)
1386 4389 1656 4458 Krause,
1692 4389 1751 4444 E.
1788 4389 1852 4445 Η.
1893 4389 1933 4454 I,
1970 4389 2223 4443 92-109.
