3084 4895
1173 401 1385 473 Mutian
1409 423 1488 465 *an
1523 398 1723 466 urban.
2439 401 2569 482 351

335 570 536 658 facit·
631 581 864 647 Putavi
923 579 1004 653 ab
1052 579 1426 652 adversariis
1475 579 1693 648 fictam
1738 601 1876 646 esse
1923 579 2414 658 damnationem,
2462 579 2569 645 sed

324 672 628 744 constans
687 665 864 733 Croti
923 667 1138 748 opinio
1193 667 1363 746 cogit
1425 688 1520 728 me
1574 687 1785 731 veram
1846 688 1983 730 esse
2048 665 2314 730 credere.
2405 665 2568 742 Quid

323 759 516 836 putas
562 754 624 816 in
659 775 851 818 causa
897 752 1038 830 fuit,
1082 757 1154 814 ut
1199 753 1284 814 sit
1313 751 1701 818 damnatus?
1790 751 2136 834 Fingamus
2182 751 2564 827 verisimilia,

321 841 624 920 quoniam
689 841 922 902 veritas
988 860 1104 901 nos
1147 839 1284 918 ipsa
1339 838 1512 908 latet.
1604 837 1815 900 Invisa
1876 842 1973 900 est
2027 839 2193 920 apud
2254 837 2572 902 credulam

318 927 575 990 turbam
620 925 879 1006 judaica
925 924 1260 987 dementia.
1337 923 1519 1006 Vulgi
1554 925 1881 1004 opiniones
1914 923 2049 987 sine
2080 924 2355 1006 periculo
2389 945 2571 996 nemo

318 1013 694 1076 mutaverit.
763 1011 1058 1076 Audebat
1100 1009 1344 1090 aliquid
1387 1007 1717 1074 Socrates:
1766 1010 1941 1073 mori*
1968 1015 2225 1074 coactus
2258 1015 2372 1074 est.
2428 1009 2574 1072 Dis-

305 1098 527 1169 ‘sensit
571 1119 610 1160 a
654 1097 844 1178 vulgo
892 1096 1296 1163 Aristoteles:
1358 1116 1484 1158 non
1531 1095 1597 1158 id
1644 1094 1851 1176 palam
1898 1117 2090 1170 ausus
2135 1100 2233 1160 est
2278 1096 2571 1178 profiteri.

325 1183 541 1246 Cessit
587 1182 1090 1260 Atheniensibus
1136 1181 1336 1258 Plat0,
1385 1204 1465 1246 ne
1497 1181 1596 1248 bis
1628 1183 1689 1244 in
1724 1181 2185 1264 philosophiam
2220 1187 2569 1262 peccarent.

323 1268 605 1350 Scripsit
651 1290 761 1351 pro
807 1268 988 1332 libris
1047 1267 1472 1332 Hebraeorum
1521 1288 1648 1333 non
1696 1268 1949 1330 urendis
2015 1268 2295 1332 Joannes
2340 1272 2575 1349 noster,

320 1377 482 1418 usus
529 1355 676 1420 stilo
723 1355 964 1430 licenti,
1011 1354 1428 1418 ostentationi
1473 1354 1695 1434 magiS,
1756 1358 1829 1416 ut
1874 1354 2079 1417 dicam
2134 1353 2300 1436 quod
2346 1354 2572 1432 senti0,

319 1463 520 1523 quam
570 1441 890 1504 communi
935 1440 1206 1514 utilitati
1251 1441 1743 1502 accommodate.
1805 1437 1967 1503 Nam
2000 1461 2139 1504 cum
2186 1440 2407 1503 odiosa
2437 1461 2569 1503 sce-

319 1528 618 1609 lestaque
664 1527 910 1607 colligit
955 1527 1035 1589 ad
1071 1547 1298 1589 causae
1330 1547 1480 1588 suae
1512 1524 1971 1606 probationem,
2004 1526 2252 1590 videtur
2282 1547 2407 1588 non
2439 1530 2571 1589 tam

318 1614 678 1694 effingere⁸
747 1612 1024 1688 inutilia,
1091 1633 1281 1693 quam
1327 1634 1392 1676 se
1438 1611 1641 1674 multa
1705 1611 1863 1674 scire
1921 1611 2195 1692 jactare:
2263 1611 2430 1692 quod
2476 1615 2573 1674 est

317 1700 703 1782 arrogantis.
795 1697 918 1765 Sed
967 1698 1024 1760 si
1053 1698 1347 1761 latuisset
1391 1697 1454 1760 in
1503 1697 1857 1760 secretariis
1894 1696 2114 1772 Urielis
2162 1697 2379 1761 datum
2426 1718 2575 1762 con-

317 1783 586 1863 silium²,
633 1805 764 1849 non
809 1784 1197 1848 clamassent
1245 1783 1649 1847 Arnoldistae
1694 1782 2010 1846 tollendos
2058 1805 2193 1848 esse
2238 1783 2314 1847 de
2347 1784 2451 1848 via
2480 1784 2574 1846 la-

317 1871 520 1954 pides.
560 1920 565 1926 .
613 1871 896 1951 Arrepsit
941 1875 1136 1952 quota
1191 1871 1399 1950 portio
1459 1869 1669 1950 gentis
1730 1867 2070 1950 Apelleae⁸.
2161 1868 2382 1933 Trahit
2426 1890 2576 1933 con-

319 1958 537 2022 silium
584 1978 712 2020 non
757 1955 838 2020 ad
876 1956 1208 2037 judicium,
1271 1955 1380 2020 sed
1425 1956 1504 2018 ad
1552 1955 1949 2036 supplicium.
2040 1955 2174 2018 Hac
2220 1960 2429 2019 motus
2473 1955 2573 2020 in-

315 2043 490 2126 juria
515 2041 823 2107 Reuchlin
854 2042 985 2108 edit
1015 2042 1082 2104 in
1106 2041 1306 2106 lucem
1331 2059 1491 2105 suae
1512 2040 1721 2106 laudis
1748 2046 2055 2122 respectu,
2086 2043 2257 2122 quod
2285 2041 2577 2123 publicae

321 2129 553 2194 salutis
595 2129 802 2210 gratia
847 2127 1072 2192 melius
1126 2129 1191 2191 in
1236 2127 1518 2192 tenebris
1566 2125 1938 2208 jacuissetz⁴
1997 2128 2254 2190 tametsi
2298 2149 2397 2190 me
2442 2149 2569 2192 non

324 2215 614 2279 offendat
657 2214 982 2296 scriptoris
1027 2214 1306 2276 libertas,
1397 2211 1617 2276 Laudo
1651 2213 1997 2294 ingenium,
2032 2213 2381 2279 doctrinam
2414 2212 2576 2279 mul-

225 2353 232 2364 .
325 2301 610 2384 tiplicem
659 2305 722 2366 et
765 2299 1095 2380 antiquam
1141 2299 1436 2374 admiror,
1495 2299 1604 2362 sed
1652 2299 1799 2363 novi
1844 2299 2074 2372 molam
2121 2300 2183 2362 in
2230 2299 2575 2380 Evangelio

323 2388 690 2467 asinariam,
717 2408 878 2469 quae
911 2407 1026 2451 nos
1058 2386 1332 2451 deterret
1362 2386 1442 2447 ab
1469 2385 1815 2471 offensione
1847 2385 2244 2467 simplicium.
2290 2384 2577 2467 Emergit

324 2472 694 2552 Arnoldus⁵‚
727 2473 836 2555 qui
867 2494 1188 2547 sacrarum
1219 2472 1538 2538 literarum
1572 2472 1913 2538 acerrimus
1945 2471 2215 2535 habetur
2245 2473 2573 2554 interpres.

328 2560 626 2641 Castigat
669 2580 784 2623 suo
815 2579 1004 2623 more.
1074 2558 1236 2633 Nam
1283 2558 1512 2621 aetatis
1544 2563 1795 2622 nostrae
1822 2559 1851 2597 b
1882 2556 2181 2639 theologi,
2230 2558 2519 2639 quamvis
2550 2568 2577 2597 ‘⁵

326 2648 535 2729 inepti
580 2651 644 2709 et
674 2644 944 2723 barbari,
989 2648 1224 2721 tamen,
1270 2645 1453 2727 quasi
1495 2666 1639 2708 cum
1668 2643 1867 2709 Paulo
1913 2643 2249 2709 didicerint
2290 2645 2359 2707 in
2387 2644 2577 2710 tertio

332 2734 530 2811 coele,
563 2732 834 2795 alienam
867 2752 1120 2814 carpere
1149 2731 1355 2795 solent
1384 2729 1783 2794 industriam.
1830 2728 2087 2802 Utinam
2122 2734 2575 2811 cognoscerent

237 2888 242 2897 .
327 2818 487 2883 illud
535 2815 852 2883 Ciceronis
898 2818 963 2881 in
1012 2814 1413 2881 Sallustium:
1483 2814 1746 2897 „Carere
1792 2815 1979 2879 debet
2024 2816 2196 2879 omni
2242 2816 2416 2895 vitio,
2464 2816 2575 2897 qui

328 2905 393 2967 in
429 2905 700 2969 alterum
747 2904 952 2969 dicere
997 2908 1258 2985 paratus
1305 2900 1492 2965 est.“⁶
1566 2901 1791 2965 Demat
1837 2901 2165 2983 hypocrita
2208 2902 2451 2966 trabem
2496 2924 2577 2965 ex

330 2990 554 3065 oculis
581 2991 733 3067 suiS,
783 2988 1043 3071 „tollere
1075 2989 1127 3052 si
1159 2990 1298 3053 vult
1325 2989 1354 3029 ‘¹
1397 2988 1703 3051 festucam
1752 2988 1827 3050 de
1870 2989 2085 3053 fratris
2129 2988 2385 3053 ocello.“
2454 2986 2575 3051 Ca-

337 3078 540 3157 stigat
599 3077 854 3157 inquam
887 3086 912 3113 ⁰
959 3074 1292 3149 ArnolduS,
1360 3074 1467 3138 sed
1527 3075 1839 3153 castigata
1907 3073 2283 3137 remordent.
2374 3074 2457 3137 Et
2500 3075 2577 3137 de

333 3160 540 3227 fumo⁷
593 3162 818 3225 incidit
861 3162 927 3226 in
973 3162 1181 3241 ignem
1229 3184 1303 3227 ac
1347 3161 1593 3224 invenit
1640 3159 1786 3223 mali
1834 3160 2184 3241 coagulum.
2246 3159 2409 3223 Nam
2440 3161 2577 3241 opi-

338 3250 528 3313 nione
561 3271 674 3313 sua
720 3248 978 3311 inflatus
1025 3248 1326 3311 mendosa
1371 3248 1617 3328 quaerit
1664 3246 1726 3307 in
1761 3267 1946 3327 opere
1978 3243 2337 3319 Reuchlin,⁸
2384 3268 2577 3327 prava

339 3357 482 3399 cum
546 3334 736 3398 rectis
795 3334 1148 3397 confundit.
1236 3334 1490 3397 Invadit
1541 3333 1745 3395 virum
1808 3332 2065 3407 bonum,
2126 3354 2199 3395 ac
2259 3334 2309 3395 si
2356 3353 2577 3396 censor

343 3426 530 3489 esset,
575 3426 639 3485 et
683 3424 970 3503 proterve
1003 3426 1210 3485 vexat.
1305 3419 1497 3482 Addit
1556 3439 1757 3499 nugas
1815 3416 2343 3483 versificatorum⁹
2402 3422 2466 3481 et
2510 3440 2577 3481 se

477 3634 504 3663 ⁸
533 3621 775 3687 effugere.
880 3620 909 3659 b
935 3616 1118 3671 nostri.
1223 3628 1248 3656 0
1273 3612 1397 3667 licet
1429 3616 1557 3667 statt
1592 3611 1834 3681 quamvis
1874 3611 2021 3665 Tenx.
2128 3614 2157 3653 d
2184 3610 2327 3663 volet
2362 3610 2507 3662 Tem.

339 3702 366 3730 θ
389 3689 606 3757 inquam
641 3687 766 3755 fehlt
800 3686 884 3739 bei
919 3686 1066 3739 Tenx.
1713 3748 1723 3758 ⁸

478 3760 491 3790 ¹
529 3758 648 3826 Vgl.
684 3772 792 3811 vor.
829 3754 914 3810 ΒΓ.
1056 3757 1076 3787 ²
1110 3754 1217 3805 Das
1271 3768 1400 3804 vom·
1437 3750 1629 3803 Kaiser
1680 3749 2050 3817 eingeforderte
2104 3748 2399 3801 Gutachten
2447 3747 2577 3799 iiber

341 3826 425 3877 die
459 3826 836 3879 Judenbiicher
883 3825 1029 3877 hatte
1075 3822 1333 3875 Reuchlin
1381 3818 1661 3887 versiegelt
1706 3834 1773 3871 an
1808 3819 1907 3870 den
1942 3818 2092 3870 Erzb.
2130 3816 2281 3870 Uriel
2317 3834 2364 3871 v.
2401 3815 2574 3869 Mainz

345 3894 716 3962 eingeschickt.
773 3894 888 3946 Okt.
929 3894 1075 3946 1510.
1217 3892 1237 3923 3
1270 3889 1605 3952 Pfefferkorn,
1655 3888 1747 3939 der
1782 3888 1875 3939 das
1912 3886 2206 3938 Gutachten
2244 3886 2432 3938 offnete
2467 3886 2574 3937 und

343 3964 526 4015 seinen
561 3960 911 4031 Handspiegel
948 3961 1134 4013 Ostern
1172 3962 1296 4012 1511
1352 3974 1513 4025 gegen
1550 3955 1810 4009 Rcuchlin
1859 3955 2054 4007 erlieSS.
2194 3956 2215 3986 ⁴
2249 3954 2330 4007 Im
2368 3957 2576 4021 Augen-

343 4032 539 4100 spiegel
587 4032 780 4085 Her-list
818 4033 963 4085 1511.
1104 4032 1124 4061 5
1156 4028 1351 4081 Arnold
1391 4043 1488 4077 von
1523 4026 1778 4092 Tungcm,
1832 4024 2057 4091 Theolog
2092 4024 2183 4075 der
2216 4022 2411 4075 Kolner
2444 4022 2575 4075 Uni-

345 4102 582 4167 versitat3
631 4118 686 4153 ei·
721 4100 892 4153 stcllte
941 4100 994 4151 in
1031 4100 1130 4151 den
1169 4095 1390 4149 Articuli
1424 4096 1537 4147 sive
1577 4094 1947 4161 propositiones
1984 4100 2079 4144 etc.
2123 4092 2255 4143 1512
2306 4092 2389 4143 die
2428 4092 2575 4143 hare-

344 4168 546 4221 tischen
600 4170 1014 4237 Behauptungen
1068 4166 1354 4219 Reuchlins
1403 4180 1496 4216 aus
1534 4164 1654 4215 dem
1690 4160 2074 4229 Augenspiegel
2120 4177 2437 4213 zusammen.

347 4238 368 4267 ⁰
400 4237 791 4304 Pseudocicem,
829 4238 890 4291 In
925 4236 1046 4291 Sall.
1085 4240 1312 4289 controv.
1349 4233 1467 4298 Vll,
1489 4232 1569 4285 ⁶21.
1713 4233 1731 4263 ⁷
1754 4230 2078 4297 Anspielung
2112 4231 2203 4281 auf
2235 4230 2336 4281 den
2370 4230 2576 4302 Namen

345 4304 628 4359 Reuchlins
662 4309 716 4359 in
756 4306 1002 4359 beliebter
1019 4301 1226 4369 Weise3
1265 4305 1328 4355 (19
1352 4303 1494 4355 fumo
1527 4302 1594 4353 ad
1616 4301 1883 4353 flammam
1905 4300 1975 4350 ist
2000 4299 2237 4366 zugleich
2260 4299 2342 4361 ein
2363 4298 2575 4364 Sprich-

349 4381 473 4427 wort
510 4392 604 4429 aus
645 4375 903 4429 Erasmus'
926 4376 1160 4442 Adagien
1187 4375 1240 4425 in
1261 4374 1380 4425 dem
1401 4369 1581 4422 Sinne:
1622 4369 1764 4421 scine
1786 4368 1925 4435 Lage
1950 4371 2057 4419 cist
2093 4368 2241 4419 recht
2266 4366 2577 4420 verschlim-

352 4457 504 4499 mern.
645 4447 666 4477 ⁸
701 4444 928 4499 Genitiv.
978 4444 1099 4513 VgL
1148 4443 1202 4497 S.
1259 4444 1323 4495 65
1364 4441 1426 4491 A.
1467 4441 1510 4491 1.
1649 4440 1671 4469 ⁹
1703 4438 1801 4489 Die
1836 4436 2032 4509 Kolner
2067 4436 2261 4489 Poeten
2308 4436 2576 4487 Hermann
