3084 4895
1224 352 1436 406 Mutian
1473 367 1542 405 an
1582 349 1846 420 Spalatin.
2537 345 2671 432 169⁴

402 525 598 589 robur
648 529 927 589 enervat.
1023 524 1216 586 Recte
1268 521 1576 604 praecipit
1619 520 1935 583 Valerius:
1999 523 2072 582 ut
2118 517 2377 598 meliora
2421 537 2667 597 semper

405 611 760 691 cogitemus
826 630 1166 682 memores,
1235 607 1503 672 stultum
1574 629 1709 668 esse
1774 605 2169 667 infelicitatis
2235 624 2300 664 se
2368 601 2668 664 damnare

405 718 730 778 spemque,
777 717 940 776 quae
984 697 1175 758 etiam
1224 694 1467 756 incerta
1511 695 1680 765 recte
1726 690 1919 765 fovet,
1967 688 2281 752 interdum
2329 690 2562 749 certam
2598 686 2661 748 in

401 783 904 863 desperationem
952 779 1362 844 convertere.¹
1437 777 1683 840 Valeas.
1777 775 1961 838 Sicut
2006 781 2097 850 tu,
2145 773 2399 837 Urbane
2446 777 2509 834 et
2542 771 2665 834 He-

401 866 690 944 reborde‚
751 865 1077 946 conjuncti
1123 865 1297 943 estis,
1359 865 1452 926 ita
1499 885 1626 926 non
1688 863 1841 924 estis
1901 861 2020 922 hac
2075 857 2347 941 epistola
2404 857 2663 919 discreti

401 974 477 1015 ac
522 949 846 1035 separati.²

711 1050 833 1104 Cod.
869 1049 1004 1103 Frcf.
1045 1050 1158 1101 111.

403 1184 633 1255 (Gotha.)
1453 1167 1593 1232 133.
2349 1177 2427 1243 (E.
2468 1175 2601 1229 1509
2612 1173 2661 1242 22)

1119 1292 1407 1362 Mutian
1453 1311 1552 1362 an
1598 1291 1963 1376 spalatin.

403 1421 684 1488 (Spalatin
726 1422 820 1474 hat
853 1438 955 1473 von
1003 1421 1212 1474 Urbane
1257 1421 1464 1473 Besuch
1508 1421 1726 1473 erziihlt.
1796 1419 1991 1472 Fach’s
2037 1419 2243 1472 Besuch
2294 1416 2377 1470 bei
2424 1414 2659 1467 Muciam.

405 1490 634 1543 Sellener
666 1489 1032 1556 Briefweclzsel
1061 1506 1234 1557 weyen
1267 1491 1358 1542 der
1391 1489 1558 1542 hohen
1592 1489 1966 1556 Fordemmyen
2008 1489 2099 1540 der
2132 1486 2451 1554 Briefboten.
2528 1484 2661 1550 Spa-

401 1558 543 1610 latin
575 1558 689 1610 will
720 1557 994 1610 Mmtiat
1027 1559 1118 1610 der
1155 1558 1344 1610 Rechte
1385 1559 1603 1620 werden,
1652 1574 1805 1610 woxu
1837 1574 1895 1608 er
1927 1555 2075 1609 nicht
2108 1562 2213 1609 erst
2256 1555 2438 1608 vor-ker
2479 1553 2661 1614 Balou-

402 1625 580 1679 larius
605 1643 680 1680 κα
697 1627 901 1680 werden
918 1625 1154 1680 brauckt.
1199 1627 1366 1680 Guter
1388 1627 1498 1680 Rat
1519 1643 1694 1694 weqen
1715 1625 2018 1678 Ver-haltans
2040 1642 2172 1678 xum
2195 1621 2663 1690 Oberhofmeister.)

1039 1740 1307 1800 Georgio
1344 1739 1669 1800 spalatino
1705 1740 1789 1792 M.
1826 1738 2047 1789 Rufus·

614 1831 678 1895 S.
772 1833 1003 1915 Accepi
1063 1833 1280 1896 literas
1343 1839 1509 1911 tuaS‚
1571 1835 1633 1895 in
1693 1833 1927 1916 quibus
1992 1831 2402 1913 significabas
2465 1830 2660 1892 fuisse

403 1919 574 1999 apud
620 1922 682 1980 te
733 1917 1080 1995 Urbanum,
1139 1919 1245 1999 qui
1297 1921 1519 1983 merito
1582 1920 1921 2002 primatum
1984 1922 2163 1980 tenet
2207 1918 2373 1984 inter
2424 1915 2661 1978 amicos

405 2003 745 2083 sapientes.
843 2004 1040 2085 Hujus
1103 2005 1365 2067 consilio
1431 2005 1603 2068 situ
1650 2005 2059 2084 acquieveriS‚
2126 2001 2283 2064 nihil
2331 2006 2428 2064 est
2489 2000 2657 2080 quod

412 2089 658 2151 timeas
742 2088 1105 2154 Arbitratur
1137 2090 1302 2152 enim
1336 2090 1418 2153 ab
1451 2091 1625 2154 omni
1660 2091 1757 2152 vel
1790 2089 1997 2170 specie
2029 2089 2179 2150 mali
2210 2085 2663 2149 abstinendum

406 2195 544 2237 esse
588 2175 938 2238 secundum
989 2175 1278 2256 Apostoli
1325 2177 1728 2239 sententiam.
1800 2171 2164 2237 Phacchus⁸
2196 2172 2363 2253 apud
2398 2193 2495 2234 me
2529 2169 2663 2232 dies

407 2259 658 2340 aliquot
703 2259 966 2323 desedit.
1058 2259 1254 2343 Cupit
1313 2261 1607 2324 coelestis
1669 2261 1933 2324 militiae
1996 2259 2251 2339 cingulo
2320 2255 2662 2339 praecingi.

406 2343 550 2408 Non
608 2367 910 2426 repugno
1015 2345 1172 2408 Nam
1238 2345 1290 2408 si
1346 2346 1506 2427 juris
1570 2346 1897 2410 scientiam
1966 2344 2258 2425 religioni
2318 2340 2663 2424 copulabit,

408 2432 752 2495 canonicus
811 2431 934 2494 erit
990 2431 1054 2493 in
1103 2454 1245 2495 arce
1291 2431 1785 2513 Wittenburgia.
1878 2430 2011 2513 Ego
2073 2429 2152 2493 ad
2198 2435 2260 2493 te
2306 2427 2526 2491 multis
2590 2426 2666 2490 de

408 2517 619 2579 causis
662 2517 865 2580 rarius
910 2518 1138 2593 scribO,
1186 2540 1265 2579 ex
1297 2518 1533 2598 quibus
1580 2518 1831 2598 aliquae
1878 2515 2268 2579 necessariae
2300 2519 2473 2588 sunt,
2507 2534 2665 2575 non-

413 2602 625 2665 nullae
672 2602 1042 2665 voluntatiS.
1134 2602 1404 2666 Necesse
1451 2610 1550 2666 est
1596 2608 1686 2677 ut,
1749 2602 2004 2683 quando
2052 2602 2283 2663 desunt
2326 2598 2665 2675 tabellarii,

408 2692 674 2749 taceam.
767 2688 846 2749 Et
891 2689 943 2749 si
992 2688 1291 2751 affuerint
1339 2710 1537 2751 naevo
1586 2688 1866 2751 malitiae
1906 2686 2148 2762 infecti,
2194 2685 2464 2748 scribere
2496 2682 2663 2746 nol0.

409 2771 567 2845 Scis,
616 2793 805 2854 quarn
854 2772 939 2835 sit
984 2773 1143 2835 lucri
1189 2775 1456 2854 cupidus
1501 2774 1609 2836 ille
1655 2772 2077 2836 Gothensium
2125 2792 2359 2835 cursor.
2439 2768 2668 2831 Vendit

408 2858 584 2930 mihi,
619 2880 747 2920 non
781 2858 891 2920 dat
919 2858 1153 2923 literas.
1244 2859 1380 2922 Nisi
1415 2859 1656 2922 nummi
1689 2860 1819 2921 sint
1852 2880 2000 2939 prae
2036 2880 2244 2927 manu,
2279 2877 2407 2919 non
2440 2854 2663 2917 reddit.

411 2942 480 3006 Si
527 2943 738 3005 minus
785 2943 970 3005 datur
1017 2966 1208 3024 quam
1258 2946 1410 3021 vult,
1461 2944 1781 3007 maledicit
1826 2944 2009 3024 quasi
2052 2943 2385 3005 fraudatus
2428 2940 2663 3003 debito.

408 3027 628 3107 Neque
673 3028 754 3091 ab
801 3028 926 3090 illis
971 3029 1175 3091 solum
1223 3030 1473 3111 accipit,
1523 3030 1633 3110 qui
1680 3030 1934 3104 debent,
1982 3028 2091 3089 sed
2122 3028 2314 3089 etiam
2348 3027 2425 3087 de
2455 3046 2667 3088 acces—

411 3114 598 3175 soriis
643 3116 706 3175 et
754 3112 1010 3193 aliunde
1072 3115 1238 3176 datis
1297 3116 1496 3177 literis
1558 3114 1907 3177 mercedem
1968 3113 2236 3195 flagitat.
2330 3111 2502 3186 Quae
2569 3132 2666 3171 res

410 3220 509 3259 me
574 3198 728 3260 facit
782 3198 1140 3261 tardiore-m.
1233 3198 1571 3262 Praeterea
1630 3204 1776 3263 tuas
1836 3221 2019 3261 curas
2076 3195 2479 3277 interpellare
2541 3216 2663 3256 non

411 3282 582 3360 licet,
629 3304 707 3345 ne
754 3282 974 3345 dicant
1017 3283 1348 3360 Palatini,⁴
1410 3285 1519 3366 qui
1576 3284 1853 3348 stimulis
1910 3288 2225 3365 pungunt,
2283 3279 2668 3343 contumelia

409 3369 718 3431 infestant
782 3367 968 3430 alios:
1047 3368 1246 3449 „Quid
1317 3369 1649 3432 nobiscum
1710 3373 1807 3431 est
1870 3368 2194 3431 nobilitati
2260 3362 2660 3429 literariae‘?“

408 3454 632 3535 Itaque
677 3474 793 3516 nec
821 3464 849 3491 ¹⁵
891 3458 1039 3515 tuas
1086 3459 1386 3535 exspecto
1445 3477 1649 3535 neque
1695 3476 1867 3517 meas
1912 3451 2335 3534 exspectabiS‚
2398 3450 2522 3512 nisi
2567 3471 2666 3511 res

409 3538 751 3602 admodum
820 3538 1079 3617 grandis
1139 3544 1383 3619 urgeat.
1490 3538 1745 3613 StudeS‚
1804 3542 1877 3601 ut
1938 3537 2095 3600 mihi
2156 3534 2406 3599 dicitur.
2497 3534 2668 3596 Bene

409 3624 600 3701 facis3
661 3623 770 3685 sed
815 3623 1043 3685 modus
1089 3624 1268 3686 assit.
1364 3624 1637 3688 Baculus
1689 3624 1849 3705 juris
1911 3624 2003 3685 sic
2047 3620 2372 3703 praeteriri
2433 3623 2665 3700 potest,

408 3712 481 3771 ut
527 3710 592 3772 in
639 3708 915 3789 petenda
961 3708 1274 3771 licentiab
1331 3708 1547 3788 (quam
1595 3708 1853 3789 vocant)
1910 3712 2158 3770 ematur
2218 3711 2387 3769 stato
2447 3704 2665 3785 pretio.

413 3794 520 3857 Ait
567 3793 900 3855 Phacchus
945 3793 1112 3855 idem
1159 3794 1238 3855 ab
1287 3794 1430 3856 aliis
1473 3794 1747 3872 factum3
1796 3816 1862 3855 se
1894 3814 2149 3873 quoque
2194 3792 2313 3854 niti
2360 3790 2437 3852 ad
2469 3790 2667 3852 licen-

542 3944 571 3972 a
597 3946 680 3981 ne.
820 3931 849 3969 b
876 3926 1093 3982 licentia
1124 3927 1251 3994 fehlt
1285 3928 1369 3981 bei
1403 3928 1552 3981 Tenx.
2378 3924 2386 3929 ’

549 3998 562 4027 ¹
599 3996 716 4049 Val.
754 3994 1022 4049 Maximus
1057 3996 1256 4051 Factor.
1295 3998 1350 4049 et
1385 3998 1506 4049 dict.
1547 4013 1704 4049 mem.
1746 3996 1833 4061 VI,
1872 3996 1905 4048 9
1927 3997 2044 4049 Anf.
2095 3994 2215 4046 Wir
2249 3992 2397 4045 lesen
2424 3992 2558 4059 jetzt
2590 3992 2667 4043 fo-

407 4066 574 4116 vetur.
648 4067 669 4097 ²
691 4065 875 4117 Urban
909 4063 1043 4116 hielt
1077 4064 1192 4117 sich
1227 4065 1660 4133 voriibergehend
1694 4065 1749 4115 in
1785 4063 2135 4131 Georgenthal
2169 4062 2271 4115 auf.
2346 4062 2367 4093 ³
2389 4059 2669 4112 Balthasar

406 4132 565 4184 Fach.
605 4133 654 4186 S.
675 4133 710 4185 8
746 4134 807 4183 A.
831 4134 878 4186 2.
952 4132 1126 4185 Wenn
1163 4134 1257 4186 der
1291 4133 1362 4184 im
1401 4133 1488 4186 ΒΥ.
1514 4134 1613 4185 114
1648 4133 2073 4200 vorausgesetzte
2109 4129 2320 4183 Besuch
2356 4128 2443 4181 bei
2464 4126 2669 4180 Mutian

405 4200 646 4253 derselbe
681 4201 753 4254 ist
787 4201 887 4253 wie
933 4201 1027 4253 der
1062 4201 1118 4253 in
1153 4202 1360 4269 obigem
1395 4201 1480 4256 Br.
1522 4201 1791 4254 erwahnte
1842 4205 1971 4265 (was
2018 4198 2225 4251 freilich
2269 4196 2573 4263 ungewiss)‚
2610 4210 2667 4247 so

402 4269 544 4322 kann
577 4269 824 4321 letzterer
856 4269 1014 4321 nicht
1036 4270 1171 4322 nach
1194 4270 1326 4323 1509
1362 4270 1711 4336 geschrieben
1744 4268 1871 4321 sein.
1928 4268 2084 4320 Auch
2102 4267 2187 4319 die
2204 4264 2540 4331 Erwahnung
2575 4263 2667 4315 des

402 4337 736 4391 miirrischen
771 4337 1151 4410 Vorgesetzten
1187 4336 1452 4408 Spalatins
1491 4338 1644 4391 ffihrt
1678 4337 1875 4391 darauf.
1982 4336 2003 4367 ⁴
2035 4334 2135 4389 Die
2170 4332 2428 4403 Hoflinge.
