3084 4895
408 415 489 488 62
1180 415 1353 473 Briefe
1388 434 1489 472 von
1531 414 1888 474 1505-1508,

414 595 771 658 interdicto.
864 593 1001 656 Huc
1047 594 1224 671 adde,
1273 595 1442 674 quod
1490 593 1700 676 cupidi
1746 593 2018 655 libenter
2059 589 2368 672 jejunant,
2417 597 2490 657 ut
2533 593 2664 656 suis

415 686 697 764 parcant.
787 680 959 744 Inter
1029 701 1247 743 omnes
1316 681 1712 762 pontificales
1777 679 2194 742 sanctiones⁸
2260 678 2413 742 haec
2479 680 2663 742 unice

417 767 626 848 placet
672 788 883 830 avaro.
977 765 1098 829 Sed
1138 768 1305 840 audi,
1352 788 1477 846 qua
1510 767 1747 829 fuerint
1779 765 2042 847 majores
2075 766 2275 828 nostri
2306 766 2660 846 prudentia,

414 858 488 917 ut
532 857 929 916 occurrerent
972 855 1186 916 taliter
1229 852 1722 916 abstinentibus.
1813 851 2210 916 Addiderunt
2251 851 2506 932 jejuniis
2537 850 2661 915 ele—

416 961 814 1021 mosynarum
884 939 1263 1020 largitatem‚
1325 943 1397 1002 ut
1455 939 1686 1001 divesb
1739 940 1900 1001 sciat
1960 959 2181 1020 parum
2241 960 2308 1000 se
2367 938 2664 1019 proficere

411 1026 776 1108 jejunandO,
843 1026 966 1088 nisi
1012 1030 1075 1088 et
1130 1047 1243 1088 sua
1307 1025 1647 1106 dispenset.
1738 1024 1942 1100 Quare
2009 1025 2258 1106 signavi
2322 1023 2527 1087 locum
2595 1026 2662 1088 in

414 1113 647 1192 Leone,
700 1113 809 1175 ubi
866 1116 1171 1175 notantur
1235 1112 1375 1188 tria,
1434 1132 1597 1192 quae
1659 1111 1933 1174 maxime
1990 1111 2350 1192 pertineant
2391 1111 2473 1174 ad
2517 1110 2661 1173 reli-

412 1199 625 1280 giosas
686 1199 985 1262 actiones.
1079 1197 1358 1260 Primum
1421 1203 1517 1260 est
1577 1198 1779 1261 oratio
1837 1197 1935 1260 vel
1990 1197 2408 1279 supplicantis
2453 1198 2548 1279 vel
2595 1197 2660 1259 in

414 1285 715 1348 laudibus
761 1284 992 1348 divinis
1025 1283 1375 1347 exultantis
1406 1284 1503 1346 vel
1535 1285 1857 1347 offerentis
1888 1283 2282 1361 sacrificium,
2315 1284 2658 1347 secundum

413 1376 513 1434 est
539 1371 867 1453 jejunium,
900 1371 1156 1434 tertium
1188 1381 1213 1408 0
1260 1370 1634 1450 elemosyna.
1668 1371 1698 1409 ἃ
1781 1369 1913 1450 Ego
1946 1370 2186 1451 sumpsi
2218 1391 2458 1451 pennas
2490 1391 2660 1432 meas

418 1457 694 1521 diluculo
742 1463 805 1519 et
850 1457 1169 1537 pervolavi
1224 1455 1503 1518 Leonina
1562 1455 1834 1537 praedia.
1927 1455 2019 1518 Tu
2069 1477 2337 1538 quoque,
2384 1456 2436 1519 si
2481 1456 2658 1534 legiS,

415 1544 681 1624 perlege.
772 1542 887 1604 Est
931 1544 1095 1604 enim
1143 1542 1208 1604 in
1254 1542 1460 1604 Leone
1509 1543 1806 1623 majestas
1851 1542 2200 1623 apostolica
2246 1546 2310 1604 et
2353 1543 2660 1604 sanctitas

414 1630 775 1711 evangelica
820 1633 883 1692 et-
928 1629 1207 1709 gravitas
1254 1627 1627 1691 Catoniana.
1719 1628 1884 1692 Vale.

718 1728 838 1782 eod.
876 1728 1007 1780 Frof.
1045 1728 1112 1781 52
1132 1727 1220 1796 (b).

333 1865 336 1868 ’
413 1866 642 1936 (Gotha.)
1470 1867 1571 1930 56,
2266 1863 2426 1932 (Miirz
2465 1863 2596 1917 1506
2611 1862 2658 1928 Ρ)

1161 1993 1447 2063 Mutian
1491 2014 1588 2062 an
1638 1992 1912 2063 Urban.

412 2125 713 2196 (Spalatins
747 2122 1078 2192 xweitdyzyer
1112 2123 1327 2175 Besuelz.
1400 2124 1658 2177 Parochie
1693 2122 2101 2176 Hohmvlcirelaen.
2173 2122 2544 2189 Befiirchtuny,
2570 2121 2661 2172 der

411 2197 511 2249 Abt
547 2212 647 2248 ron
681 2194 921 2260 Here-feld
953 2193 1149 2245 m‘o'ehte
1183 2193 1280 2245 das
1315 2192 1517 2245 Kloster
1551 2194 1638 2244 des
1672 2192 2154 2246 Patronatsreehtes
2189 2192 2460 2244 berauben.
2532 2191 2657 2243 Um-

1069 2261 1225 2314 triebe
1258 2263 1345 2314 des
1380 2262 1567 2314 Morus
1601 2261 1716 2313 zmd
1757 2261 1995 2328 Gotilus.)

681 2378 927 2439 optimo
962 2378 1043 2427 Η.
1080 2378 1335 2427 Urbano
1371 2390 1656 2428 carorum
1692 2378 2005 2428 carissimo
2042 2379 2128 2428 M.
2166 2377 2385 2429 Rufus·

618 2490 682 2555 S.
774 2491 1051 2571 Legatus
1098 2490 1369 2554 Gotham
1421 2490 1791 2571 Spalatinus
1835 2512 1873 2555 a
1919 2492 2172 2557 domino
2218 2493 2431 2572 Vallis,
2480 2500 2550 2558 ut
2580 2495 2655 2557 li-

410 2586 579 2645 teras
609 2578 727 2641 fori
757 2576 1028 2641 Romani
1071 2577 1257 2640 nobis
1303 2577 1648 2654 exhiberet.
1698 2580 2045 2658 permansit
2083 2580 2186 2642 hic
2219 2581 2477 2645 biduum
2511 2582 2654 2645 hor-

414 2671 555 2729 tatu
600 2685 758 2728 mec.
849 2663 1327 2745 Disputavimus
1372 2663 1448 2726 de
1494 2665 1712 2727 multis
1756 2666 1835 2727 ad
1881 2667 2092 2730 studia
2144 2667 2466 2731 literarum
2522 2690 2658 2750 per-

407 2750 784 2827 tinentibus,
832 2750 909 2812 de
954 2749 1185 2830 quibus
1229 2754 1295 2812 te
1338 2748 1530 2813 faciet
1575 2752 1898 2814 certiorem
1947 2758 2019 2815 ut
2065 2754 2337 2817 amicum
2370 2761 2653 2819 nostrum

410 2837 827 2901 individuum.
873 2835 1069 2899 Facta
1103 2840 1197 2899 est
1230 2836 1417 2899 etiam
1453 2838 1692 2901 mentio
1721 2848 1746 2876 0
1791 2838 1868 2900 de
1893 2838 2190 2919 parochia
2216 2840 2650 2922 Honokyrice.¹

411 2923 570 2988 Mihi
602 2923 874 3004 placeret
907 2926 970 2985 et
1002 2923 1186 3004 quasi
1217 2925 1636 2987 necessarium
1685 2924 2020 3000 videretur,
2055 2926 2107 2987 si
2141 2932 2203 2990 et
2234 2927 2351 2988 tibi
2385 2950 2653 3010 quoque,

412 3016 485 3074 ut
528 3030 854 3094 possessor
898 3008 1216 3071 seniculus
1264 3010 1528 3085 cederet,
1588 3010 1787 3073 abbas
1845 3016 2095 3093 recepto
2135 3012 2276 3093 jure
2321 3014 2652 3077 confestim

412 3099 547 3161 sine
594 3094 923 3159 intervallo
972 3094 1418 3158 conferendum
1453 3103 1717 3159 curaret.
1810 3095 2137 3161 Timentur
2170 3099 2335 3161 enim
2369 3100 2654 3163 homines

412 3183 715 3265 vigilaces
761 3181 974 3244 Morus
1020 3187 1083 3243 et
1129 3180 1420 3259 corilus?
1469 3184 1578 3262 qui
1627 3183 1848 3245 diebus
1895 3186 2322 3265 superioribus
2367 3188 2429 3248 in
2480 3188 2653 3250 Hirs-

414 3269 603 3333 feldia
647 3269 920 3332 fuerunt.
1013 3266 1082 3329 Si
1127 3273 1305 3349 pater
1350 3273 1499 3331 tuus
1559 3270 1915 3351 persuaderi
1977 3276 2206 3352 potest,
2265 3273 2532 3353 primum
2581 3278 2650 3337 tu

411 3356 758 3420 Erfordiam
832 3354 956 3417 ibis
1030 3359 1093 3417 et
1166 3353 1405 3418 auxilio
1481 3354 1819 3436 sigilliferi³
1895 3378 2106 3420 senem
2183 3358 2649 3422 circumvenieS.

408 3444 647 3507 Deinde
705 3463 949 3505 mecum
1004 3441 1082 3503 ad
1144 3440 1540 3504 Hirsfeldiam
1598 3444 1716 3505 iter
1771 3442 1977 3505 facies,
2068 3443 2225 3507 Nam
2277 3450 2338 3508 et
2384 3467 2499 3525 ego
2555 3468 2654 3509 me

410 3532 474 3593 in
521 3528 787 3611 patriam
853 3527 1167 3608 recipiam.
1258 3528 1455 3590 Detur
1513 3550 1699 3591 casus
1755 3530 1991 3592 mortis,
2082 3531 2245 3606 Quid
2299 3536 2434 3594 tum
2494 3532 2653 3595 fiet?

408 3617 807 3679 Hermannus
851 3612 1134 3676 abbatis*
1181 3613 1594 3677 cancellarius
1639 3616 1894 3679 curialis
1947 3618 2262 3680 maximus
2317 3618 2485 3681 illico
2542 3640 2652 3681 vos

408 3702 725 3783 spoliaret..
814 3698 974 3764 Novi
1029 3700 1196 3762 enim
1255 3700 1578 3781 ingenium
1643 3701 1934 3764 hominis
2027 3703 2165 3767 Scis
2231 3705 2432 3785 cred0,
2502 3706 2649 3787 quid

411 3809 610 3869 nuper
655 3786 871 3867 egerit..
963 3784 1202 3848 Citavit
1246 3787 1324 3849 ad
1373 3789 1606 3849 curiam
1657 3788 1868 3851 nescio
1915 3796 2072 3869 quot
2125 3789 2455 3872 praelatos,
2547 3791 2650 3853 Ci-

408 3875 570 3961 tatio
600 3884 624 3911 ‘³
670 3872 913 3935 foribus
955 3871 1176 3953 templi
1207 3875 1404 3936 nostri
1437 3874 1767 3954 legebatur
1798 3874 2011 3939 affixa.
2087 3875 2155 3937 In
2189 3899 2289 3938 me
2321 3898 2493 3940 mora
2526 3899 2650 3941 non

542 4057 569 4084 a
597 4042 888 4095 sanxioneS.
1032 4046 1060 4084 b
1088 4043 1249 4094 durus
1290 4043 1435 4100 Tenx.
1579 4057 1604 4085 ο
1632 4043 1679 4095 ci
1713 4048 1776 4095 st.
1813 4043 1869 4096 ti.
2009 4048 2037 4086 d
2065 4044 2360 4101 elemosina.

549 4114 565 4143 ¹
602 4110 1008 4163 Hohenkirchen
1044 4112 1125 4163 bei
1165 4112 1527 4180 Georgenthal.
1579 4114 1763 4165 dessen
1811 4113 2064 4167 Parochie
2112 4115 2242 4167 1507
2290 4114 2520 4182 Spalatin
2571 4132 2651 4167 er-

409 4180 554 4233 hielt.
628 4180 745 4247 Vgl.
786 4180 869 4233 Br.
908 4180 988 4234 58.
1129 4182 1148 4212 ‘²
1184 4172 1328 4234 Uber
1362 4182 1539 4234 Morus
1576 4183 1682 4233 und
1717 4182 1898 4235 Lotius
1935 4184 2172 4253 (Cotilus)
2213 4184 2263 4237 S.
2300 4184 2366 4236 38
2403 4187 2462 4237 A.
2500 4187 2546 4238 4.

479 4252 498 4280 ³
542 4250 659 4303 Joh.
714 4249 1057 4316 Sommering,
1106 4250 1154 4303 S.
1202 4252 1261 4302 21
1316 4254 1375 4304 Α.
1417 4254 1461 4316 1,
1498 4252 1764 4304 Professor
1818 4254 1908 4304 der
1960 4253 2158 4305 Reclite
2213 4255 2265 4305 in
2323 4254 2496 4305 Erfurt
2545 4256 2650 4306 und

408 4320 597 4371 mainz,
659 4318 1101 4388 Siegelbewahrer
1154 4320 1445 4387 (sigillifer).
1601 4324 1622 4352 ⁴
1656 4322 1770 4372 Von
1826 4322 2079 4387 Heisseld,
2139 4323 2353 4389 Volpert
2411 4322 2652 4375 Riedesel

412 4388 811 4455 (1493—1514).
884 4388 981 4439 Die
1037 4390 1171 4440 Abte
1226 4406 1326 4441 von
1381 4389 1622 4441 Hcrsfeld
1676 4391 1854 4442 hatten
1908 4392 2038 4443 iiber
2088 4392 2225 4445 viele
2279 4392 2509 4443 Kirchen
2561 4393 2654 4443 der

417 4457 628 4525 Gegend
664 4458 756 4510 das
792 4457 1052 4511 Patronat.
1090 4458 1331 4525 Thuring.
1371 4474 1518 4511 sacra
1553 4477 1600 4526 p.
1638 4459 1753 4514 484.
