3084 4895
485 376 610 441 278
1306 366 1479 426 Briefe
1513 370 1607 425 des
1642 368 1692 423 J.
1732 370 1877 425 1513.

489 550 744 613 Summa
788 547 940 611 haec
985 549 1085 624 sit,
1134 552 1206 611 ut
1249 554 1312 611 te
1358 566 1603 627 sequar.
1694 542 1763 607 Si
1794 544 2011 609 audito
2044 542 2356 627 Schylone
2389 546 2456 606 et
2480 542 2715 623 Engel-

486 656 718 699 manno
758 634 1018 716 jusseris
1064 637 1134 697 ut
1177 632 1517 705 aedificem,
1566 628 1946 707 aedificab03
1992 629 2046 692 si
2093 634 2162 693 ut
2206 630 2441 701 cedam,
2491 630 2714 695 statim

377 718 384 731 '
489 742 749 798 cessem,
817 740 1174 801 quanquam
1251 719 1556 783 malorum
1624 714 1826 779 irrisio
1896 714 2037 797 plus
2100 738 2199 780 me
2267 719 2461 797 angat
2522 736 2717 795 quam

489 807 932 871 detrimentum
976 806 1064 870 rei
1109 804 1453 868 familiaris
1544 802 1786 878 ValeaS,
1831 802 2067 882 optime
2116 807 2311 885 pater,
2368 800 2716 867 amicorum

488 890 940 956 cordatissime.

791 973 911 1028 Cod.
947 973 1080 1028 Frcf.
1116 973 1231 1030 230.

489 1093 717 1163 (Gotha.)
1522 1076 1665 1143 223.
2364 1090 2501 1159 (Ans.
2540 1090 2714 1158 1513.)

1221 1186 1506 1257 Mutian
1551 1206 1647 1255 an
1688 1184 1966 1257 Urban.

490 1298 661 1365 (Auch.
710 1314 861 1351 wenn
901 1299 992 1351 cler
1037 1298 1138 1350 Abt
1171 1298 1512 1351 Materialiaem
1562 1316 1690 1351 xum
1740 1298 1889 1350 Bam
1934 1297 2085 1365 yiebt,
2121 1314 2179 1348 so
2214 1295 2285 1347 ist
2317 1294 2535 1347 dersdbe
2584 1292 2716 1345 doch

487 1367 795 1436 kostspzkliy.
867 1367 1088 1433 Deskqlb
1121 1368 1355 1420 wibnscht
1388 1385 1444 1419 er
1477 1368 1630 1420 einen
1653 1366 1851 1429 Miner,
1876 1367 1967 1418 der
1989 1366 2113 1418 baut
2136 1366 2250 1417 und
2270 1365 2367 1416 das
2398 1362 2714 1415 Gediichtnis

487 1437 577 1489 der
607 1436 752 1490 Mate
785 1437 908 1489 ekrt.
991 1434 1122 1489 Uber
1154 1436 1298 1489 scine
1331 1436 1508 1489 beiden
1552 1436 1799 1489 sehlauen
1843 1434 2229 1487 Prokwratoren
2261 1450 2335 1485 zu
2369 1431 2560 1498 Erfwrt
2600 1431 2717 1483 und
2774 1438 2788 1445 “

930 1504 1200 1574 Homberq,
1237 1506 1320 1559 die
1352 1506 1498 1559 mehr
1539 1506 1667 1559 θεῖά
1697 1504 1862 1559 haben
1896 1505 1977 1559 als
2012 1503 2265 1569 Mutian.)

578 1602 658 1651 H.
694 1604 946 1654 Urbano
983 1604 1116 1653 viro
1152 1605 1538 1655 ornatissimo
1574 1605 1843 1665 mihique
1878 1602 2241 1653 amicissimo
2276 1603 2363 1652 M.
2398 1600 2618 1651 Eume.

693 1696 755 1761 S.
847 1697 1110 1779 Agerem
1176 1700 1294 1762 tibi
1361 1700 1619 1783 gratias,
1695 1698 1863 1779 quod
1937 1698 2305 1761 vicariorum
2374 1703 2439 1759 et
2506 1718 2714 1759 meum

488 1783 813 1863 negotium
861 1785 1018 1847 bene
1061 1790 1330 1867 apteque
1385 1784 1667 1850 tractas¹
1762 1783 1884 1849 Sed
1932 1806 2161 1860 vereor,
2210 1805 2287 1845 ne
2332 1782 2568 1846 factum
2615 1804 2716 1845 me

489 1868 662 1932 dicas
724 1870 1132 1947 adulatorem,
1193 1894 1334 1934 cum
1381 1893 1452 1935 eo
1495 1870 1741 1934 venerit
1805 1869 2245 1934 benevolentia
2302 1873 2520 1932 nostra
2580 1872 2713 1931 tam

487 1956 724 2018 test-ata
768 1976 955 2036 quam
1001 1961 1239 2035 mutua,
1287 1962 1358 2021 ut
1405 1957 1528 2021 ista
1573 1956 1898 2039 popularia
1943 1978 2069 2019 non
2114 1955 2360 2038 possint
2402 1976 2528 2019 non
2577 1976 2717 2017 esse

491 2045 801 2122 suspecta.
891 2040 1196 2125 Sumptus
1250 2047 1314 2107 et
1366 2040 1651 2107 Martini²
1710 2042 2186 2107 sinisteritatem
2245 2042 2498 2121 allegas.
2586 2040 2716 2104 Res

489 2126 580 2189 ita
646 2130 760 2203 est,
828 2128 922 2191 uti
988 2128 1161 2193 dicis.
1267 2130 1613 2211 Aequiesco
1687 2128 1821 2191 tibi.
1928 2128 2053 2193 Fac
2116 2128 2289 2208 ligna
2365 2122 2715 2191 Duronius⁸

489 2211 813 2294 largiatur,
859 2213 1058 2278 stabit
1103 2215 1268 2279 enim
1314 2215 1482 2279 haud
1528 2214 1716 2279 dubie
1760 2214 2117 2297 promissis;
2162 2214 2260 2276 fac
2290 2235 2490 2277 emam
2521 2213 2736 2296 duplo.

491 2298 686 2379 plura,
734 2303 806 2363 ut
849 2300 1036 2363 isthic
1081 2301 1145 2364 in
1190 2301 1321 2366 foro
1369 2302 1465 2365 vel
1498 2304 1565 2365 in
1597 2305 1805 2364 vestro
1850 2321 2129 2378 nemore3
2175 2300 2275 2363 fac
2314 2300 2463 2363 item
2496 2300 2717 2364 adesse

491 2383 798 2465 imbrices,
842 2392 1230 2452 caementum
1277 2410 1350 2452 ac
1392 2388 1605 2452 omnia
1636 2385 2088 2451 stabilimenta:
2136 2389 2349 2452 tamen
2394 2406 2552 2468 opus
2598 2386 2719 2450 erit

491 2493 642 2535 auro
689 2472 753 2534 in
799 2474 1056 2554 reliqua.
1147 2474 1298 2538 Erat
1351 2474 1505 2538 haec
1562 2497 1697 2538 mea
1757 2473 2090 2549 sententia,
2138 2479 2209 2537 ut
2250 2478 2315 2537 te
2360 2472 2717 2536 meminisse

492 2557 796 2622 arbitror:
861 2558 982 2638 &aa
1030 2579 1128 2639 emt
1170 2562 1304 2640 frum
1366 2580 1558 2640 person
1603 2560 1705 2623 rel.
1738 2558 1806 2599 ²⁸
1892 2559 2007 2636 Ita,
2069 2559 2154 2622 mi
2218 2558 2487 2632 Urbane,
2554 2558 2719 2622 alius

493 2647 783 2725 sumptus
845 2645 1077 2708 faceret
1142 2651 1204 2710 et
1268 2651 1404 2710 rata
1469 2651 1752 2710 maneret
1819 2644 2229 2708 mortuorum⁵
2298 2645 2592 2708 voluntas
2652 2647 2721 2708 et

496 2751 680 2794 nemo
727 2752 825 2792 me
870 2730 1167 2812 culparet.
1261 2732 1595 2814 Utcunque
1640 2732 1743 2809 sit,
1812 2736 1990 2795 tuum
2042 2729 2349 2812 judicium
2409 2751 2533 2794 non
2601 2729 2721 2793 im-

494 2816 793 2898 probabO.
883 2816 974 2880 De
1019 2817 1287 2882 Martino
1343 2820 1547 2882 dicam
1607 2839 1720 2881 suo
1781 2822 2060 2899 tempore
2127 2816 2453 2880 mirabilia.
2543 2815 2720 2880 Duos

493 2900 695 2965 habeo
762 2907 1212 2983 procuratore8‚
1284 2907 1348 2968 et
1417 2905 1586 2968 hunc
1658 2908 1722 2967 et
1800 2899 2163 2983 Hombergi⁶
2236 2903 2446 2979 alium,
2534 2922 2753 2964 senes·

494 2987 774 3065 callidos,
820 2993 1123 3064 versutOS,
1157 2989 1278 3053 sibi
1307 2990 1510 3070 magis
1541 3011 1729 3070 quam
1764 2988 1916 3051 mihi
1948 2988 2364 3052 consulentes
2441 2987 2721 3068 Uterque

492 3074 704 3137 forsan
779 3074 958 3138 dabit
1029 3075 1181 3139 mihi
1257 3076 1540 3140 nonnihil
1616 3075 1971 3138 moriturus
2084 3073 2152 3138 Si
2228 3072 2380 3136 nihil
2457 3073 2720 3148 dederit,

492 3181 726 3242 poenas
772 3158 1023 3237 sentiet,
1069 3163 1122 3224 si
1168 3163 1316 3244 quid
1363 3163 1573 3225 anima
1618 3161 1701 3223 sit
1745 3181 2021 3223 sensura.
2110 3159 2243 3241 Ego
2298 3163 2507 3222 tamen
2572 3159 2720 3222 nolo

496 3267 636 3309 cum
681 3245 871 3309 larvis
914 3247 1158 3310 luctari.
1251 3248 1346 3310 Me
1391 3247 1568 3310 flocci
1615 3244 1885 3324 faciunt3
1932 3245 2089 3309 alter
2132 3244 2507 3308 adversariis
2548 3243 2723 3306 favet

496 3336 559 3395 et
603 3331 900 3394 affinibus
960 3331 1414 3406 astutissimiS,⁷
1476 3333 1633 3395 alter
1678 3336 1749 3393 ut
1796 3351 2077 3394 morosus
2124 3335 2187 3393 et
2232 3331 2405 3392 dives
2450 3351 2518 3392 se
2567 3329 2719 3392 mihi

495 3416 767 3500 praefert
825 3419 941 3480 etsi
1002 3419 1274 3482 rusticus
1319 3421 1382 3481 et
1425 3418 1721 3492 incultuS‚
1788 3421 2007 3498 utpote
2075 3415 2521 3478 Frimarianus
2609 3414 2723 3477 Ille

497 3504 726 3567 dicitur
769 3503 938 3566 mille
981 3526 1203 3568 aureos
1249 3525 1536 3567 nummos
1598 3503 1929 3576 custodire,
1995 3501 2096 3564 hic
2162 3501 2425 3564 fortasse
2489 3501 2719 3576 minuS,

495 3589 686 3669 longe·
722 3593 932 3652 tamen
979 3591 1120 3672 plus
1179 3591 1313 3652 auri
1376 3589 1569 3652 habet
1628 3609 1816 3669 quam
1878 3607 2011 3667 ego.
2102 3587 2253 3650 Inde
2316 3586 2517 3649 oritur
2568 3607 2721 3649 con-

494 3679 771 3756 temptus
830 3675 968 3737 mei.
1059 3675 1219 3750 Quid
1278 3675 1553 3738 faciam?
1642 3673 1845 3736 Didici
1905 3673 2173 3736 osculari
2230 3671 2600 3753 patientiam
2658 3676 2724 3734 et

494 3763 649 3841 puto
695 3760 914 3824 melius
961 3782 1093 3824 esse
1139 3762 1328 3824 salem
1377 3783 1515 3823 cum
1563 3780 1714 3841 pace
1759 3759 2071 3839 delingere
2132 3779 2319 3840 quam
2382 3778 2519 3820 cum
2582 3761 2721 3818 tur-

496 3845 751 3908 batione
818 3846 1055 3910 divitiis
1119 3847 1388 3911 studere.
1492 3845 1827 3927 Reliquum
1889 3847 2001 3918 est,
2067 3846 2136 3906 ut
2194 3843 2275 3906 ad
2334 3863 2407 3905 ea
2467 3863 2721 3925 quoque

629 4012 656 4039 ⁸
683 4015 754 4051 re.

635 4067 651 4096 ¹
687 4067 802 4135 Vgl.
840 4066 890 4120 S.
929 4065 1025 4117 277
1065 4067 1125 4118 A.
1163 4066 1209 4118 3.
1284 4067 1302 4096 ²
1337 4063 1554 4117 Schilos,
1592 4064 1641 4116 S.
1680 4063 1775 4114 277
1816 4069 1875 4114 A.
1912 4065 1959 4114 5.
2050 4061 2191 4114 31)(θι·
2226 4060 2342 4113 Abt.
2380 4060 2429 4113 S.
2455 4059 2553 4114 108
2586 4064 2649 4115 A.
2675 4064 2719 4114 1.

500 4135 521 4166 ⁴
554 4135 820 4190 Deutsche
867 4135 1016 4188 Satze
1050 4135 1143 4188 hat
1177 4134 1268 4185 der
1315 4132 1660 4186 Abschreiber
1712 4131 1868 4183 meist
1920 4129 2283 4182 ve1stiimmelt
2334 4129 2577 4197 gegeben.
2650 4131 2723 4184 Es

493 4202 621 4256 lasst
657 4205 769 4258 sich
807 4204 922 4256 hier
959 4208 1234 4271 erganzen:
1271 4200 1348 4252 »in
1384 4201 1524 4253 mein
1559 4201 1706 4252 Haus
1742 4200 1887 4251 ziehe
1923 4199 2029 4251 und
2067 4199 2216 4250 dafiir
2250 4198 2424 4250 bane«
2560 4200 2583 4230 ⁶
2614 4200 2723 4252 Der

496 4271 699 4326 Briider
733 4272 978 4338 MutianS,
1029 4271 1111 4324 die
1149 4272 1240 4323 das
1274 4269 1421 4322 Haus
1456 4272 1609 4322 unter
1643 4269 1735 4320 der
1766 4266 2035 4336 Bedingun
2100 4266 2386 4334 jahrlicher
2419 4266 2724 4336 Abhaltung

497 4356 598 4391 von
635 4342 959 4396 Seelmessen
995 4340 1268 4393 vermacht
1302 4339 1496 4392 hatten.
1533 4337 1583 4390 S.
1625 4339 1686 4389 15
1724 4339 1785 4388 A.
1805 4336 1850 4388 2.
1955 4337 1977 4368 ⁶
2066 4335 2238 4388 utians
2272 4334 2497 4387 Heimat.
2604 4338 2623 4369 ⁷
2658 4335 2721 4390 In

501 4409 622 4464 dem
656 4411 755 4465 seit
788 4411 820 4464 J
821 4409 981 4465 ahten
1016 4409 1393 4463 schwebenden
1427 4404 1919 4460 Erbschaftsstieite.
1956 4403 2041 4458 Br.
2078 4405 2158 4457 31.

3036 2314 3045 2409 -ιιι
