3084 4895
1318 310 1527 364 Mutian
1565 327 1633 363 an
1671 309 1868 365 Urban.
2621 314 2704 380 55

451 486 695 550 famula
763 489 1078 569 suspecta,
1140 490 1203 548 et
1262 485 1598 567 poenituit,
1666 485 1836 565 quod
1889 491 1952 547 te
2009 484 2180 548 abire
2247 507 2473 567 passus
2540 507 2706 564 sum3

450 573 681 635 fuisset
741 573 1057 635 amicitiae
1090 584 1117 611 ὅ
1180 571 1271 634 uti
1329 571 1493 634 lecto
1540 574 1778 634 nostro.
1871 569 2035 633 Cura
2081 575 2154 634 ut
2200 573 2407 634 valeas
2455 577 2518 634 et
2563 594 2704 634 san-

450 659 707 740 guinem
780 659 1013 733 mittas,
1084 657 1191 720 sed
1263 659 1521 721 modice.
1619 657 1845 720 Anima
1907 661 2000 720 est
2061 659 2127 720 in
2187 658 2514 738 sanguine,
2581 679 2706 740 quo

452 742 738 808 detracto
804 745 1063 826 spiritus
1125 767 1251 806 una
1314 745 1636 806 minuitur.
1728 743 1873 807 Ideo
1922 744 2188 810 minutio
2259 745 2446 819 dicta,
2517 765 2704 824 quam

452 831 775 894 Ausonius
838 832 1069 913 accipit
1114 851 1224 910 pro
1273 831 1443 893 coitu
1510 851 1787 892 venereo.
1881 829 2039 892 Ama
2109 829 2527 910 Spalatinum,
2596 830 2705 912 qui

451 923 518 980 te
584 917 735 981 colit
780 924 852 979 ut
898 922 1253 999 patronum.
1344 915 1475 978 Nos
1538 916 1792 979 honoris
1837 917 1932 980 tui
1979 938 2221 998 semper
2278 916 2510 979 erimus
2569 920 2704 979 stu-

453 1002 616 1067 diosi
666 1008 728 1067 et
774 1025 1099 1083 speramus
1131 1024 1256 1065 non
1292 1003 1383 1065 ita
1413 1002 1710 1065 vecordes
1743 1001 1872 1066 fore
1907 1002 2228 1076 barbaros,
2280 1007 2350 1065 ut
2381 1002 2703 1067 Urbanum

451 1091 686 1153 merito
735 1091 1011 1171 praemio
1057 1089 1368 1171 laudeque
1414 1088 1754 1152 fraudent.¹
1848 1088 1943 1152 Ex
1988 1089 2251 1152 aedibus
2299 1089 2547 1152 nostris,

778 1189 899 1243 Cod.
936 1189 1066 1243 Frcf.
1105 1189 1185 1243 26.

466 1377 697 1447 (Gotha.)
1534 1364 1634 1426 51.
2337 1379 2388 1447 (J
2391 1395 2470 1433 an.
2513 1379 2707 1448 1506.)²

1214 1490 1495 1560 Mutian
1545 1511 1637 1559 an
1687 1489 1960 1560 Urban.

462 1619 589 1684 (W
565 1620 753 1672 u'nscht
788 1619 905 1672 drei
936 1619 1143 1672 Bucher
1176 1639 1276 1672 aas
1311 1621 1401 1672 der
1436 1621 1641 1673 Klostev
1643 1619 1926 1684 biblioth&
1971 1621 2127 1672 sowi&
2167 1619 2422 1687 Selzlinye
2456 1637 2559 1671 22222·
2593 1618 2706 1670 An-

459 1689 579 1758 laye
613 1705 713 1742 von
754 1689 984 1742 Gebic‘selz
1022 1707 1101 1742 ‘em
1146 1690 1259 1742 Ga?
1260 1695 1357 1742 ten.
1396 1689 1920 1821 αἷᾶῐᾶῇηὲξζᾱῇαίίεν.
1993 1689 2158 1758 Klaqe
2207 1689 2334 1742 iiber
2379 1689 2708 1742 Umcohlsein

549 1871 795 1931 optimo
830 1873 998 1932 patri
1032 1873 1113 1922 H.
1154 1872 1407 1922 Urbano
1446 1886 1776 1923 oeconomo
1814 1873 2062 1934 egregia
2095 1872 2236 1932 fide,
2274 1871 2620 1922 eruditione

1240 1959 1542 2020 singulari
1577 1960 1664 2010 M.
1702 1960 1922 2010 Rufus,

661 2067 724 2130 S.
839 2069 1070 2150 Equini
1138 2073 1378 2152 pecoris
1445 2093 1814 2154 generosum
1883 2071 2125 2152 pullum
2194 2070 2420 2133 coloris
2477 2069 2706 2133 'Veneti

456 2154 681 2217 emisse
711 2162 773 2218 te
810 2158 956 2219 scio.
1038 2156 1381 2221 Successus
1414 2179 1742 2241 prosperos
1775 2155 2046 2221 ominor³
2094 2161 2156 2220 et
2201 2157 2367 2220 dico:
2416 2157 2704 2220 feliciter!

456 2241 624 2303 Bene
686 2244 1005 2319 convenit,
1051 2249 1123 2306 ut
1168 2249 1389 2307 auctor
1460 2267 1844 2308 summarum
1893 2245 1956 2307 in
2006 2244 2275 2307 saltibus
2335 2243 2706 2324 Georgianis

455 2327 765 2392 formosos
827 2351 1021 2410 equos
1082 2331 1227 2393 alat.
1320 2332 1473 2407 Quis
1520 2333 1684 2394 enim
1752 2331 1991 2394 nesciat
2052 2330 2374 2394 Urbanum
2423 2352 2558 2393 esse
2603 2351 2706 2392 co-

456 2414 620 2497 piosi
696 2420 889 2497 atque
963 2417 1297 2500 locupletis
1374 2418 1659 2482 coenobii
1740 2417 2170 2483 beatissimum
2247 2416 2707 2481 oeconomum?

458 2500 957 2567 Commendatur
1003 2505 1064 2565 in
1116 2526 1275 2585 equo
1322 2506 1588 2587 legendo
1636 2512 1828 2588 caput
1872 2509 2187 2587 argutum,
2234 2504 2430 2567 ardua
2474 2504 2704 2575 cervix,

456 2588 667 2651 brevis
701 2590 897 2667 alvu8,
932 2589 1123 2653 obesa
1154 2596 1350 2671 terga,
1384 2593 1738 2655 animosum
1774 2590 2043 2673 pectus.⁴
2112 2590 2232 2655 Sed
2265 2590 2610 2672 „animos“,
2638 2595 2709 2651 ut

456 2676 673 2757 inquit
715 2676 889 2739 Maro
937 2682 1150 2741 noster
1207 2678 1365 2741 libro
1410 2678 1512 2741 Ill.
1565 2679 1940 2759 Georgicon,
2007 2699 2396 2758 „aevumque
2453 2676 2708 2739 notabis

455 2760 885 2844 Praecipue.“⁵
979 2764 1345 2846 Spalatinus
1391 2769 1600 2828 tecum
1646 2771 1794 2845 aget
1838 2765 1993 2827 meis
2041 2764 2246 2833 verbis
2285 2785 2472 2845 super
2501 2764 2707 2825 tribus

457 2848 781 2912 codicibus
852 2850 926 2913 de
995 2850 1381 2914 bibliotheca
1458 2850 1807 2915 coenobiali
1883 2850 2258 2932 promendis,
2374 2848 2441 2912 Si
2513 2849 2706 2911 habes

457 2934 747 2997 salictum
822 2936 1145 3013 caeduum,
1215 2942 1359 3019 peto
1430 2939 1709 3000 stolones
1777 2937 2040 3018 aliquot,
2077 2946 2176 2999 ut
2243 2935 2462 2999 hortus
2533 2957 2706 2998 meus

456 3021 917 3084 fructifelarum
968 3026 1262 3085 arborum
1308 3025 1517 3087 minus
1563 3025 1738 3102 ferax
1783 3025 2004 3087 saltem
2051 3023 2420 3086 umbraculo
2460 3022 2706 3121 saligno

455 3107 570 3169 fiat
630 3110 970 3171 amoenior
1063 3109 1256 3173 Dabis
1317 3110 1487 3173 hunc'
1555 3132 1808 3173 aureum
1882 3131 2204 3172 nummum
2273 3108 2511 3171 vicanis
2578 3108 2706 3171 tuis

456 3193 705 3267 vetuliS,
753 3199 825 3257 ut
875 3195 1162 3276 butyrum
1211 3196 1493 3258 reddant.
1593 3196 1848 3258 Pondus
1902 3196 2250 3277 legitimum
2309 3216 2436 3257 non
2493 3194 2702 3257 habet.

455 3279 555 3342 Dii
605 3280 873 3359 perdant
915 3282 1051 3344 auri
1098 3282 1407 3344 rasore81⁶
1497 3282 1656 3363 Nam
1721 3282 2037 3348 debitores
2087 3281 2202 3343 mei
2259 3280 2412 3343 talia
2475 3280 2705 3343 nomis—

458 3372 630 3428 mata
696 3366 1070 3445 praebentes
1136 3368 1575 3444 adnumerant,
1653 3390 1776 3431 non
1844 3369 2169 3450 pensitant
2239 3366 2412 3443 mihi,
2480 3370 2543 3429 et
2588 3388 2704 3448 ego

457 3452 847 3532 scripulatim
898 3454 1255 3517 examinare
1303 3460 1365 3517 et
1409 3456 1485 3516 ad
1534 3454 1905 3535 sanguinem
1955 3475 2156 3534 usque
2203 3473 2536 3534 emungere
2579 3474 2701 3514 non

458 3539 646 3601 soleo.
710 3539 869 3602 Illud
899 3539 1261 3619 pestiferum
1288 3541 1514 3617 oleum,
1541 3506 2162 3623 q110⁰supe1stitiosi²
2201 3542 2487 3614 utuntur,
2513 3537 2706 3601 laedit

456 3629 711 3723 guttur,
746 3626 1161 3703 stomachum,
1231 3626 1573 3705 thoracem,
1638 3627 1908 3689 vesicam
1957 3631 2022 3688 et
2066 3625 2409 3705 corrumpit
2477 3646 2707 3687 memo—

458 3711 633 3785 riam,
696 3711 1014 3793 ingenium
1067 3718 1130 3775 et
1175 3713 1363 3776 vitiat
1418 3678 1770 3776 doctrinam
1831 3714 2236 3776 eruditorum.
2327 3711 2490 3774 Huic
2546 3711 2706 3773 adde

454 3796 663 3878 jurgia
710 3819 942 3873 eorum,
990 3801 1098 3879 qui
1148 3800 1353 3861 minus
1396 3799 1740 3863 liberaliter
1773 3799 2052 3862 instituti
2100 3819 2216 3861 nos
2262 3798 2704 3879 insequuntur,

458 3882 767 3947 dictiones
829 3849 1061 3947 nitidas
1108 3892 1170 3947 et
1216 3892 1445 3948 tersam
1512 3886 1894 3948 latinitatem
1943 3891 2007 3947 et
2064 3884 2302 3965 priscos
2371 3886 2706 3982 scriptores

457 3972 522 4030 et
578 3969 737 4105 juris
806 3971 1308 4035 consultissimos
1369 3992 1430 4033 et
1493 3972 1952 4035 eruditissimos
2019 3971 2410 4053 antiquarios
2478 3970 2707 4051 injuria

598 4161 823 4277 ῗὲιοίῗέη
836 4161 914 4276 tin
948 4224 1033 4278 B1.
1082 4226 1113 4276 2
1150 4229 1331 4277 trestet
1365 4226 1431 4279 M.
1470 4242 1634 4293 gegcn
1681 4225 1764 4276 die
1811 4224 2005 4276 Neider
2051 4224 2123 4275 im
2174 4222 2394 4276 Kloster.
2536 4224 2556 4253 ²
2591 4222 2704 4274 Zeit

460 4292 597 4344 nach
633 4294 723 4345 Nr.
762 4296 841 4347 53.
950 4295 971 4324 ³
1004 4294 1109 4346 Fra
1144 4295 1236 4347 das
1276 4294 1677 4346 Venetianische
1715 4294 1973 4347 Gesch·'ift.
2044 4293 2093 4344 S.
2132 4292 2196 4343 93
2235 4296 2294 4344 Α.
2333 4293 2378 4344 3.
2495 4293 2516 4323 ⁴
2549 4291 2702 4358 Verg.

461 4361 644 4429 Georg.
682 4362 776 4430 III,
815 4362 1032 4416 79—81.
1174 4363 1642 4424 ⁵111,100.⁰
1675 4362 1774 4415 Die
1809 4363 2005 4430 Kippcr
2040 4362 2146 4413 und
2182 4361 2412 4427 WVippci.
