3084 4895
449 389 575 465 144
1214 397 1389 462 Briefe
1423 427 1528 464 von
1566 407 1925 472 1508—1509.

442 571 890 657 teneriusculis
934 596 1094 639 cana
1123 579 1495 644 maturitate
1539 584 1807 663 grandia
1852 586 2151 654 inculcas
2198 591 2414 674 Lacte,
2459 597 2581 664 hoc
2610 605 2715 666 est

445 656 788 720 molliculis
833 659 1152 724 institutis
1206 662 1417 728 alendi
1477 672 1646 731 sunt.
1738 670 1935 736 Novit
1994 678 2315 742 seniculus
2368 683 2550 764 (pace
2596 691 2713 750 tua

446 741 678 823 dicam)
727 749 1054 808 tantorum
1101 747 1334 812 filiolos
1384 773 1507 814 non
1544 753 1744 817 solum
1794 755 2012 822 latinis
2044 766 2108 824 et
2140 765 2488 831 moralibus
2523 791 2707 851 prae-

443 828 644 910 ceptis
689 833 800 891 tuo
847 832 1036 894 modo
1083 833 1366 898 imbutos
1411 837 1657 917 placere
1686 861 1892 921 posse,
1926 846 2049 908 nisi
2082 848 2271 912 etiam
2304 852 2386 914 ad
2418 875 2707 920 summae

445 912 736 976 fortunae
786 916 1209 996 ‚splendorem
1267 925 1330 981 et
1385 921 1765 1002 dignitatem
1827 930 2017 1006 actio,
2079 940 2320 1012 gestae,
2391 938 2702 1019 incessuS,

437 1019 662 1073 sermo,
722 999 985 1064 habitus
1046 1001 1434 1082 formentur3
1504 1014 1847 1088 praeterea,
1916 1019 2089 1093 quod
2155 1039 2273 1097 ego
2344 1025 2701 1088 maximum

435 1105 572 1145 esse
617 1085 798 1157 duce,
874 1086 1077 1149 bonae
1123 1089 1508 1153 valetudinis
1564 1096 1875 1159 rationem
1937 1099 2316 1181 habendam,
2370 1107 2510 1170 sine
2569 1131 2702 1190 qua

434 1189 560 1231 non
611 1174 822 1249 potest
869 1175 1001 1233 tam
1049 1174 1285 1236 tenella
1331 1181 1510 1238 aetas
1556 1179 2111 1247 adulescenturire.
2188 1187 2346 1252 Item
2394 1195 2698 1259 studendi

438 1254 754 1317 industria
808 1256 1222 1337 elanguescat
1281 1263 1537 1324 necesse
1596 1271 1710 1341 est,
1776 1268 1899 1331 nisi
1958 1270 2270 1336 docilitati
2332 1281 2697 1359 corpusculi

432 1339 597 1402 vires
652 1341 994 1404 sufficiant.
1097 1343 1364 1407 Animus
1420 1348 1623 1420 enim,
1691 1356 1763 1413 ut
1824 1353 2037 1434 inquit
2107 1357 2371 1437 Plinius,
2436 1364 2695 1429 fulturis

429 1426 708 1505 corporis
741 1427 1111 1490 sustinetur.
1157 1429 1306 1492 Ideo
1341 1431 1639 1496 Solomon
1676 1435 1863 1499 dixit:
1905 1439 2080 1516 „Non
2115 1448 2212 1505 est
2244 1467 2471 1510 census
2502 1471 2696 1530 super

422 1531 681 1572 censum
729 1513 1028 1575 sanitatis
1073 1516 1411 1594 corporis.“
1505 1517 1745 1582 Scribit
1790 1521 1992 1602 Plato,
2060 1526 2214 1590 nihil
2264 1553 2399 1593 esse
2456 1535 2691 1599 melius

423 1597 718 1658 sanitate.
813 1597 981 1660 Nota
1028 1597 1124 1660 est
1171 1599 1278 1662 illa
1321 1603 1534 1665 cantio
1584 1606 1966 1672 convivalis:
2014 1612 2323 1692 optimum
2373 1619 2627 1697 quidem
2660 1633 2691 1660 ⁸
2737 1671 2744 1675 .

419 1703 557 1743 esse
604 1681 763 1742 bene
810 1682 1036 1760 valere,
1083 1686 1364 1748 secundo
1409 1687 1548 1750 loco
1594 1689 1936 1756 formosum
1986 1718 2141 1773 esse,
2201 1702 2389 1764 tertio
2452 1703 2688 1768 habere

422 1765 680 1828 divitias
737 1765 906 1829 bono
967 1770 1156 1832 modo
1224 1775 1457 1852 partas.
1550 1773 1725 1848 Quae
1783 1799 1922 1840 cum
1982 1780 2073 1843 ita
2132 1783 2280 1860 sint,
2345 1807 2686 1866 puerorum

418 1851 827 1915 incolumitas
871 1858 1022 1916 ante
1054 1856 1268 1917 omnia
1301 1858 1717 1937 custodiatur,
1753 1863 1862 1925 sed
1894 1867 2263 1945 quomodo?
2310 1870 2684 1938 Cottidiana

415 1937 892 2014 exercitatione,
959 1960 1086 2018 qua
1140 1946 1399 2004 auctore
1461 1942 1857 2017 Quintiliano
1920 1959 2151 2014 cuncta
2198 1957 2675 2022 convalescunt.

414 2022 500 2084 At
533 2022 739 2104 qualis
774 2022 942 2085 erit‘?
1028 2024 1097 2086 Id
1132 2026 1454 2090 seniculus
1495 2032 1889 2109 praescribat
1920 2057 2133 2099 earum
2167 2060 2369 2104 rerum
2406 2044 2672 2123 perit-us,

414 2108 474 2170 Is
507 2109 628 2170 etsi
661 2129 786 2170 non
821 2109 1014 2170 faciet
1061 2111 1587 2190 quinquertiones
1634 2120 1696 2177 et
1727 2117 2021 2195 athletaS,
2070 2144 2272 2203 neque
2306 2127 2473 2190 enim
2510 2131 2679 2194 mili-

413 2194 531 2256 tari
579 2193 789 2256 adhuc
835 2196 1234 2275 gymnastica
1279 2217 1438 2278 opus
1469 2203 1587 2274 est,
1635 2201 1967 2267 adhibebit
1998 2211 2211 2270 tamen
2245 2211 2609 2278 moderatas
2646 2217 2677 2254 b

363 2345 368 2349 ,
411 2278 1015 2354 ambulatiunculas‚
1063 2283 1478 2361 temporarias
1537 2284 2074 2368 obequitationeS,
2129 2296 2490 2373 aequalium
2541 2301 2674 2363 col-

408 2365 794 2427 luctationes
824 2375 868 2439 0,
916 2365 1269 2446 reciprocos
1316 2389 1556 2444 cursuS‚
1608 2391 1735 2433 non
1782 2373 1922 2436 dico
1956 2377 2299 2458 vertigines
2343 2385 2669 2464 statariaS,

406 2471 570 2530 quae
615 2451 1007 2531 perniciosae
1052 2455 1226 2523 sunt,
1271 2474 1398 2515 non
1446 2455 1773 2519 salutares,
1865 2459 2044 2535 Quod
2089 2468 2162 2526 tu
2207 2464 2379 2543 olim,
2443 2467 2671 2551 Spala-

401 2536 553 2611 tine,
590 2536 759 2616 apud
794 2534 1057 2598 Crotum
1092 2543 1390 2618 expertus
1423 2562 1488 2602 es
1521 2540 1587 2601 in
1620 2543 1902 2621 pomario
1934 2544 2333 2627 Moguntino.
2384 2551 2669 2618 Utantur

403 2622 624 2700 itaque
667 2624 798 2683 tam
846 2620 996 2683 belli
1045 2626 1109 2684 et
1155 2622 1412 2685 delicati
1443 2626 1622 2706 pueri
1668 2626 1898 2691 festiva
1941 2630 2189 2695 lusione
2222 2640 2285 2697 et
2315 2637 2468 2700 otio.
2532 2639 2668 2703 Me—

401 2706 660 2768 mineris
707 2705 990 2768 scholam
1038 2730 1076 2769 a
1121 2709 1456 2771 vacatione
1500 2710 1644 2773 dici.
1738 2712 2021 2792 Cessent,
2070 2724 2436 2798 avocentur,
2482 2723 2665 2787 laxa-

397 2798 614 2854 mento
681 2792 1024 2870 gaudeant.
1114 2790 1509 2857 Exercitatio
1581 2796 1775 2873 enim,
1839 2803 1911 2861 ut
1970 2801 2167 2864 tradit
2234 2804 2662 2873 latinissimus

395 2876 781 2939 medicorum
831 2876 1162 2939 Cornelius
1211 2876 1450 2953 CelsuS,
1514 2881 1716 2961 prima
1762 2885 2041 2964 corporis
2086 2890 2333 2953 curatio
2380 2897 2496 2954 est.
2591 2894 2663 2959 ld

399 2962 569 3043 quod
615 2960 825 3025 Numa
869 2963 1251 3042 legumlator
1297 2964 1661 3044 intelligens
1710 2966 2038 3031 damnavit
2098 2972 2440 3052 pigritiam,
2490 2977 2659 3041 desi-
2702 3014 2707 3017 ·

391 3048 582 3125 diam,
630 3048 972 3127 ignaviam,
1023 3048 1155 3110 lata
1200 3048 1338 3128 lege
1383 3050 1818 3127 saluberrima,
1867 3074 1993 3132 qua
2038 3059 2255 3121 sanxit
2300 3059 2659 3126 sellularias

389 3138 557 3195 artes
603 3154 640 3195 a
674 3133 1020 3213 peregrinis
1068 3138 1131 3195 et
1163 3134 1360 3196 servis
1392 3135 1686 3211 exerceri,
1735 3136 1980 3201 civibus
2027 3140 2432 3208 interdictas:
2481 3150 2659 3227 quod

388 3218 687 3281 videlicet
731 3217 1094 3280 sedentaria
1139 3218 1434 3299 fatigatio
1483 3225 1547 3282 et
1578 3224 1853 3302 corporis
1900 3228 1965 3285 et
1993 3226 2229 3303 pariter
2258 3231 2455 3293 animi
2490 3233 2655 3297 vires
2695 3260 2705 3270 ·

385 3304 732 3366 subnervet
777 3308 972 3383 atque
1018 3303 1328 3366 debilitet.
1423 3305 1589 3380 Quin
1636 3314 1700 3368 et
1718 3304 1915 3369 'Plato
1962 3313 2270 3393 praecipit
2313 3314 2477 3378 libro
2513 3318 2652 3381 VlIl

383 3389 476 3451 De
507 3389 774 3469 legibus,
823 3395 896 3451 ut
941 3393 1141 3451 artem
1189 3389 1472 3470 aliquam
1519 3397 1886 3455 exercentes
1932 3397 2244 3475 peregrini
2289 3398 2408 3461 XX
2438 3404 2649 3482 annis,

377 3474 434 3536 si
479 3479 631 3536 sunt
676 3476 739 3535 in
789 3474 998 3536 aliena
1045 3474 1327 3561 civitate,
1374 3475 1511 3537 sine
1560 3475 1963 3556 vectigalium
2032 3479 2353 3545 solutione
2397 3506 2648 3567 perma-

377 3563 591 3622 neant.
683 3558 816 3620 Nec
869 3559 1007 3641 ipse
1068 3559 1292 3637 ignoro
1363 3560 1588 3623 servile
1646 3564 1709 3621 et
1768 3564 2189 3626 monasticum
2262 3590 2422 3648 opus
2484 3594 2645 3652 esse,

375 3645 672 3707 sessitare
715 3649 892 3707 totos
940 3644 1073 3706 dies
1119 3645 1325 3707 instar
1384 3644 1595 3707 claudi
1657 3648 1893 3709 sutoris
1939 3652 2004 3709 et
2047 3648 2245 3729 figuli.
2338 3652 2441 3717 Sit
2487 3678 2653 3737 pue-·

374 3729 524 3790 ritia
572 3729 847 3805 liberior,
897 3733 1149 3791 cessent
1193 3730 1593 3792 truculentae
1639 3730 1848 3791 minae
1896 3732 2257 3814 clamorque
2305 3744 2370 3800 et
2413 3740 2645 3822 plagae

372 3817 697 3891 sonanteS,
753 3836 906 3894 „nec
953 3836 1197 3895 semper
1244 3815 1455 3877 acerbi
1517 3814 1787 3877 Exercet
1840 3838 2068 3897 pueros
2124 3840 2251 3882 vox
2300 3822 2642 3903 imperiosa

370 3900 678 3978 magistri.
773 3897 897 3961 Sed
944 3900 1162 3978 requie
1191 3898 1220 3937 ἃ
1267 3899 1593 3979 studiique
1637 3898 1807 3961 vices
1839 3906 2009 3964 stata
2041 3907 2325 3985 tempora
2358 3917 2637 3975 servant.

367 3983 450 4045 Et
495 3986 650 4044 satis
699 3990 796 4045 est
837 4005 1027 4065 puero
1089 3984 1350 4047 memori
1411 3984 1643 4065 legisse
1697 3984 1994 4064 libenter3
2053 3987 2133 4049 Et
2179 4011 2425 4054 cessare
2469 3996 2636 4061 licet.

369 4066 560 4148 Grajo
591 4080 614 4107 θ
646 4070 862 4131 schola
897 4070 1150 4130 nomine
1185 4070 1356 4132 dicta
1389 4076 1506 4143 est,
1538 4070 1728 4132 Justa
1764 4070 2114 4134 laboriferis
2159 4075 2531 4141 tribuantur
2562 4090 2636 4145 ut

369 4154 501 4215 otia
549 4153 839 4215 MusiS.“¹
937 4154 1089 4234 Ego,
1138 4156 1221 4216 mi
1272 4154 1623 4235 Spalatine,
1694 4155 1852 4217 nihil
1922 4158 2300 4238 confingam,
2371 4172 2635 4246 experta

500 4301 526 4327 a
555 4288 768 4353 quidem
803 4286 929 4353 fehlt
967 4287 1049 4338 bei
1087 4286 1238 4339 Temo.
1380 4289 1409 4326 b
1435 4288 1737 4364 moderatus
1776 4286 1923 4339 Tenx.
2065 4304 2089 4367 ,⁰
2116 4290 2558 4368 colluctationem.

497 4356 527 4393 d
555 4355 805 4427 requiem.
857 4354 1052 4406 Unsere
1086 4354 1371 4421 Amqaben
1407 4356 1542 4407 lesen
1579 4371 1759 4423 requie
1796 4359 1885 4420 (==
1918 4360 2163 4425 requam).
2306 4375 2330 4402 Θ
2358 4370 2519 4429 grato.

505 4424 516 4452 ¹
559 4425 759 4475 Auson.
794 4422 951 4490 Idyu.
989 4424 1040 4489 4,
1078 4423 1228 4476 2—7.
