3084 4895
672 396 882 450 Mutian
919 412 988 449 an
1027 394 1212 449 Urban
1245 392 1356 447 und
1389 391 1652 447 Herbord.
1724 392 1939 444 Mutian
1976 406 2045 445 an
2080 390 2281 446 Urban.
2500 394 2630 460 207

365 566 752 631 eanonicam
821 568 1118 631 donatus.
1207 565 1374 640 Quid
1439 564 1563 627 hoo
1624 564 1821 628 novi?
1910 564 2053 627 Non
2123 565 2371 646 indiget
2436 586 2628 647 opera

366 652 663 734 Sibyllae.
755 652 970 732 Nuper
1039 650 1206 713 enim
1279 650 1425 711 dum
1493 655 1665 712 esset
1736 648 2125 729 Erphurdiae
2191 651 2625 730 Benedictu8,¹

369 738 617 800 audivit
689 760 768 799 ex
851 738 1033 799 Henr.
1111 735 1551 815 Rotenburgio
1640 734 1993 797 medicinae
2066 736 2375 812 studiose,
2454 758 2625 819 spem

283 874 286 879 .
369 822 684 904 Spalatini
755 822 952 885 nostri
1022 821 1218 884 fuisse
1285 822 1560 883 inanem.
1666 818 1925 881 Utinam
1995 820 2057 881 id
2126 821 2317 883 ferret
2384 825 2628 885 amicus

371 914 585 970 noster
631 928 834 987 aequo
881 907 1126 969 animo!
1219 904 1402 967 Haud
1451 904 1645 967 dubie
1692 904 1865 966 brevi
1905 904 2245 969 habebitur
2280 908 2441 971 ratio
2477 930 2628 970 suae

374 992 730 1073 dignitatis
851 992 1090 1071 Optimi
1173 991 1344 1051 enim
1431 989 1636 1051 Duces
1724 990 2037 1069 optimum
2124 991 2296 1054 unici
2388 991 2631 1055 heredis

371 1078 744 1157 magistrum
819 1076 1069 1157 magnis
1135 1075 1459 1137 ornabunt
1523 1072 1895 1136 muneribus
1948 1077 2014 1138 et
2078 1075 2417 1141 beneficiis,
2508 1075 2633 1140 Vos

373 1164 617 1225 111111(ςίει
684 1161 893 1224 valete
963 1165 1027 1223 et
1084 1156 1381 1223 Sextum²
1448 1180 1655 1221 meum
1736 1159 2062 1220 remittite.
2170 1160 2265 1222 Ex
2332 1162 2633 1224 cenaculo

377 1246 640 1309 aestivo.
731 1243 974 1308 MDIX³
1035 1248 1180 1326 post
1239 1243 1672 1307 celebritatem
1738 1242 2009 1305 Joannis
2076 1243 2389 1321 abstemii,
2453 1268 2634 1328 prae-

371 1334 648 1412 ceptoris
712 1330 866 1393 Jesu
937 1328 1196 1405 Christi,
1245 1330 1464 1407 ,nost-ri
1533 1328 1851 1409 dogmatis
1912 1332 1975 1390 et
2037 1330 2206 1391 vitae
2274 1330 2631 1395 fundatoris

377 1414 711 1498 primarii*

474 1500 476 1502 .
685 1514 808 1569 Cod.
845 1513 978 1566 Frof.
1017 1512 1134 1565 110.

379 1718 611 1788 (Gotha.)
1439 1700 1579 1763 159.
2444 1720 2639 1790 (1511.)

1133 1825 1428 1895 Mutian
1473 1846 1571 1894 an
1616 1824 1894 1895 Urban.

379 1955 650 2022 (Mutians
686 1954 938 2007 Audienx
989 1954 1126 2006 heim
1161 1954 1490 2020 Kurfiirsten
1521 1954 1639 2006 und
1668 1954 1849 2005 dessen
1898 1952 2239 2007 Wohlwollen.
2309 1954 2464 2019 Bitte,
2506 1957 2643 2024 Spa-

474 2024 640 2077 latins
677 2022 1048 2091 Amehiim‘yen
1083 2023 1174 2075 ein
1219 2022 1625 2075 Umerkommm
1658 2022 1725 2073 in
1764 2022 2109 2089 Georyeoezthal
2140 2038 2215 2074 zu
2242 2024 2556 2093 yewdkrm.)

1135 2136 1218 2187 Η.
1254 2136 1512 2187 Urbano
1549 2137 1638 2187 Μ.
1673 2136 1896 2187 Rufus,

593 2245 657 2313 S.
739 2246 934 2311 Visus
976 2251 1076 2311 est
1118 2247 1275 2311 mihi
1321 2269 1476 2328 puer
1519 2251 1586 2311 et
1634 2246 1837 2311 forma
1882 2250 1947 2310 et
1990 2247 2203 2311 indole
2248 2247 2491 2329 optima
2532 2248 2645 2314 Jo-

385 2352 588 2397 annes
633 2330 1008 2410 FridericuS,
1077 2332 1266 2397 unica
1323 2353 1472 2413 spes
1515 2336 1777 2415 patriae.
1866 2332 2028 2395 Nam
2086 2336 2312 2418 patruo
2357 2336 2423 2395 et
2468 2338 2646 2415 patre

389 2416 752 2482 volentibus
797 2418 925 2482 vidi
971 2422 1036 2481 et
1080 2418 1234 2497 dixi,
1296 2439 1462 2500 quae
1507 2419 1700 2496 volui,
1762 2418 2167 2484 auscultante
2210 2417 2409 2496 sene‚⁵
2457 2439 2647 2500 quem

387 2501 761 2586 Spalatinus
805 2504 1139 2585 perturbat
1167 2525 1284 2568 sua
1315 2505 1677 2568 insolentia.
1748 2504 1975 2569 Procul
2007 2504 2201 2568 dubio
2234 2505 2650 2586 probissimus

385 2592 506 2664 est,
542 2589 652 2652 sed
687 2610 974 2652 morosus
1005 2593 1069 2652 et
1100 2589 1306 2652 hostis
1339 2590 1685 2666 literarum,
1720 2595 2031 2670 quantum
2067 2590 2371 2671 intelligo.
2420 2589 2646 2654 Verum

389 2676 476 2737 sit
525 2675 666 2755 ipsa
717 2677 1072 2739 morositas
1165 2674 1536 2757 Spalatinus
1603 2698 1731 2739 non
1786 2675 2043 2738 deberet
2103 2675 2348 2738 irritare
2407 2697 2655 2758 senem3

394 2761 660 2831 honeste
705 2759 1161 2841 obsequeretur
1206 2765 1270 2821 et
1315 2765 1640 2841 pateretur
1687 2761 2018 2840 imperium
2064 2759 2427 2840 grandaevi.
2518 2760 2649 2824 Ad-

388 2846 621 2910 missus
667 2846 730 2908 in
774 2846 1068 2908 intimam
1115 2845 1417 2908 Friderici
1479 2847 1875 2909 mansionem
1923 2845 2105 2926 plura
2152 2847 2422 2922 narravi,
2488 2867 2648 2925 quo-

391 2931 562 2993 niam
623 2930 792 2993 sensi
851 2952 946 2992 me
991 2952 1130 2994 esse
1185 2929 1617 2994 favorabilem.
1708 2931 1879 2994 Inter
1938 2930 2067 2994 alia
2134 2932 2299 2994 dixit
2358 2931 2649 3017 princeps

527 3163 555 3191 ⁸
583 3148 689 3201 mei
722 3153 852 3201 setxt
890 3147 1037 3202 Ten-z.
1073 3147 1260 3201 hinxu.

392 3234 632 3301 geringes
666 3250 789 3286 war.
861 3233 1063 3286 Hieher
1096 3235 1236 3286 kann
1257 3249 1381 3286 man
1402 3233 1542 3286 auch
1566 3232 1650 3286 die
1673 3233 1986 3286 lateinisohe
2008 3233 2356 3302 Wiedergabe
2376 3236 2656 3290 deutscher

393 3303 773 3370 Spriohwoiter
807 3303 1052 3367 rechnen,
1091 3318 1278 3358 wovon
1315 3302 1431 3354 sich
1467 3301 1639 3369 einige
1674 3301 1881 3355 Proben
1914 3302 1970 3354 in
2007 3302 2265 3356 Camerar.
2310 3303 2495 3356 Libell.
2532 3321 2653 3358 nov.

395 3373 439 3424 G
473 3372 508 3424 8
530 3387 562 3424 a
595 3386 673 3436 sq.
711 3371 901 3436 finden,
956 3371 1116 3422 sowie
1173 3370 1258 3422 die
1313 3371 1606 3422 deutschen
1660 3369 1861 3432 Reime,
1914 3370 2001 3422 die
2052 3386 2111 3422 er
2164 3371 2420 3424 zuweilon
2466 3373 2521 3424 in
2568 3374 2654 3425 die

395 3439 742 3494 lateinischen
800 3439 1056 3492 einstreut
1107 3457 1153 3492 z.
1209 3438 1270 3490 B.
1322 3438 1508 3492 Libell.
1564 3455 1684 3494 nov.
1738 3438 1793 3491 H
1831 3441 1857 3490 1
1881 3455 1926 3492 a.
2071 3441 2088 3470 ²
2132 3438 2369 3500 Rufinus,
2421 3440 2655 3494 Mutians

397 3509 614 3561 Diener.
651 3505 702 3560 S.
739 3507 774 3558 4
808 3508 870 3559 A.
911 3509 956 3560 1.
1102 3510 1121 3540 ²
1157 3506 1207 3559 S.
1245 3506 1567 3574 Pomponius
1600 3506 1804 3564 Festus.
1842 3507 1906 3558 de
1942 3505 2143 3560 verbor.
2181 3507 2397 3575 signific.
2442 3508 2653 3562 Mediol.

398 3578 528 3630 1471
588 3575 714 3628 oder
748 3573 798 3626 S.
836 3573 1022 3641 Rufus,
1059 3574 1254 3628 Histor.
1311 3574 1460 3627 Rom.
1515 3575 1681 3641 Neap.
1722 3592 1764 3628 e.
1804 3575 1953 3628 1470.
2023 3574 2105 3630 Im
2154 3573 2240 3628 ΒΥ.
2293 3576 2392 3628 160
2439 3577 2656 3645 weigert

396 3645 512 3697 sich
548 3643 616 3698 M.
657 3642 840 3694 seinen
876 3642 1069 3698 Sextus
1105 3659 1172 3695 an
1208 3642 1446 3695 Herbord
1483 3643 1805 3709 abzutreten,
1844 3643 1910 3696 da
1946 3659 2002 3695 er
2034 3642 2129 3696 ihn
2162 3659 2266 3696 von
2302 3643 2485 3696 Urban
2533 3663 2654 3698 zum

400 3712 677 3766 Geschenk
716 3711 967 3771 erhalten.
1112 3712 1132 3742 ³
1165 3711 1274 3764 Das
1309 3710 1508 3764 Datum
1567 3711 1699 3765 1509
1752 3727 1899 3764 muss
1956 3711 2040 3764 ein
2094 3709 2479 3765 Sohreibfehler
2530 3717 2658 3766 statt

401 3782 528 3832 1511
589 3779 720 3844 sein,
768 3779 836 3831 da
867 3779 1048 3832 Urban
1085 3779 1159 3830 im
1195 3779 1322 3832 Juni
1367 3780 1539 3832 dieses
1596 3780 1784 3832 Jahres
1820 3779 1955 3832 noch
1989 3779 2045 3831 in
2080 3779 2295 3847 Leipzig
2342 3797 2465 3834 war.
2536 3783 2656 3850 Vgl.

399 3849 482 3901 (lie
522 3847 698 3900 Briefe
739 3847 1024 3907 117-122,
1096 3847 1206 3900 Der
1238 3847 1325 3901 ΒΓ.
1364 3849 1503 3900 kann
1539 3848 1648 3900 also
1683 3849 1981 3900 friihestens
2021 3849 2153 3901 1510
2187 3848 2345 3900 fallen
2379 3850 2489 3901 und
2525 3853 2659 3903 setzt

395 3917 607 3969 Urbans
643 3916 749 3967 und
787 3915 1052 3968 Herbords
1092 3916 1399 3968 Aufenthalt
1436 3932 1501 3968 an
1535 3916 1839 3968 demselbon
1876 3915 1998 3968 Orte
2034 3917 2424 3986 (Georgenthal)
2448 3935 2655 3972 voraus.

401 3989 498 4037 Am
543 3985 624 4036 21.
670 3982 899 4036 Oktober
950 3985 1079 4038 1511
1133 4001 1243 4036 war
1283 3983 1523 4036 Herbord
1568 3985 1705 4036 nach
1750 3985 1985 4052 Aufgabe
2031 3985 2201 4037 seiner
2250 3986 2657 4053 Georgonthaler

399 4053 637 4120 Stellung
685 4053 881 4104 wieder
915 4053 970 4104 in
1005 4053 1194 4106 Erfurt.
1267 4052 1471 4104 Mutian
1519 4052 1789 4118 ompfiehlt
1833 4069 1899 4105 an
1934 4053 2027 4104 ihn
2078 4055 2183 4106 und
2217 4054 2457 4123 Potrejus
2502 4060 2659 4109 unter

403 4123 602 4176 diesem
657 4120 854 4172 Datum
906 4121 1058 4172 einen
1107 4121 1554 4172 dui-chreisenden
1616 4121 1839 4185 Fround,
1898 4122 1990 4174 der
2037 4122 2128 4176 »εἷς
2182 4119 2393 4186 α’ρχαίας
2448 4122 2661 4183 φάτναμι

407 4189 774 4254 zuriickkehit,
835 4189 1105 4240 vielleicht
1141 4190 1242 4240 den
1275 4189 1614 4256 VigilantiuS,
1665 4189 1758 4241 der
1808 4189 1882 4240 im
1918 4189 2144 4257 Begliffe
2181 4208 2291 4242 war
2324 4209 2427 4244 von
2462 4193 2658 4245 Frank-

403 4260 508 4310 furt
559 4275 604 4312 a.
644 4256 702 4308 O.
757 4258 890 4310 nach
946 4256 1132 4309 Italion
1181 4275 1248 4308 zu
1283 4259 1454 4325 reisep
1503 4259 1613 4310 und
1658 4261 1953 4326 unterwegs
2012 4260 2143 4311 1512
2188 4261 2449 4312 erinordet
2496 4262 2655 4314 ward.

405 4327 600 4380 Camer.
651 4325 835 4379 Libell.
883 4342 1002 4378 nov.
1041 4327 1074 4377 J
1111 4327 1206 4379 3a.
1351 4327 1370 4357 ⁴
1404 4325 1550 4378 Uber
1586 4326 1669 4378 dio
1707 4327 2295 4395 Datumsbezeiohnung
2343 4331 2482 4394 »post
2520 4370 2531 4383 .
2570 4370 2581 4381 .
2623 4350 2661 4381 .«

409 4394 511 4462 Vgl.
551 4395 604 4450 S.
637 4394 740 4445 ’151
779 4396 840 4448 A.
881 4397 927 4448 1.
1071 4397 1092 4426 ⁶
1125 4395 1232 4447 Der
1268 4395 1609 4462 Vorgesetzte
1646 4393 1922 4462 Spalatins.
1970 4395 2086 4464 Vgl.
2123 4395 2210 4448 Br.
2252 4399 2365 4448 115.
2407 4398 2520 4450 116.
