3084 4895
893 430 1106 484 Mutian
1143 446 1212 483 an
1247 430 1542 499 Nepotian.
1616 429 1824 484 Mutian
1861 446 1926 483 an
1966 429 2166 485 Urban.
2530 430 2654 495 571

403 603 1055 688 ᾳυίηᾳη6ξῒ6τηὶοη6ε
1105 624 1244 667 cum
1296 602 1525 667 Euritii
1588 604 1905 685 poematio
1974 605 2270 685 quopiam
2344 603 2651 703 copulavi.

403 691 824 767 Quamobrem
874 690 1038 753 dono
1085 688 1205 752 tibi
1251 709 1504 770 grossos
1550 694 1713 766 octo,
1777 710 1903 752 non
1964 690 2250 765 ficulnoS,
2314 690 2422 753 sed
2485 690 2657 771 prin-

403 777 594 859 cipali
637 780 896 839 moneta
937 776 1241 856 insigneS,
1289 775 1524 873 quibus
1570 777 1715 839 istic
1748 796 2113 857 germanum
2149 797 2320 839 emas
2349 776 2652 840 libellum.

403 862 586 938 Quod
633 862 689 925 si
733 861 1016 924 venalem
1081 882 1395 942 nusquam
1465 862 1799 937 inveneriS,
1867 861 2281 924 commodabo
2348 870 2656 939 nostrum,

403 970 486 1011 ne
529 948 822 1011 videatur
867 968 976 1029 per
1021 968 1118 1010 me
1165 948 1434 1022 stet-isse,
1485 968 1611 1029 quo
1671 948 1879 1009 minus
1934 946 2224 1027 proficias
2298 948 2655 1012 ediscendo.

403 1036 576 1099 Bene
623 1032 780 1097 vale.
872 1032 1102 1096 Datum
1149 1030 1341 1095 XIIII.
1391 1030 1521 1095 Cal.
1570 1031 1851 1096 Sextiles
1894 1032 2145 1095 MDXV.

715 1135 837 1189 Cod.
874 1132 1007 1188 Frcf.
1045 1132 1163 1189 505.

407 1323 640 1395 (Gotha.)
1453 1308 1599 1373 508.
2113 1324 2181 1391 (n.
2224 1323 2301 1377 19.
2339 1322 2446 1377 Juli
2487 1323 2659 1390 1515.)

1154 1433 1444 1504 Mutian
1489 1454 1589 1504 an
1633 1432 1913 1504 Urban.

405 1564 532 1631 (Dw
573 1564 973 1645 Georyentkakr
1006 1563 1174 1616 haben
1207 1563 1362 1615 einen
1395 1562 1649 1629 Erfuner
1683 1561 1902 1628 Haufen
1935 1560 2239 1628 αὺενΐαίἰεη,
2284 1561 2437 1613 einen
2482 1560 2661 1613 Reiter

397 1638 598 1701 ydola,
649 1632 824 1699 emim
864 1632 1139 1711 yefanyen.
1210 1632 1491 1685 Bedauern
1524 1630 1652 1683 uber
1684 1630 1821 1683 dt‘ese
1858 1630 2092 1698 Βίὂηιηρ
2124 1631 2212 1683 des
2245 1629 2513 1683 Fbwdem.
2585 1628 2659 1681 M.

405 1702 499 1755 hat
551 1702 668 1755 dem
715 1700 988 1773 Nepotian
1040 1700 1159 1754 sein
1203 1702 1378 1769 eique-3
1418 1699 1619 1767 Hremp
1620 1701 1707 1753 lar
1740 1716 1843 1753 von
1886 1699 2041 1754 Oatos
2094 1699 2370 1753 Disticken
2416 1698 2661 1767 yelakhm.

1125 1768 1234 1823 Lol>
1266 1768 1355 1822 des
1387 1768 1671 1822 kb'stlichen
1705 1768 1909 1824 Baches
1913 1770 1946 1836 .J

769 1885 1175 1937 ornatissimo
1209 1885 1508 1945 magistro
1544 1884 1627 1935 Η.
1661 1884 1919 1935 Urbano
1954 1885 2043 1935 M,
2081 1882 2305 1937 Eume.

617 1996 680 2061 S.
773 1996 1140 2061 Afferuntur
1184 1997 1263 2061 ad
1309 2019 1408 2060 me
1453 2018 1733 2060 rumores
1780 1997 1856 2060 de
1902 1995 2279 2059 rusticorum
2339 1997 2404 2056 et
2463 1992 2662 2076 patris

407 2084 604 2147 vestri
670 2082 1058 2147 insolentia.²
1152 2082 1385 2147 Vellem
1451 2104 1577 2147 non
1641 2083 1731 2147 ita
1787 2082 2284 2159 dominarentur,
2351 2084 2658 2159 tanquam

407 2172 792 2251 potestatem
862 2169 1173 2233 baberent
1239 2170 1629 2233 insultantes
1696 2167 2180 2233 transeuntibus
2251 2188 2360 2250 per
2419 2166 2661 2229 silvam.

403 2254 888 2319 Nudiustertius
949 2254 1425 2337 impressionem
1481 2254 1769 2319 fecerunt
1813 2254 1880 2318 in
1926 2253 2246 2320 cohortem
2316 2250 2663 2335 Erphurdi-

407 2340 652 2405 ensium
686 2346 752 2404 et
785 2340 1150 2406 interclusis
1194 2341 1534 2406 itineribus
1582 2344 1884 2425 ceperunt
1927 2340 2172 2423 pedites
2206 2338 2469 2437 aliquot,
2504 2357 2664 2419 quos

404 2425 602 2492 veluti
679 2427 966 2512 captivos
1035 2428 1098 2492 in
1167 2428 1422 2494 vincula
1497 2428 1919 2511 conjecerunt.
2037 2425 2239 2510 Regia
2310 2424 2415 2489 via
2488 2427 2666 2508 patet

408 2513 727 2591 omnibus,
762 2515 872 2596 qui
905 2514 1404 2580 violentissimos
1434 2513 1653 2580 hostes
1686 2518 2167 2596 persequuntur.
2243 2511 2385 2576 Non
2420 2510 2667 2584 vestris,

407 2599 517 2664 sed
565 2601 945 2665 nocentibus
989 2601 1131 2699 ipsa
1175 2600 1401 2665 cohors
1447 2601 1965 2666 submittebatur.
2058 2599 2265 2664 Vestri
2316 2595 2667 2680 importuni

405 2707 809 2767 percussores
855 2686 1046 2751 nimis
1092 2686 1430 2766 diligentes
1477 2687 1687 2751 adorti
1731 2708 1858 2750 rem
1908 2686 2245 2768 ancipitis·
2268 2683 2519 2749 consilii
2571 2683 2665 2746 di-

410 2793 660 2856 spersos
694 2773 1091 2853 perturbant,
1139 2794 1264 2836 non
1320 2773 1456 2837 sine
1504 2773 1770 2855 strepitu
1821 2776 1903 2846 et.
1928 2772 2211 2837 tumultu
2257 2792 2488 2852 magna
2533 2791 2669 2833 car-

410 2856 818 2922 bonariorum
883 2880 1076 2923 manu
1146 2863 1388 2922 coacta.
1479 2859 1744 2940 Equites
1810 2880 1939 2922 uno
2006 2859 2343 2922 interfecto
2418 2856 2666 2920 duobus

407 2943 778 3026 interceptis
852 2945 1121 3009 salutem
1189 2945 1254 3009 in
1323 2944 1476 3028 fuga
1551 2945 1898 3028 ponebant,
1976 2944 2298 3026 peditibus
2371 2942 2667 3006 fortunae

407 3029 756 3093 cedendum
793 3029 933 3107 fuit,
969 3052 1112 3094 cum
1144 3031 1425 3095 obsessis
1458 3031 1758 3094 omnibus
1803 3031 1923 3094 viis
1969 3031 2363 3094 incursiones
2393 3028 2669 3091 rusticae

406 3115 845 3180 multitudinis
917 3137 1040 3179 non
1114 3120 1411 3197 poterant
1485 3117 1813 3181 sustinere.
1908 3116 2135 3180 Actum
2206 3119 2321 3178 est.
2413 3113 2669 3176 Vestros

405 3199 639 3264 fiducia
704 3203 985 3266 locorum
1049 3202 1442 3266 confidentes
1501 3202 1674 3266 facit.
1786 3201 2134 3265 Arboribus
2201 3201 2419 3264 incisis
2483 3198 2666 3261 facile

407 3290 506 3348 est.
551 3288 852 3366 impedire
897 3287 1237 3369 quoslibet.
1331 3288 1470 3352 Non
1521 3292 1674 3352 sunt
1719 3287 1875 3351 haec
1920 3288 2038 3350 otii
2082 3286 2519 3361 fundamenta,
2554 3284 2665 3347 sed

406 3373 642 3436 atrocis
713 3372 862 3436 belli
929 3394 1178 3436 causae.
1272 3375 1399 3439 Oro
1464 3374 1687 3438 Jovem
1756 3369 2117 3446 Herceum,²
2185 3374 2258 3434 ut
2321 3391 2475 3453 pace
2542 3368 2666 3432 frui

405 3457 612 3522 liceat.
706 3457 968 3522 Catonis
1033 3458 1298 3522 Moralia
1342 3459 1649 3522 Instituta
1695 3481 1837 3522 cum
1884 3461 2113 3539 nepote
2158 3459 2271 3520 tuo
2317 3455 2667 3518 communi-

407 3564 625 3606 camus
671 3543 790 3607 hac
833 3545 989 3626 lege,
1037 3549 1109 3607 ut
1157 3545 1432 3626 perlecta
1481 3541 1817 3608 remittat.⁸
1906 3543 2068 3620 Quid
2130 3541 2250 3605 hoc
2310 3540 2437 3604 sibi
2492 3541 2665 3619 velit,

406 3629 642 3709 rogas?
731 3629 930 3711 Cujus
977 3634 1073 3693 est
1118 3630 1424 3693 libellus?
1512 3629 1773 3708 Urbani,
1824 3631 1952 3692 imo
1998 3629 2290 3704 Mutiani,
2336 3628 2466 3690 imo
2511 3631 2663 3690 tuus

408 3717 473 3776 et
517 3736 712 3777 mene.
807 3713 1012 3778 Citius
1058 3737 1280 3779 aurum
1327 3715 1747 3797 relinquerem
1797 3736 1989 3797 quam
2036 3714 2362 3778 Catonem.
2456 3712 2667 3790 Amor,

546 3900 564 3930 ¹
597 3899 706 3952 Der
739 3899 1090 3967 geschilderte
1125 3899 1327 3953 Vorfall
1363 3898 1530 3952 bildet
1566 3899 1683 3952 eine
1718 3899 1944 3968 Episode
1980 3916 2047 3952 zu
2082 3900 2185 3952 den
2208 3897 2441 3961 Fehden
2466 3896 2668 3950 welche

408 3965 484 4018 im
521 3965 762 4020 Sommer
799 3969 932 4021 1515
967 3983 1060 4019 um
1096 3968 1276 4021 Erfurt
1309 3969 1504 4021 tobten.
1579 3968 1679 4020 Die
1715 3967 1949 4022 Erfurter
1971 3967 2220 4021 machten
2244 3938 2477 4019 Ausfalle
2502 3981 2668 4043 gegen

404 4034 490 4088 die
546 4036 717 4088 nahen
770 4035 956 4088 Dorfer
992 4037 1099 4088 und
1135 4035 1221 4089 die
1257 4036 1602 4089 sachsischen
1654 4036 1909 4104 Truppen.
1982 4035 2081 4089 Die
2133 4035 2220 4088 bei
2272 4035 2445 4087 einem
2499 4034 2670 4086 dieser

404 4103 642 4156 Ausfalle
692 4104 746 4172 (J
747 4103 843 4171 uh)
894 4105 1212 4172 gefangenen
1249 4104 1485 4157 Erfurter
1519 4105 1737 4158 wurden
1774 4121 1861 4157 am
1899 4107 1978 4157 17.
2018 4108 2149 4171 Aug.
2190 4102 2267 4171 (in
2306 4103 2477 4156 Gotha
2510 4102 2667 4154 allein

404 4170 492 4239 20)
532 4172 700 4224 durch
755 4171 992 4225 Sachsen
1049 4173 1414 4240 hingerichtet.
1487 4173 1791 4226 Burkhar
1800 4174 1878 4234 dt,
1928 4174 2021 4226 das
2070 4173 2194 4226 tolle
2248 4171 2393 4232 Jahr,
2450 4170 2499 4223 S.
2550 4172 2667 4222 415.

393 4239 906 4303 ‘Falckensteim
943 4240 1174 4295 Historie
1210 4258 1262 4293 v.
1299 4241 1492 4306 Erfurt,
1528 4242 1571 4303 I,
1608 4241 1709 4295 558
1744 4243 1777 4294 f.
1850 4241 1948 4294 Die
1984 4242 2219 4296 Erfurter
2252 4240 2415 4292 fibten
2446 4239 2669 4305 Repres-

408 4308 576 4361 salien
632 4324 797 4377 gegen
857 4310 958 4362 den
1009 4309 1418 4378 Georgenthalei
1472 4309 1591 4362 Hof.
1662 4310 1780 4378 Vgl.
1830 4309 1917 4362 Br.
1954 4311 2069 4365 505.
2212 4311 2231 4342 ²
2262 4306 2487 4372 ‘Eone-1⁰4·
2535 4309 2583 4361 d
2633 4307 2667 4360 i.

407 4375 736 4430 Beschfitzer
770 4377 864 4430 des
897 4376 1120 4432 HauseS.
1265 4379 1285 4410 ³
1318 4377 1579 4446 Vg1.den
1614 4394 1721 4432 vor.
1758 4377 1845 4430 ΒΓ.
1915 4378 2176 4447 Nepotian
2220 4377 2344 4431 fand
2389 4376 2498 4430 also
2548 4374 2669 4428 kein

399 4444 684 4514 Exemplar
717 4445 963 4502 kaussich.
