3084 4895
467 367 591 436 154
1215 373 1392 433 Briefe
1427 391 1529 432 von
1570 377 1934 436 1508—1509.

469 550 733 628 tatione,
783 552 933 634 quid
981 553 1066 618 sit
1110 552 1380 635 spoliare
1443 554 1699 636 cingulo
1760 556 2038 632 militari,
2098 556 2373 622 libenter
2440 558 2729 640 expedio..

471 637 632 700 Vera
677 639 930 718 quidem
979 642 1076 702 est
1119 639 1439 721 Euripidis
1485 642 1830 704 sententia:
1884 642 2058 722 „Qua
2104 643 2168 704 in
2216 666 2282 706 re
2314 643 2520 706 clarus
2554 647 2731 724 quis-

472 745 596 804 que
658 727 772 798 est,
833 723 914 786 ad
975 746 1110 788 eam
1181 729 1509 806 properat3
1575 727 1638 789 in
1688 750 1815 808 qua
1858 749 2007 791 vero
2054 728 2239 793 nihili
2286 733 2353 792 et
2396 729 2730 810 stupidior,

473 808 621 870 inde
695 808 919 890 effugit
992 814 1056 873 et
1129 810 1542 874 contemnit.“
1656 812 1979 888 Quantum
2056 814 2221 878 enim
2298 814 2733 878 balbutientes

471 893 680 974 legum
730 900 1122 958 eruscatores
1169 897 1529 978 praestigiis
1588 899 1960 980 offutiisque
2006 899 2137 962 suis
2184 899 2419 975 favent,
2478 905 2726 964 tantum

473 1000 589 1060 ego
656 979 738 1042 ab
806 980 1050 1044 umbris
1123 981 1248 1044 illis
1322 982 1657 1047 verborum
1734 984 2019 1047 inanium
2090 988 2154 1047 et
2220 985 2467 1066 frigidis
2542 987 2730 1066 nugis

471 1064 756 1128 resiliens
823 1068 1157 1146 acquiesco
1224 1068 1357 1131 tuis
1423 1068 1672 1132 studiis
1772 1069 1982 1133 Media
2048 1073 2356 1148 vetustas,
2428 1093 2555 1134 non
2622 1071 2730 1135 illa

471 1150 748 1232 politior,
794 1157 1086 1216 numerat
1131 1153 1296 1216 inter
1341 1154 1641 1218 militaria
1686 1161 2061 1219 ornamenta
2128 1161 2441 1228 scorteum
2504 1157 2727 1233 lorum,

471 1236 640 1317 quod
687 1236 796 1299 alii
843 1239 1163 1318 cingulum
1229 1244 1479 1302 vocant.
1572 1239 1735 1303 Olim
1813 1241 1986 1322 pueri
2052 1241 2334 1304 libertini
2388 1263 2500 1323 pro
2557 1243 2730 1305 bulla

474 1321 674 1384 lorum
723 1327 1037 1386 scorteum
1085 1325 1444 1406 gestabant.
1537 1325 1801 1388 Invenio
1846 1330 2125 1409 torques,
2160 1328 2459 1400 armillaS,
2508 1327 2727 1390 hastas

473 1409 776 1488 puraS,‘⁸¹
823 1409 1136 1490 phaleraS,
1183 1431 1450 1473 coronas
1517 1411 1683 1474 inter
1750 1412 1917 1474 dona
1986 1413 2303 1476 militaria.
2394 1412 2609 1489 Quid?
2674 1413 2729 1476 si

470 1498 759 1573 torquem
807 1496 984 1558 illum
1031 1518 1311 1574 aureum,
1361 1518 1488 1576 quo
1533 1497 1915 1561 decorantur
1980 1502 2190 1560 aetate
2244 1502 2463 1562 nostra
2508 1499 2616 1578 qui
2661 1498 2726 1560 in

471 1579 701 1643 militia
737 1580 994 1644 fortiter
1040 1582 1260 1658 fecere,
1305 1583 1631 1663 cingulum
1674 1584 2064 1665 appellemus
2108 1606 2147 1646 a
2192 1583 2525 1666 cingendo,
2558 1584 2727 1664 quod

471 1665 702 1728 collum
757 1673 1108 1748 pectusque
1167 1668 1434 1749 cingat?
1522 1669 1665 1731 Vidi
1726 1669 2027 1751 patricios
2094 1669 2369 1734 Venetos
2438 1675 2728 1750 gerentes

471 1749 795 1831 cingulum
859 1775 936 1814 ex
998 1753 1195 1816 serico
1241 1777 1280 1817 a
1325 1753 1486 1818 collo
1549 1755 1614 1817 in
1675 1754 1844 1818 latus
1912 1755 2272 1836 dependens
2332 1755 2729 1835 alterumque

468 1835 798 1901 brachium
845 1839 1151 1904 ambiens,
1241 1839 1641 1904 Modestinus
1680 1839 2155 1922 jureconsultus
2202 1841 2423 1922 poenis
2453 1841 2725 1904 militum

467 1922 844 1987 adnumerat
912 1925 1420 2006 castigationem,
1479 1927 1767 1996 multam,
1815 1948 2147 1990 munerum
2192 1927 2725 2002 interdictionem,

468 2008 737 2072 militiae
833 2011 1276 2087 mutationem,
1375 2011 1613 2092 gradus
1702 2012 2139 2091 dejectionem,
2237 2011 2726 2093 ignominiosam

469 2095 854 2158 missionem.
947 2097 1188 2161 Gellius
1233 2096 1423 2160 refert
1467 2097 1635 2161 inter
1678 2096 2065 2179 ignominias
2100 2097 2429 2174 militar-ee,
2494 2097 2728 2178 quibus

467 2180 705 2244 milites
771 2183 1244 2259 coercebantur,
1313 2183 1508 2247 fuisse
1574 2183 1907 2264 sanguinis
1974 2184 2359 2248 missionem.
2466 2182 2729 2259 Quaeris

469 2265 727 2330 locum‘?
814 2267 1006 2332 Libro
1051 2269 1126 2330 X.
1176 2291 1310 2350 cap.
1374 2269 1530 2331 VIII.
1623 2268 2005 2332 Plutarchus
2064 2270 2263 2332 tradit
2322 2290 2524 2349 genus
2588 2269 2728 2332 ani-

468 2353 926 2417 madversionis
970 2354 1140 2436 apud
1187 2354 1426 2436 priscos
1473 2353 1688 2430 fuisse,
1722 2358 1795 2417 ut
1825 2355 2004 2418 miles
2036 2355 2271 2418 tunicis
2316 2354 2729 2418 interioribus

471 2437 699 2503 solutis
775 2439 1009 2504 fossam
1085 2440 1298 2505 fodere
1373 2463 1583 2505 coram
1659 2441 1941 2503 exercitu
2016 2445 2363 2521 cogeretur.
2464 2439 2729 2503 lnermis

471 2546 723 2607 quoque
777 2526 958 2589 miles
1004 2548 1131 2589 non
1179 2532 1313 2589 erat
1373 2527 1671 2608 impunis,
1736 2527 1843 2607 qui
1892 2527 1943 2588 si
1992 2528 2349 2589 centurioni
2416 2526 2729 2607 castigare

469 2632 537 2673 se
583 2611 818 2675 volenti
867 2613 1060 2675 vitem
1107 2612 1440 2687 tenuisset,
1487 2612 1780 2675 militiam
1843 2612 2153 2674 mutabat.
2244 2612 2335 2674 De
2390 2612 2521 2674 vite
2582 2633 2730 2673 cen-

467 2696 683 2759 turiali
754 2718 880 2761 non
952 2702 1177 2779 poetae
1245 2700 1499 2761 tantum
1570 2697 2017 2772 meminerunt,
2083 2698 2191 2759 sed
2258 2696 2619 2760 Macrobius
2665 2701 2730 2759 et

469 2780 880 2865 Spartianus'
957 2806 1032 2847 ac
1100 2783 1366 2861 Plinius,
1445 2783 1556 2864 qui
1632 2784 1904 2845 insertas
1980 2783 2191 2865 inquit
2267 2782 2492 2845 castris
2566 2782 2728 2845 vites

469 2890 784 2933 summam
812 2870 841 2909 b
871 2891 1076 2933 rerum
1111 2870 1573 2951 imperiumque
1599 2865 1975 2931 continere.⁸
2023 2868 2177 2931 Vide
2202 2867 2724 2931 commentarium

469 2952 763 3018 Beroaldi
810 2954 875 3016 in
923 2953 1312 3036 Apulejum.‘
1401 2955 1492 3017 De
1544 2954 1862 3017 Hadriano
1924 2953 2215 3035 Augusto
2274 2958 2564 3017 notatum
2612 2956 2727 3030 est,

470 3038 669 3119 quod⁸
715 3040 770 3102 is
816 3040 974 3102 nulli
1020 3041 1214 3103 vitem
1261 3040 1579 3103 concessit
1624 3040 1745 3102 nisi
1792 3040 2057 3102 robusto
2098 3043 2162 3102 et
2196 3039 2485 3121 egregiae
2524 3039 2729 3101 famae

468 3125 622 3188 viro.
717 3124 843 3188 Sed
906 3129 970 3188 et
1025 3126 1146 3189 sub
1194 3126 1388 3191 vitem
1455 3124 1750 3207 proeliari
1818 3124 2195 3187 dicebantur
2261 3124 2514 3201 milites,
2586 3145 2727 3187 cum

468 3210 833 3273 astantibus
880 3211 1360 3274 centurionibus
1409 3212 1598 3279 sudes
1644 3210 1867 3291 ejicere
1912 3214 2303 3290 cogerentur.
2398 3211 2729 3272 Praeterea

470 3318 546 3358 ex
593 3296 731 3377 lege
777 3296 973 3359 veteri
1019 3300 1366 3359 annotatur
1410 3317 1617 3377 poena
1663 3317 1771 3376 per
1818 3296 1996 3357 vites,
2090 3294 2248 3357 Nam
2298 3294 2513 3377 Scipio
2559 3294 2728 3355 Afri-

469 3403 666 3444 canus
713 3382 882 3444 cives
912 3381 1236 3444 Romanos
1270 3381 1528 3456 vitibus,
1565 3380 1723 3443 alios
1755 3384 1966 3443 autem
2007 3380 2202 3462 virgis
2236 3380 2412 3442 caedi
2440 3379 2727 3460 jubebat.

473 3466 783 3542 Quocirca
828 3466 1091 3542 Plinius,
1140 3489 1265 3548 quo
1298 3467 1436 3530 loco
1471 3467 1549 3530 de
1578 3466 1913 3528 arboribus
1946 3465 2219 3541 disserit,
2260 3464 2482 3545 „vitis“
2522 3464 2733 3545 inquit

476 3557 576 3632 „et
606 3552 674 3614 in
709 3552 956 3615 delictis
992 3553 1182 3615 etiam
1217 3574 1484 3634 poenam
1518 3550 1851 3614 honorat.“
1945 3551 2037 3613 De
2082 3551 2409 3631 suppliciis
2454 3549 2728 3613 militum
2762 3572 2770 3581 ·

475 3637 539 3699 in
589 3636 745 3699 locis
813 3638 1261 3701 diversissimis
1331 3636 1536 3700 multa
1603 3636 2098 3699 observavimus
2190 3634 2431 3711 Quaere
2497 3640 2570 3697 tu
2640 3632 2732 3695 De

472 3728 627 3786 nota
673 3723 961 3787 censoria
999 3723 1441 3805 jurisconsulti
1508 3722 1701 3786 titulo
1753 3722 1880 3801 „De
1926 3744 1991 3783 re
2037 3721 2315 3795 militari,
2363 3720 2731 3783 Desertores

477 3806 804 3881 militiae“,
852 3808 1059 3889 capite
1110 3806 1490 3889 „Puniunt.“
1588 3807 1878 3871 Ceterum
1929 3829 2055 3869 non
2103 3828 2323 3870 omnes
2383 3806 2733 3869 desertores

616 3992 644 4020 a
670 3992 816 4043 pura.
955 3980 984 4017 b
1012 3990 1357 4029 summarum.

604 4047 621 4077 ¹
655 4045 756 4097 Die
791 4045 946 4097 hasta
982 4060 1116 4110 pura.
1151 4043 1202 4095 d.
1238 4043 1271 4094 i.
1311 4044 1446 4095 ohne
1481 4041 1810 4107 Eisenspitze
1846 4042 2029 4093 wurde
2065 4041 2203 4093 nach
2238 4039 2454 4093 Servius
2482 4056 2550 4090 zu
2572 4039 2728 4106 Verg.

463 4117 593 4167 Aen.
633 4113 726 4180 VI,
765 4113 866 4165 760
903 4113 1074 4164 denen
1111 4111 1190 4164 als
1224 4110 1623 4163 Ehrenzeichen
1660 4110 1947 4173 verliehen,
1978 4109 2063 4161 die
2100 4109 2177 4160 im
2210 4109 2435 4175 Kampfe
2466 4108 2584 4159 sich
2608 4124 2730 4159 aus-

463 4180 771 4251 gezeichnet
825 4181 1020 4233 hatten.
1165 4181 1185 4211 ²
1219 4179 1404 4231 Aelius
1453 4177 1778 4244 Spartianus,
1827 4177 1971 4228 einer
2008 4178 2101 4229 der
2134 4176 2423 4243 Scriptores
2477 4176 2730 4229 historiae

462 4253 584 4317 Aug
636 4250 729 4303 Ed.
767 4266 842 4316 pr.
880 4248 1088 4300 Mediol.
1128 4248 1278 4300 1475.
1422 4247 1442 4277 ⁸
1463 4245 1602 4298 Hist.
1642 4246 1749 4299 nat.
1784 4244 1934 4311 XIV,
1976 4247 2021 4310 1,
2058 4246 2106 4297 3.
2249 4246 2269 4275 ⁴
2303 4244 2439 4296 Phil.
2487 4244 2731 4296 Beroaldi

462 4316 836 4373 Commentarii
860 4316 916 4367 in
945 4316 1074 4369 asin.
1102 4332 1210 4368 aur.
1237 4317 1334 4382 Ap.
1360 4314 1488 4367 Bon.
1524 4314 1673 4367 1500.
1817 4315 1839 4346 ⁵
1871 4314 2031 4366 Diese
2055 4311 2420 4365 unklassische
2443 4312 2729 4380 Wendung

457 4387 622 4443 findet
657 4386 775 4439 sich
809 4401 910 4437 nur
943 4385 1068 4438 sehr
1101 4382 1404 4451 vereinzelt,
1442 4382 1583 4435 auch
1616 4381 1673 4434 in
1709 4381 1798 4434 Br.
1839 4380 1956 4433 127.
