3084 4895
445 353 572 434 160
1219 349 1396 420 Brief'e
1431 381 1534 420 von
1576 350 1932 420 1508—1509.

451 541 519 604 in
563 540 700 604 lata
755 538 1106 603 studiorum
1163 537 1450 619 planitie,
1498 535 1678 601 nulla
1724 558 1841 601 nos
1884 535 2105 601 devios
2158 535 2401 601 faciant
2454 537 2735 602 diverti-

454 626 616 689 cula.
705 625 806 688 Ita
873 623 1046 688 brevi
1114 623 1534 705 proficiemus.
1638 622 1923 703 Expecto
1990 644 2029 685 a
2085 627 2152 685 te
2219 643 2349 686 non
2418 621 2732 688 foecundi

449 713 613 774 ruris
657 731 938 786 munera,
986 709 1201 790 qualia
1258 708 1512 784 dedisti,
1570 710 1676 771 sed
1737 708 1948 771 edulia
2002 708 2289 788 legitima
2346 708 2729 772 conditione

454 797 732 872 condita,
808 795 928 860 hoc
998 800 1096 857 est
1163 795 1504 857 intinctum
1579 817 1657 855 ex
1727 794 2049 856 continuis
2120 793 2509 858 lectionibus
2582 797 2727 858 tuis

451 882 926 957 concinnatum,
975 901 1100 960 quo
1152 879 1307 942 nihil
1355 879 1523 959 quod
1573 879 1821 942 avidius
1870 879 2031 941 ‘isse'
2071 879 2255 942 velim
2290 880 2524 960 apponi
2557 881 2719 942 mihi

451 972 681 1062 potest.
776 965 943 1028 Vale.
1037 964 1129 1026 Ex
1178 963 1412 1026 Gotha.
1503 963 1602 1025 lv.
1652 964 1869 1026 Nonas
1912 964 2117 1027 Julias
2164 963 2391 1026 MDIX.

754 1066 876 1118 Cod.
915 1065 1048 1117 Frcf.
1087 1066 1205 1117 369.

443 1269 628 1322 Gotha.
1505 1252 1647 1315 126.
2130 1268 2203 1337 (n.
2244 1269 2325 1321 19.
2365 1269 2523 1338 Aug.)
2562 1268 2713 1322 1509.

1153 1377 1445 1446 Mutian
1490 1399 1589 1446 an
1634 1378 2007 1446 Herbord.

445 1505 828 1572 (Belehrunqen
860 1506 990 1557 uber
1026 1511 1146 1572 toya
1171 1523 1334 1574 pura,
1373 1506 1532 1558 hasta
1558 1523 1721 1574 pura,
1770 1523 1932 1559 coena
1968 1523 2131 1574 pura.
2207 1505 2398 1559 Solam
2446 1506 2575 1558 iiber
2615 1506 2718 1558 das

443 1573 1011 1641 Fasten.Erlclc'13run9
1029 1575 1232 1642 eim'qer
1255 1575 1433 1627 latein.
1458 1573 1767 1628 Aueria-icch
1789 1576 1853 1626 in
1869 1576 1969 1626 den
1994 1575 2254 1628 Gesetxen.
2303 1573 2713 1642 Aufforderunq,

445 1642 584 1694 heim
619 1641 1054 1694 Rechts-studium
1087 1643 1237 1695 nieht
1269 1644 1410 1696 nach
1445 1643 1665 1696 blo-esem
1716 1643 1935 1699 Wissen
1975 1644 2205 1695 sondern
2238 1644 2336 1695 wie
2378 1643 2541 1696 Goede
2573 1644 2714 1696 nack

459 1709 908 1778 Verscklaqenlaeit
960 1711 1076 1763 und
1138 1711 1513 1790 Verweyenheit
1568 1729 1640 1763 zu
1688 1713 1924 1764 traehten
1974 1712 2091 1764 und
2138 1728 2240 1763 von
2290 1711 2391 1763 den
2442 1712 2717 1764 humanm

1054 1779 1278 1834 Studien
1307 1780 1735 1848 qerinyscha'txiy
1769 1797 1843 1832 κα
1876 1779 2072 1832 denke‘n
2076 1781 2108 1846 .)

649 1891 1016 1941 Herebordo
1059 1893 1405 1954 margarito
1443 1893 1867 1944 amantissimo
1902 1893 2259 1952 vetustatis,
2297 1892 2496 1942 amico
2532 1904 2714 1952 prae-

1268 1979 1453 2038 eipuo
1490 1974 1607 2062 (M.
1635 1975 1884 2046 Rufus).

657 2084 720 2148 S.
819 2087 1046 2168 Accepi
1123 2086 1340 2151 literas
1415 2091 1481 2151 et
1553 2089 1691 2169 pira
1764 2088 1957 2151 XIIII.
2039 2086 2171 2151 Cal.
2248 2083 2713 2150 GermanicaS.²

452 2170 688 2233 Haeres
734 2171 798 2234 in
843 2173 1114 2235 lectione
1162 2173 1367 2236 civilis
1399 2174 1770 2255 sapientiae.
1844 2175 1979 2254 Ego
2014 2195 2161 2236 vero
2191 2173 2313 2236 tibi
2347 2171 2713 2254 scrupulum

453 2257 725 2318 eximam
785 2261 850 2319 et
905 2258 1183 2320 auferam
1232 2259 1706 2340 impedimenta,
1767 2265 1840 2323 ut
1894 2260 2093 2322 libero
2154 2258 2490 2338 solutoque
2557 2258 2713 2338 pede

447 2343 751 2423 procedas
806 2346 870 2404 et
929 2343 992 2405 id
1054 2344 1306 2423 quidem
1379 2345 1775 2408 festinanter.
1869 2344 2045 2426 Toga
2103 2365 2261 2426 pura
2317 2343 2558 2406 tirones
2614 2343 2713 2404 in—

451 2427 732 2491 duuntur
779 2433 1112 2509 praetexta
1156 2429 1384 2511 posita.
1475 2429 1633 2493 Vide
1669 2431 1877 2494 locum
1912 2432 2234 2511 signatum
2270 2429 2335 2492 in
2370 2425 2712 2509 Augusto.⁸

452 2513 693 2577 Hastae
718 2534 910 2595 purae
936 2520 1352 2579 numerantur
1385 2517 1551 2579 inter
1584 2516 1751 2579 dona
1784 2517 2103 2589 militaria,
2131 2520 2203 2578 ut
2226 2520 2377 2577 sunt
2409 2514 2711 2590 armillae,

451 2597 658 2681 clipei,
730 2600 896 2679 equi,
966 2600 1324 2678 bellatores,
1401 2605 1682 2683 torques,
1756 2602 2071 2683 phalerae,
2140 2622 2426 2663 coronae.
2541 2598 2713 2661 Cena

451 2706 609 2766 pura
655 2685 1044 2759 referturad
1092 2688 1327 2749 victum
1379 2685 1724 2768 Orphicum
1774 2692 1837 2750 et
1880 2686 2398 2766 Pythagoricum,
2454 2686 2518 2747 in
2581 2705 2709 2765 quo

451 2774 569 2845 est,
637 2770 690 2831 si
755 2770 1103 2852 Porphyrio
1173 2772 1502 2845 credimuS,
1576 2773 1709 2836 vita
1776 2778 2051 2835 aeterna.
2168 2774 2478 2833 Autumat
2542 2770 2712 2831 enim

446 2854 610 2917 libro
656 2855 753 2917 IV.
804 2855 894 2918 De
939 2857 1286 2934 sacrificiis,
1343 2857 1667 2921 abstinere
1712 2858 1793 2919 ab
1840 2880 1951 2920 esu
1996 2858 2279 2920 carnium
2330 2878 2468 2919 esse
2516 2856 2712 2918 vitam

449 2940 824 3003 aeternam*
915 2941 983 3005 Si
1031 2942 1093 3003 id
1140 2964 1375 3019 verum,
1423 2943 1588 3005 male
1633 2944 1847 3023 agitur
1899 2963 2039 3005 cum
2088 2942 2482 3023 creophagiS,
2552 2940 2715 3003 bene

451 3046 592 3087 cum
671 3025 1092 3107 carpophagis
1149 3032 1214 3090 et
1265 3028 1597 3090 monachis
1664 3027 1808 3102 illis,
1883 3028 1992 3107 qui
2062 3027 2233 3107 quod
2292 3049 2372 3088 ex
2428 3025 2715 3108 piscibus

449 3112 698 3188 vivunt,
759 3111 883 3173 dici
943 3118 1215 3194 possunt
1271 3103 1698 3196 ἰχθυοφάγοι.
1790 3113 2037 3175 Plinius
2105 3114 2395 3175 nominat
2460 3132 2709 3175 carnem

450 3196 738 3278 piscium.
831 3198 963 3262 Nos
1020 3202 1316 3278 putemus
1363 3220 1504 3261 cum
1552 3198 1843 3278 apostolo
1896 3200 2110 3261 omnia
2167 3197 2401 3259 munda
2458 3196 2713 3259 mundis

452 3302 724 3361 eumque
770 3303 996 3363 purum
1043 3288 1288 3364 putum,
1347 3285 1455 3362 qui
1513 3284 1708 3346 nullis
1763 3283 1937 3346 vitiis
1991 3283 2266 3346 infectus
2322 3286 2437 3345 est.
2527 3281 2713 3343 Nunc

453 3368 530 3431 de
570 3368 780 3429 verbis
813 3368 1020 3447 legum
1057 3376 1360 3449 tanquam
1400 3390 1629 3431 causae
1662 3368 1975 3431 literariae
2007 3369 2261 3449 patroni
2294 3368 2710 3447 disputemus

460 3452 790 3533 „Athletas
857 3452 1138 3516 Sabinus
1185 3458 1250 3516 et
1294 3452 1581 3517 Cassius⁵
1650 3454 2111 3534 responderunt
2176 3453 2437 3515 omnino
2510 3456 2713 3514 artem

451 3537 759 3601 ludicram
823 3561 950 3602 non
1013 3539 1234 3613 facere,
1306 3540 1567 3601 virtutis
1635 3540 1801 3602 enim
1870 3540 2078 3619 gratia
2136 3539 2258 3601 hoc
2317 3538 2539 3600 facere.
2633 3536 2715 3599 Et

454 3624 837 3703 generaliter
893 3626 986 3687 ita
1039 3647 1258 3688 omnes
1317 3626 1663 3706 opinantur
1717 3631 1781 3688 et
1842 3626 1998 3688 utile
2058 3625 2325 3701 videtur,
2392 3628 2465 3685 ut
2510 3644 2714 3705 neque

455 3708 778 3791 thymelici
841 3732 1044 3791 neque
1091 3711 1323 3791 xystici
1373 3732 1485 3772 nec
1532 3710 1879 3789 agitatores
1926 3731 2043 3772 nec
2088 3710 2200 3791 qui
2244 3730 2474 3789 aquam
2530 3708 2714 3787 equis

599 3880 614 3909 ¹
650 3901 719 3906 —
756 3878 924 3929 edere.
1069 3879 1088 3910 ²
1124 3878 1383 3930 Calendae
1420 3878 1761 3930 Germanicae
1797 3892 1865 3923 ἶ
1906 3880 1948 3928 1.
1988 3877 2127 3944 Sept.
2200 3876 2352 3929 Nach
2390 3876 2533 3930 Suet.
2559 3876 2710 3930 Dom.

457 3946 522 3997 13
570 3947 750 3998 wurde
807 3947 899 3997 der
950 3945 1256 4012 September
1308 3962 1372 3997 zu
1430 3946 1607 3997 Ehren
1662 3947 1755 3998 des
1807 3946 2091 4008 Domitian,
2146 3945 2241 3997 des
2293 3944 2567 4012 Besiegers
2622 3945 2715 3996 der

455 4013 776 4079 Deutschen,
833 4014 1176 4066 Germanicus
1237 4018 1477 4083 genannt.
1623 4016 1643 4045 ⁸
1676 4014 1914 4067 Suetons.
2056 4016 2077 4045 ⁴
2112 4012 2227 4081 Vgl.
2284 4012 2333 4065 S.
2393 4014 2491 4066 105
2546 4015 2607 4065 A.
2668 4016 2709 4065 1.

454 4081 660 4133 Mutian
697 4083 870 4135 citiert
907 4082 1042 4134 nach
1091 4084 1183 4134 der
1227 4083 1536 4150 Auslegung
1580 4082 1673 4134 des
1716 4082 1984 4135 Marsilius
2037 4082 2251 4134 Ficinus
2287 4098 2354 4133 zu
2388 4082 2713 4147 Porphyrius

455 4150 588 4201 V.en
647 4152 794 4203 1497.
853 4150 1019 4203 Ficini
1075 4150 1204 4218 Opp
1254 4152 1414 4205 Basil
1469 4151 1723 4217 1561.11,
1798 4151 2009 4203 .1939:
2064 4150 2447 4203 »Sanctimonia
2500 4150 2712 4217 quidem

455 4218 764 4273 mortalibus
785 4219 1052 4272 abstinens
1071 4224 1337 4273 aeternam
1357 4218 1589 4272 continet
1608 4219 1815 4272 vitam«
1852 4219 1899 4270 V
1902 4219 1968 4285 gL
1994 4218 2097 4270 Por
2099 4219 2247 4285 hpy.r
2272 4218 2351 4269 De
2370 4219 2501 4270 abst.
2518 4218 2607 4281 IV,
2627 4218 2711 4272 20.

458 4288 479 4319 ⁶
515 4285 780 4340 Masurius
817 4288 1040 4340 Sabinus
1077 4290 1184 4339 und
1222 4288 1275 4341 C.
1315 4289 1458 4341 Cass,
1507 4288 1792 4353 LonginUS,
1841 4287 2121 4339 beriihmte
2164 4286 2397 4339 Juristen
2446 4288 2538 4338 der
2584 4291 2712 4343 rom.

457 4355 765 4411 Kaiserzeit.
838 4356 1204 4409 Bruchstiicke
1242 4357 1294 4407 in
1332 4358 1433 4409 den
1467 4355 1786 4409 Pandekten.
1861 4356 1959 4407 Die
2004 4354 2163 4407 Stelle
2210 4355 2410 4422 Digest.
2446 4354 2541 4423 111,
2580 4356 2627 4423 2,
2662 4358 2712 4409 4.
