3084 4895
487 404 614 483 260
879 440 888 449 ·
1338 404 1512 469 Briefe
1546 366 1723 469 «ιω.
1764 406 1910 469 1512.

487 603 716 674 (eutha.)
1518 586 1663 653 205.
2276 606 2322 659 1.
2359 604 2492 661 Nov.
2518 580 2737 677 (1512).

1235 712 1526 784 Mutian
1567 734 1665 783 an
1708 712 1988 785 Urban.

489 844 730 911 (Schenkt
763 844 860 895 den
899 842 1141 895 Brvc‘z'dem
1175 861 1274 897 von
1307 844 1398 895 der
1433 843 1679 895 Martloen
1714 844 1752 894 3
1792 843 1872 895 ΟΖ.
1909 860 2013 895 zur
2048 841 2301 897 Hoehaeeit
2350 845 2597 898 Gerlachs
2631 847 2739 899 mit

488 913 735 979 Petrcfjus’
777 912 1069 964 Seleu-ester.
1154 912 1225 963 W
1218 928 1432 979 amuny
1467 929 1560 963 ror
1593 912 1710 963 dem
1732 911 2014 979 jiae‘disehen
2050 911 2452 980 Hausyenossen
2510 914 2734 969 Urbans.

487 981 595 1033 Der
638 982 740 1033 Abt
787 981 1022 1033 min-seht
1056 981 1167 1033 siclt
1205 981 1361 1033 einen
1396 980 1685 1048 Prophetem
1719 980 1782 1031 in
1824 980 2179 1047 Georyenthal,
2216 982 2314 1033 wie
2348 982 2439 1033 der
2472 985 2739 1036 wrm-late

497 1050 752 1103 Chaldaer
787 1050 848 1102 in
888 1049 1159 1102 Tambaeh.
1229 1050 1312 1102 Za
1347 1049 1542 1101 diesem
1589 1049 1839 1116 yoltlosen
1892 1048 2251 1116 Aberylauben
2297 1050 2415 1102 sein
2458 1052 2737 1104 seldeclzter

1464 1117 1761 1187 Umytmw

1231 1224 1328 1282 H.'
1349 1231 1605 1282 Urbano
1640 1232 1729 1282 Μ.
1762 1230 1984 1282 Rufus.

694 1342 758 1408 S.
847 1343 1089 1407 Invitas
1134 1366 1233 1407 me
1277 1344 1358 1407 ad
1401 1341 1757 1407 laetitiam.¹
1848 1343 2017 1407 Bene
2062 1343 2236 1407 facie.
2315 1344 2731 1409 Gaudendum

489 1434 587 1495 est
630 1452 770 1493 cum
817 1429 1268 1511 gaudentibus.
1359 1428 1480 1493 Sed
1530 1430 1719 1493 etiarn
1768 1433 1960 1511 atque
1992 1429 2185 1493 etiam
2216 1430 2379 1508 vide,
2412 1454 2491 1493 ne
2520 1433 2733 1512 potius

490 1516 832 1596 lugendum
866 1515 1021 1602 mihi
1053 1516 1136 1579 sit
1168 1536 1309 1578 cum
1341 1512 1685 1579 ex'ulibus.²
1774 1514 2030 1579 Libravi
2062 1519 2403 1597 utrumque
2435 1516 2732 1595 officium,

490 1603 598 1667 sed
672 1602 978 1685 posterior
1051 1602 1213 1665 ratio
1288 1602 1765 1683 praeponderat.
1884 1601 2108 1683 Itaque
2195 1602 2465 1665 manebo
2542 1603 2730 1667 domi.

491 1687 713 1752 Scribo
759 1688 838 1750 ad
883 1684 1274 1763 Martinam,³
1322 1692 1393 1750 ut
1436 1692 1564 1750 tres
1611 1708 1835 1750 aureos
1870 1688 1944 1749 de
1976 1709 2113 1751 meo
2146 1687 2453 1769 largiatur
2483 1687 2734 1771 Marga-

491 1775 630 1837 ritis
674 1772 1026 1837 fratribus*
1113 1773 1274 1837 Nam
1321 1771 1623 1835 Gerlacus
1665 1772 1822 1835 mihi
1856 1772 2290 1837 honestandus
2334 1779 2433 1837 est
2478 1783 2735 1857 propter

491 1881 762 1923 sororem
808 1859 1014 1922 Petrei
1059 1858 1277 1923 nostri.
1365 1858 1728 1921 Herebordo
1773 1880 2037 1940 regnum
2100 1861 2524 1923 conc-ederem.
2615 1860 2731 1925 Ais

489 1950 696 2009 tecum
746 1967 879 2008 esse
925 1967 1203 2027 verpum.
1295 1944 1452 2007 Hem
1501 1944 1655 2025 quid
1708 1943 1856 2007 ais?
1948 1942 2184 2007 Forsan
2219 1950 2315 2009 est
2348 1945 2728 2027 explorator.

491 2032 721 2096 Occule
784 2030 999 2094 literas
1059 2034 1123 2093 et
1175 2031 1405 2094 omnia.
1495 2028 1619 2092 Odi
1685 2051 1801 2111 ego
1871 2030 2291 2108 circumcis08‚
2365 2053 2731 2114 quanquam

493 2117 641 2180 boni
689 2117 818 2180 sint
850 2117 1101 2199 plurimi
1134 2120 1198 2179 et
1228 2116 1304 2178 de
1334 2138 1433 2179 me
1464 2114 1625 2179 bene
1660 2116 1885 2179 meriti.
1957 2116 2048 2179 De
2086 2116 2395 2181 Duronio⁵
2422 2118 2733 2199 judicium

492 2225 697 2267 meum
745 2202 996 2285 ampli0.
1067 2200 1376 2283 Cogit-abo
1411 2202 1705 2282 pressius,
1752 2202 1905 2283 quid
1935 2205 1999 2264 te
2032 2200 2315 2266 deceat.⁶‘
2378 2201 2734 2285 Culpabilis

492 2294 588 2352 est
633 2293 696 2353 et
740 2289 922 2351 multi
967 2287 1280 2351 infamant
1345 2287 1575 2369 partim
1644 2287 1917 2369 ineptias
1986 2288 2216 2369 partim
2288 2292 2733 2353 temeritatem.

491 2374 683 2439 Novit
756 2375 917 2437 aula.
1009 2373 1173 2450 Quid
1242 2374 1405 2436 enim
1473 2373 1785 2436 delatores
1852 2394 1977 2436 non
2051 2374 2417 2455 perforant?
2508 2376 2735 2439 Verum

491 2484 633 2524 cum
679 2462 763 2525 sit
807 2463 904 2524 sui
951 2461 1206 2536 cerebri,
1265 2481 1480 2523 vereor
1540 2483 1617 2522 ne
1676 2460 1795 2522 tibi
1855 2461 2181 2524 irascatur.
2273 2462 2422 2525 Dixi
2468 2463 2545 2526 de
2590 2486 2733 2546 per-

492 2548 801 2611 ditissimo
835 2543 1198 2610 Chaldaeo.⁷
1294 2544 1601 2627 ‚,“Vellem
1614 2546 1893 2627 ,inquit‚
1930 2545 2174 2628 „adhuc
2204 2570 2401 2611 unum
2436 2548 2733 2612 haberem

491 2637 637 2698 ante
713 2631 974 2696 Vallesf‘
1089 2632 1226 2708 Qua
1299 2653 1450 2695 voce
1526 2631 1687 2694 nihil
1760 2633 2178 2714 arrogantius.
2290 2633 2558 2716 Impium
2635 2641 2735 2698 est

492 2720 736 2782 credere
783 2718 1175 2793 divinaculiS‚
1240 2715 1448 2781 fovere
1502 2717 1695 2781 falsos
1756 2719 2097 2800 prophetas
2168 2719 2493 2794 nefarium,
2568 2723 2732 2783 tueri

491 2827 637 2869 vero
670 2809 996 2887 peccatum
1027 2768 1218 2866 nullis
1249 2803 1477 2867 hostiis
1509 2805 1915 2885 expiandum.
1996 2803 2135 2866 Huc
2166 2805 2325 2869 adde
2357 2808 2729 2870 societatem

375 2935 381 2942 -
494 2891 828 2973 plusquam
883 2886 1358 2988 aspernabilem.
1450 2888 1576 2953 Sed
1622 2889 1777 2971 quid
1822 2888 2067 2953 facies?
2157 2889 2277 2954 Ubi
2325 2892 2507 2955 dabis
2552 2893 2733 2956 meli-

493 2977 711 3126 orerlnt‘?
798 2976 868 3039 In
917 2975 1034 3039 hoc
1079 2976 1201 3053 ille,
1248 2975 1311 3038 in
1357 2974 1498 3038 aliis
1555 2975 1716 3039 alius
1778 2975 1900 3038 sibi
1963 2975 2269 3087 indulget.
2358 2977 2526 3041 Vale.
2620 2978 2733 3041 Die

495 3085 604 3126 coe
635 3085 653 3124 1
689 3084 816 3126 um.

795 3161 917 3216 Cod.
953 3160 1088 3215 Frcf.
1126 3160 1240 3215 260.

503 3288 732 3405 (estha.)
1546 3315 1689 3380 206.
1926 3264 1928 3267 Ι
2246 3333 2324 3385 11.
2366 3332 2501 3388 Nov.
2538 3333 2731 3402 (1512).

1238 3439 1526 3512 Mutian
1568 3461 1665 3511 an
1709 3439 1985 3511 Urban.
2444 3445 2451 3452 “

493 3569 716 3636 (Frende
749 3569 876 3622 iiber
912 3568 1172 3621 Herbords
1207 3569 1487 3623 ehrenvolle
1522 3570 1637 3622 und
1668 3569 2006 3637 eintriiyliehe
2043 3570 2290 3640 Stellam,
2324 3570 2481 3623 sowie
2501 3571 2628 3624 iiber
2649 3573 2735 3625 die

508 3638 888 3706 Verbeiratunq
950 3639 1198 3691 Gerlach-3
1249 3655 1348 3690 von
1399 3639 1490 3691 der
1544 3639 1788 3692 Marthen
1823 3640 1925 3691 mit
1958 3640 2049 3692 der
2094 3637 2375 3693 Eberbaoh.
2447 3635 2600 3693 Aueh
2648 3643 2735 3694 die

632 3761 649 3790 ¹
686 3759 888 3826 Wegen
924 3759 1016 3811 der
1051 3759 1502 3812 bevorstehenden
1538 3758 1797 3811 Hochzeit
1832 3758 2081 3812 Gerlachs
2116 3776 2219 3813 von
2243 3761 2335 3812 der
2357 3759 2597 3812 Marthen
2624 3763 2732 3813 und

491 3826 754 3888 Hei-bords
791 3827 1102 3880 Promotion.
1139 3827 1256 3894 Vgl.
1279 3826 1328 3879 S.
1354 3829 1455 3880 254
1482 3830 1544 3880 A.
1570 3829 1616 3880 3.
1758 3829 1777 3860 ²
1810 3827 1925 3879 Den
1963 3828 2063 3880 seit
2098 3829 2190 3879 der
2222 3828 2327 3880 Erf.
2366 3829 2517 3880 stadt.
2557 3829 2729 3882 Revo-

491 3896 656 3948 lution
695 3897 826 3948 1509
862 3895 916 3947 in
952 3896 1122 3949 Gotha
1154 3895 1407 3948 lebenden
1444 3897 1763 3949 verbannten
1800 3896 1903 3948 Eff.
1940 3896 2243 3949 Patriziern.
2318 3899 2338 3928 ³
2358 3897 2461 3948 Der
2494 3897 2733 3950 Erfurter

491 3965 802 4017 Prokurator
835 3964 1024 4016 Martin
1061 3964 1250 4018 Schilo.
1287 3963 1336 4018 S.
1377 3965 1474 4018 133
1513 3968 1574 4017 A.
1604 3967 1648 4019 1.
1789 3967 1809 3996 4
1842 3965 2081 4018 Herbord
2116 3966 2221 4018 und
2262 3965 2499 4018 Gerlach.
2538 3965 2587 4019 S.
2631 3969 2727 4020 147

493 4035 552 4086 A.
591 4035 637 4085 5.
777 4035 798 4066 ὅ
831 4034 938 4085 Der
969 4034 1088 4087 Abt.
1126 4033 1176 4086 S.
1217 4033 1314 4086 108
1350 4037 1410 4086 A.
1449 4036 1496 4086 1.
1636 4035 1657 4065 ⁶
1689 4033 1795 4085 Der
1830 4034 1935 4086 Abt
1978 4034 2153 4086 wollte
2204 4034 2297 4086 ihn
2334 4049 2455 4085 zum
2495 4034 2735 4088 Pfortner

493 4101 937 4170 herabwiirdigen.
975 4101 1196 4157 Br.194.
1254 4104 1306 4134 ⁷
1343 4101 1608 4168 Derselbe‚
1630 4117 1732 4154 von
1750 4102 2038 4154 welchem
2024 4119 2079 4154 111
2099 4104 2267 4156 einem
2288 4103 2461 4155 Briefe
2486 4119 2582 4157 aus
2608 4105 2655 4156 d.
2682 4105 2731 4157 J.

496 4171 630 4222 1514
677 4170 814 4246 (388
834 4172 925 4222 des
961 4170 1104 4240 Cod.)
1143 4172 1227 4223 die
1260 4169 1431 4223 Rede:
1479 4170 1550 4224 »si
1593 4171 1807 4238 respicit
1841 4172 1906 4224 ad
1941 4176 2177 4224 vestlum
2224 4174 2529 4224 damnatum
2577 4173 2732 4224 Chal-

493 4240 682 4292 daeum
724 4255 757 4292 1.
795 4255 838 4291 e.
879 4240 972 4294 bnt
1007 4241 1193 4295 mitam
1228 4254 1347 4296 mun
1382 4254 1512 4309 fftmn
1548 4237 1805 4308 Uumhutl).
1810 4261 1832 4286 «
1901 4240 2149 4293 Derselbe
2197 4241 2329 4294 trieb
2375 4240 2487 4293 sein
2535 4241 2606 4292 W
2608 4257 2733 4293 esen

494 4309 655 4360 sehon
691 4307 793 4359 seit
825 4307 1038 4376 langern
1093 4309 1304 4375 Jahren‚
1354 4311 1490 4362 denn
1524 4308 1728 4362 Mutian
1764 4308 1995 4361 schreibt
2034 4311 2165 4363 1506
2201 4326 2262 4363 an
2300 4309 2480 4362 Urban
2514 4309 2601 4361 Br.
2640 4311 2733 4362 52:

492 4376 737 4429 »Habetis
791 4376 845 4428 in
893 4377 1066 4430 viculo
1118 4378 1453 4431 Dambaccho
1509 4377 1873 4431 Chaldaeum.
1941 4377 2157 4432 Damals
2214 4378 2363 4432 sollte
2418 4377 2597 4430 Urban
2648 4379 2735 4431 bei

495 4445 794 4498 demselben
827 4445 1132 4498 Unterricht
1165 4447 1222 4498 in
1257 4447 1349 4498 der
1383 4445 1673 4513 Astrologie
1708 4447 1947 4500 nehmen.
