3084 4895
1222 396 1435 464 Mutian
1475 411 1544 456 aa
1589 393 1788 450 Urban.
2505 397 2630 460 427

370 575 687 650 debitores
753 597 897 640 cum
966 571 1440 638 creditoribus.¹
1536 569 1786 654 Negare
1853 575 2084 644 sortem
2152 589 2278 651 non
2345 573 2629 650 possunt.

368 662 609 730 Usuras
673 682 820 726 vero
892 681 1018 724 non
1088 657 1349 726 reddere
1424 657 1618 724 fidem
1695 657 1928 725 bonam
2003 657 2300 733 infirmat,
2375 655 2632 728 tametsi

370 747 557 812 Fides
600 747 788 812 hodie
834 767 975 810 aras
1020 748 1085 810 et
1134 743 1373 825 templa
1418 764 1548 806 non
1598 742 1854 807 habeat.
1945 744 2118 808 Adeo
2177 744 2379 807 deam·
2412 742 2630 807 Fidem

369 834 707 916 negligunt
749 833 1066 898 mortales.
1160 829 1328 896 Vale.
1423 829 1540 906 Die
1587 829 1783 894 Jovis.

678 935 802 990 cod.
837 933 971 988 Μ
1010 933 1127 988 161.

282 1153 288 1158 -
372 1123 601 1194 (eotha.)
992 1129 1003 1140 ·
1432 1105 1577 1170 357.
1643 1186 1646 1188 Ἴ
2061 1125 2176 1188 (vor
2210 1121 2258 1175 5.
2295 1117 2421 1172 Juni
2459 1115 2630 1186 1514.)

1120 1233 1415 1304 Mutian
1464 1253 1563 1304 an
1608 1231 1886 1304 Urban.

374 1364 591 1432 (Urbcm
644 1365 751 1418 la'dt
802 1381 933 1418 xum
986 1362 1447 1432 Bonifaxmsfeste
1498 1379 1604 1430 em,
1659 1362 1784 1415 aber
1826 1362 1900 1417 Μ.
1946 1362 2124 1416 ‘macht
2157 1361 2274 1414 sich
2305 1360 2478 1413 mahts
2531 1376 2632 1413 aus

372 1433 633 1498 fflzoclaen,
670 1451 727 1487 so
761 1449 873 1487 wcn
852 1450 1199 1556 nmmos
1096 1432 1384 1502 mosRock
1416 1433 1534 1488 und
1565 1428 1704 1486 Bart
1747 1431 1977 1495 Christ&
2013 1431 2140 1484 doch
2173 1430 2312 1483 wird
2343 1429 2458 1482 sich
2489 1428 2632 1482 Pub-

373 1503 483 1558 lius
516 1519 619 1556 von
656 1503 773 1556 dem
810 1503 855 1556 S
1010 1502 1126 1572 piel
1164 1501 1321 1556 nicht
1364 1499 1746 1554 zumckhalten
1793 1501 1980 1555 lassen.
2050 1500 2152 1556 Leo
2187 1500 2255 1554 X.
2293 1499 2382 1552 ein
2424 1499 2636 1554 Θὸηησν

1348 1569 1642 1626 Εεασὴῑίηε
1645 1571 1678 1639 .)

566 1685 869 1748 officioso,
904 1685 1119 1748 probo,
1156 1686 1380 1737 sancto
1415 1685 1676 1739 Urbano
1712 1685 1899 1746 patri,
1935 1684 2200 1743 domino,
2235 1683 2430 1736 tutori

1303 1768 1412 1837 (M.
1463 1767 1712 1838 rems).

578 1882 640 1949 S.
730 1883 974 1950 Invitas
1034 1907 1133 1948 me
1177 1882 1262 1947 ad
1318 1882 1883 1948 sollemnissimam
1955 1883 2383 1946 celebritatem
2453 1905 2630 1965 pom-

374 1992 646 2054 pamque
720 1968 1201 2054 septennalem,²
1278 1990 1495 2051 neque
1571 1970 1796 2047 solum,
1864 1971 1973 2034 sed
2042 1975 2106 2032 et
2173 1967 2500 2033 Publium³
2569 1973 2632 2032 et

370 2055 775 2135 Vulcanum,⁴
821 2079 1023 2140 neque
1070 2057 1207 2122 sine
1254 2077 1473 2134 causa,
1509 2057 1620 2120 sed
1653 2062 1725 2122 ut
1759 2056 2258 2140 cupidos-rerum
2307 2079 2627 2120 novarum.

376 2143 693 2209 Debemus
738 2143 1046 2210 mehercle
1091 2142 1209 2206 tibi
1256 2142 1392 2206 viro
1425 2143 1742 2207 bonorum
1779 2143 2160 2208 amicissimo
2192 2147 2255 2204 et
2286 2143 2630 2208 amicorum

372 2231 616 2312 optimo
663 2235 727 2294 et
771 2231 935 2294 inter
995 2235 1298 2314 utrosque
1366 2229 1842 2313 probatissimo.
1937 2227 2119 2293 Facis
2148 2225 2341 2292 'enim
2387 2251 2514 2293 non
2559 2233 2631 2292 ut

375 2317 675 2402 plerique,
744 2317 855 2402 qui
915 2318 1167 2381 tantum
1246 2315 1481 2379 divites
1558 2323 1780 2380 amant
1845 2316 1938 2380 vel
2010 2316 2220 2398 potius
2289 2338 2498 2386 amare
2564 2338 2630 2380 se

376 2403 699 2481 simulant,
747 2403 857 2467 sed
903 2404 1093 2468 etiam
1140 2403 1498 2468 nossortis
1557 2403 1810 2467 infimae
1866 2403 2385 2467 constantissima
2437 2403 2629 2467 bene-

377 2490 655 2555 volentia
729 2492 1141 2573 prosequeris,
1222 2493 1304 2569 et,
1352 2493 1425 2553 ut
1495 2491 1685 2573 plane
1761 2491 1928 2573 quod
2004 2490 2209 2553 sentio
2286 2491 2630 2569 enuntiem,

376 2582 617 2660 patrem
666 2578 805 2658 agis
850 2578 1021 2641 omni
1056 2600 1133 2640 ex
1166 2582 1346 2659 parte
1385 2577 2020 2659 indulgentissimum
2054 2580 2116 2639 et
2146 2576 2627 2659 pientissimum.

378 2662 557 2740 Quod
603 2668 813 2727 autem
860 2664 939 2727 ad
989 2686 1084 2727 me
1128 2663 1381 2740 attinet,
1422 2664 1761 2728 sciendum
1795 2668 1892 2727 est
1925 2686 2050 2727 non
2083 2663 2380 2728 omnibus
2412 2664 2629 2732 eadem

375 2750 619 2833 placere
691 2767 808 2813 nec
886 2752 1218 2813 convenire
1290 2748 1577 2831 quidem.
1693 2749 1926 2813 Vellem
2005 2754 2135 2813 tam
2211 2748 2388 2816 ferax
2463 2755 2630 2816 esset

374 2835 747 2901 lectioribus
792 2836 970 2900 libris
1016 2835 1241 2917 forum,
1289 2842 1361 2900 ut
1406 2837 1579 2900 sicut
1625 2836 1768 2900 aliis
1813 2836 1936 2901 alia
1984 2837 2074 2899 ita
2119 2835 2276 2900 mihi
2319 2837 2630 2918 quaedam

374 2922 715 3005 placerent.
804 2922 965 2987 Nam
1014 2922 1091 2987 de
1135 2923 1389 2988 ossibus
1435 2924 1624 2987 tenes
1667 2923 1862 3005 probe
1920 2923 2074 3005 quid
2127 2922 2282 2987 mihi
2319 2923 2626 2990 videatur.

377 3008 553 3073 Nihil
598 3030 805 3074 moror
850 3010 985 3073 vita.
1030 3008 1303 3087 functOS,
1349 3010 1479 3073 nisi
1526 3009 1653 3073 sibi
1699 3030 1926 3073 nomen
1989 3009 2346 3073 immortale
2398 3010 2630 3075 studiis

380 3098 444 3159 et
490 3096 745 3179 ingenio
790 3096 1105 3178 peperisse
1160 3096 1477 3159 dicantur.
1569 3095 1733 3158 Illud
1796 3118 1941 3159 vero
1999 3096 2227 3173 veriuS,
2296 3118 2630 3179 puerorum

377 3204 515 3245 esse
580 3185 643 3247 et
719 3181 1093 3245 feminarum
1170 3188 1234 3246 et
1306 3182 1772 3264 mancipiorum
1849 3181 2302 3265 spectaculum,
2377 3187 2630 3247 nostros

381 3268 571 3331 etiam
642 3269 1025 3333 domesticos
1091 3268 1251 3332 nihil
1318 3268 1531 3349 magis
1597 3290 1840 3351 cupere,
1909 3290 2100 3349 quam
2165 3269 2374 3332 videre
2419 3269 2502 3347 id,
2548 3269 2630 3332 ad

381 3355 552 3435 quod
597 3358 670 3418 tu
716 3375 823 3418 eos
869 3375 1112 3419 evocas,
1206 3355 1429 3417 Verum
1484 3354 1802 3418 enimvero
1851 3354 2005 3418 mihi
2051 3354 2238 3435 longe
2282 3354 2407 3418 alia
2451 3376 2627 3419 mens

379 3446 494 3503 est.
586 3440 813 3523 Vagari
857 3441 1023 3504 enim
1068 3463 1195 3505 non
1244 3441 1423 3504 decet
1464 3439 1705 3523 probos
1737 3440 2188 3504 adulescentes,
2264 3440 2384 3503 Vix
2415 3444 2627 3505 tamen

376 3527 635 3590 retineri
705 3528 939 3610 poterit
1016 3527 1279 3592 Publius
1354 3530 1417 3589 et
1498 3528 1664 3591 votis
1733 3526 1921 3607 hujus
1989 3549 2286 3604 annuam,
2354 3530 2426 3591 ut
2490 3531 2627 3591 toto

364 3612 673 3697 deinceps
740 3634 907 3677 anno
968 3613 1047 3676 ad
1112 3635 1395 3677 mensam
1464 3612 1628 3676 mihi
1695 3613 1958 3676 fabellas
2023 3612 2252 3675 referat
2312 3612 2388 3675 de
2446 3616 2628 3677 tanta

376 3700 785 3781 spectatione.
876 3698 1058 3761 Dicet
1102 3699 1222 3762 tibi
1264 3697 1499 3761 Janus⁵
1551 3699 1626 3761 de
1675 3698 1872 3762 barba
1904 3698 2154 3761 Christi.
2235 3697 2388 3777 Ohe,
2422 3699 2628 3779 qualis

378 3785 611 3848 barba!
732 3786 1099 3849 Detestatur
1174 3784 1468 3847 Christus
1544 3786 1940 3849 mendacium
2019 3790 2084 3848 et
2157 3790 2365 3848 tamen
2445 3808 2627 3849 nemo

378 3870 686 3935 mentitur
763 3872 965 3951 magis
1038 3870 1437 3954 impudenter
1509 3892 1698 3952 quam
1771 3869 2008 3935 Christi
2074 3872 2382 3935 sacerdos,
2495 3872 2628 3953 Ego

380 3958 663 4022 tunicam
726 3962 789 4021 et
846 3956 1107 4021 barbam
1176 3962 1240 4019 et
1306 3958 1709 4039 praeputium
1778 3980 1904 4021 non
1977 3957 2132 4021 colo.
2225 3958 2422 4021 Deum
2491 3958 2630 4020 colo

381 4044 717 4120 viventem,
763 4045 873 4125 qui
920 4065 1123 4124 neque
1167 4044 1494 4106 tunicatus
1539 4065 1744 4125 neque
1794 4044 2117 4119 barbatus,
2167 4066 2370 4126 neque
2430 4045 2633 4111 ullum

516 4250 531 4279 ¹
566 4248 742 4301 Erfurt
777 4248 923 4301 hatte
960 4246 1043 4299 die
1049 4248 1245 4384 gGiiter
1279 4248 1371 4299 der
1404 4246 1694 4301 Exiliertcn
1699 4247 2062 4369 “eingezogen
2109 4250 2352 4303 woriiber
2387 4250 2626 4310 Hcrbord

372 4317 458 4370 ....
677 4384 1051 4439 ..

370 4370 631 4511 ἔθυέ).
666 4456 689 4487 ⁵
722 4454 969 4524 Urbicus,
1006 4454 1216 4511 Urbans
1250 4454 1460 4510 Diener.
1534 4453 1586 4508 S.
1625 4453 1725 4507 289
1759 4456 1822 4509 A.
1864 4455 1909 4509 1.
