3084 4895
1158 422 1369 512 Mutina
1405 473 1473 510 an
1509 456 1711 512 Urbim.
2452 456 2573 522 131

305 631 376 689 te
409 625 771 690 confessum
822 649 959 692 esse
1005 627 1378 693 futilitatem
1425 629 1599 692 illam
1647 633 1712 692 et
1741 627 1997 708 linguae
2027 624 2361 704 lubricum,
2410 632 2577 690 certe

313 713 556 794 poteris
603 713 852 794 culpam
903 714 1142 777 diluere
1185 737 1295 795 per
1340 719 1617 796 quatuor
1661 714 2107 796 purgationes:
2158 733 2379 788 errore,
2428 713 2579 792 quia

310 797 552 878 fingere
596 799 837 881 poteris
881 805 946 862 te
993 799 1348 863 Matianum
1396 821 1508 882 pro
1556 799 1858 862 Martino'
1910 799 2270 860 nominasse
2316 803 2381 860 et
2424 819 2576 878 gen-

308 882 448 944 tilis
494 884 653 946 vitia
709 885 913 947 amico
977 885 1308 962 tribuisse3
1373 907 1544 960 casu,
1606 885 1775 965 quod
1838 883 2153 946 lubricum
2212 883 2470 964 linguae
2516 887 2577 945 te

313 968 854 1050 praecipitaverit3
905 972 1309 1046 necessitate,
1356 972 1506 1050 quia
1554 970 1802 1046 ebrius;
1848 968 2185 1044 oblivione,
2234 969 2403 1049 quod
2452 990 2577 1030 non

312 1054 696 1130 memineriS,
758 1055 912 1136 quid
975 1056 1094 1117 tibi
1140 1055 1524 1138 loquendum
1576 1055 1787 1118 fuerit.
1882 1053 1997 1115 Est
2041 1053 2166 1116 alia
2215 1055 2313 1115 via
2362 1053 2579 1115 defen-

311 1138 532 1215 sioniS,
581 1141 840 1220 quando
889 1141 1158 1203 dicimus
1204 1142 1442 1205 factum
1493 1141 1831 1215 dictumve,
1879 1140 2049 1218 quod
2096 1139 2414 1220 objicitur,
2464 1139 2579 1201 ho-

309 1227 564 1286 nestum
613 1246 750 1287 esse
796 1225 894 1288 vel
928 1230 1158 1288 natura
1203 1226 1298 1289 vel
1336 1248 1504 1290 more
1537 1226 1635 1288 vel
1671 1226 1825 1305 lege.
1892 1225 2049 1287 Item
2086 1224 2340 1304 quando
2375 1230 2581 1286 trans-

309 1307 576 1371 ferimus
637 1310 871 1373 crimen
928 1312 991 1372 in
1049 1312 1244 1375 alium
1304 1318 1368 1374 et
1434 1312 1691 1392 quando
1746 1310 1821 1372 fit
1877 1310 2255 1385 imminuti0‚
2316 1310 2377 1372 h.
2428 1332 2479 1371 e.
2526 1311 2579 1371 si

315 1393 508 1476 culpa
575 1395 906 1470 minuitur,
968 1402 1273 1476 tanquam
1337 1398 1494 1459 levis
1556 1398 1751 1459 sit.et
1796 1395 2061 1476 indigna
2114 1395 2577 1475 objurgatione.

308 1478 541 1541 Verum
587 1484 659 1542 tu
707 1481 974 1546 callidus
1007 1481 1204 1544 fuisti.
1299 1483 1575 1544 Evasisti
1622 1481 1883 1562 laqueos
1939 1481 2427 1543 excusationum
2474 1502 2583 1542 ne-

308 1563 542 1643 gandO.
635 1565 798 1642 Quid
845 1566 968 1628 tibi
1025 1567 1304 1629 faciam?
1396 1566 1556 1643 Quia
1617 1567 1801 1630 credo
1866 1566 1983 1628 tibi
2030 1570 2093 1628 et
2140 1565 2398 1628 evidens
2455 1586 2580 1627 non

309 1653 430 1724 est,
477 1671 558 1711 an
607 1649 851 1728 feceriS,
917 1656 982 1713 te
1040 1653 1322 1727 absolv0‚
1385 1653 1492 1715 sed
1542 1653 1761 1714 hortor
1816 1651 2025 1714 discas
2086 1651 2321 1714 cautim
2384 1650 2577 1731 loqui.

316 1733 546 1796 Mirum
594 1739 711 1812 est,
772 1741 1084 1816 quantum
1151 1738 1445 1818 praesidii
1508 1738 1823 1800 collocent
1878 1737 2171 1799 advocati
2232 1737 2298 1798 in
2342 1735 2581 1798 infitia-

307 1819 505 1882 tione.
619 1820 1058 1903 Propinquum
1139 1823 1342 1885 habeo
1420 1823 1763 1885 Henricum
1836 1822 2054 1884 Jonas
2180 1821 2241 1883 Is
2302 1821 2583 1902 appellat

307 1904 663 1968 debitorem
712 1929 896 1969 suum
958 1906 1273 1970 Judocum
1333 1907 1573 1972 Smeth.
1672 1907 1961 1982 Attende‚
2018 1906 2171 1987 quid
2218 1909 2302 1970 sit
2347 1913 2581 1968 actum.

312 1989 562 2053 Petitur
608 1993 876 2073 pecunia
921 2015 1000 2054 ex
1047 1994 1306 2056 vendito
1353 1993 1607 2055 hordeo.
1700 1991 1825 2055 Sed
1859 1994 1967 2073 qui
2002 1993 2182 2074 petit,
2231 2011 2436 2071 neque
2482 1996 2581 2054 ta-

311 2075 483 2137 bulis
545 2097 748 2158 neque
801 2078 1079 2140 testibus
1142 2077 1552 2141 traditionem
1617 2077 1830 2139 hordei
1892 2078 2102 2152 docet,
2164 2077 2272 2138 sed
2328 2081 2580 2138 tantum

311 2163 711 2239 argumentis
745 2163 974 2225 nititur
1006 2164 1472 2226 verisimilibus.
1521 2163 1657 2243 Ego
1683 2163 1835 2244 quid
1871 2163 2012 2224 dem
2044 2162 2316 2237 consilii,
2346 2163 2577 2224 nescio.

314 2244 527 2326 Negat
573 2269 716 2310 reus
761 2250 1079 2329 accepisse
1125 2249 1450 2324 hordeum,
1498 2249 1657 2312 dicit
1701 2253 1879 2312 actor
1915 2249 2377 2309 transmissum.
2450 2246 2580 2309 Au-

312 2331 454 2411 riga
498 2331 755 2409 fatetur,
803 2334 914 2396 sed
971 2334 1173 2408 abest,
1237 2340 1300 2396 et
1345 2335 1496 2414 quia
1541 2335 1727 2397 abest
1783 2339 1847 2396 et
1893 2333 2033 2395 ideo
2098 2333 2159 2394 in
2203 2331 2307 2413 jus
2369 2333 2580 2394 vocari

316 2436 445 2479 non
503 2421 736 2500 potest,
791 2422 1034 2500 perstat
1104 2441 1246 2482 reus
1307 2419 1369 2482 in
1435 2441 1551 2483 sua
1606 2418 1977 2501 pertinacia.
2069 2416 2193 2481 Diu
2251 2439 2350 2481 me
2407 2417 2583 2492 torsi,

316 2503 476 2582 quid
526 2504 822 2583 praesidii
868 2503 1032 2568 foret
1085 2506 1148 2567 in
1196 2505 1317 2567 hac
1361 2528 1443 2567 re.
1535 2505 1736 2585 Leges
1786 2509 1849 2568 et
1894 2526 2169 2567 canones
2225 2504 2427 2566 multa
2474 2524 2582 2583 pro

318 2592 598 2669 utroque
643 2593 958 2653 statuunt.
1029 2590 1258 2653 Actore
1306 2612 1429 2653 non
1462 2591 1775 2671 probante
1820 2611 1965 2652 reus
2009 2588 2380 2651 absolvitur.
2440 2586 2585 2651 Non

314 2673 427 2734 ita.
522 2672 681 2735 Nam
728 2674 960 2737 inveni·
1001 2696 1218 2738 casum
1281 2676 1719 2739 admirabilem
1791 2675 1960 2756 apud
2016 2675 2246 2737 Aulum
2310 2672 2582 2736 Gellium

313 2758 480 2821 libro
511 2756 651 2820 XIV
689 2780 823 2840 cap.
858 2759 933 2836 ΙΙ,
981 2759 1130 2823 huic
1176 2766 1394 2824 nostro
1444 2761 1701 2840 negotio
1749 2781 2053 2841 perquam
2101 2759 2387 2835 similem.
2456 2760 2584 2821 Ex-

324 2864 510 2925 cerpe
560 2843 752 2906 verba
797 2843 879 2907 M.
929 2842 1194 2909 Catonis
1243 2867 1354 2927 pro
1400 2846 1599 2908 Lucio
1646 2844 1859 2907 Turio.
1952 2844 2130 2907 Meus
2191 2845 2585 2927 propinquus

316 2928 607 3009 optimus
653 2930 748 2991 vir
794 2935 908 3007 est,
965 2930 1248 2993 Judocus
1316 2953 1460 2993 vero
1509 2932 1820 3012 pessimus
1869 2935 1933 2992 et
1976 2931 2201 3011 plenus
2264 2930 2583 3012 perfidiae.

324 3013 548 3091 [taque
594 3035 733 3078 meo
773 3014 1012 3095 judicio
1059 3016 1489 3097 adjudicarem
1533 3016 1842 3097 pecunias
1890 3016 2145 3095 petitori
2192 3022 2255 3077 et
2290 3015 2585 3077 condem-

319 3120 540 3160 narem
588 3097 876 3162 fallacem
909 3105 974 3163 et
1005 3101 1362 3182 improbum
1402 3106 1786 3181 negatorem.
1856 3100 1948 3162 Tu
1985 3122 2101 3162 nos
2133 3103 2226 3163 sic
2257 3099 2583 3177 redargue.

319 3182 572 3245 Profers
617 3185 996 3265 exemplum,
1043 3186 1352 3262 Matiane,
1400 3191 1465 3248 et
1509 3185 1897 3268 praejudicio
1933 3183 2197 3248 Catonis
2244 3191 2393 3247 stas
2460 3183 2583 3247 Sed

321 3269 388 3330 in
439 3268 654 3331 codice
712 3268 1082 3335 Justiniano
1140 3271 1551 3352 prohibemur
1612 3269 1937 3351 exemplis,
1990 3270 2287 3351 jubemur
2338 3270 2585 3351 legibus

315 3352 625 3435 judicare.
727 3352 1103 3435 Respondeo
1175 3358 1516 3419 maximam
1600 3362 1841 3436 partem
1901 3356 2111 3436 legum
2180 3376 2584 3418 romanarum

320 3443 618 3501 constare
664 3439 1086 3521 praejudiciiS‚
1133 3442 1460 3525 exempliS,
1506 3441 2004 3504 auctoritatibus
2050 3446 2114 3502 et
2158 3439 2586 3521 opinamentis

469 3624 484 3655 ²
518 3623 713 3677 Martin
748 3640 850 3677 von
888 3626 982 3678 der
1015 3626 1274 3689 Marthem
1311 3627 1445 3680 Prof.
1471 3628 1565 3679 der
1586 3625 1789 3677 Rechte
1824 3625 1880 3676 in
1900 3625 2093 3690 Erfurt,
2131 3624 2177 3678 2.
2203 3623 2399 3675 Rektor
2437 3626 2587 3691 1496,

321 3692 379 3744 in
405 3691 662 3744 welchem
681 3692 843 3745 Jahre
880 3710 937 3746 er
953 3694 1042 3748 Dr.
1055 3695 1159 3761 jur.
1199 3696 1396 3756 wurde,
1432 3696 1542 3746 und
1564 3694 1763 3746 wieder
1790 3692 1918 3745 1521
1950 3694 2195 3745 wahrend
2224 3692 2369 3744 eines
2387 3709 2586 3760 ganzen

321 3759 530 3820 Jahres,
573 3762 836 3813 nachdem
872 3778 929 3813 er
973 3778 1074 3814 von
1111 3763 1255 3815 einer
1293 3762 1446 3815 Reise
1491 3763 1631 3814 nach
1680 3761 1948 3813 Palastina
2008 3761 2426 3828 zuriiekgekehrt
2461 3778 2584 3815 war.

322 3828 396 3882 Er
431 3830 586 3880 stand
632 3844 751 3881 zum
789 3828 1174 3883 Humanismus
1220 3832 1328 3883 und
1377 3833 1556 3897 spater
1602 3846 1696 3881 zur
1741 3828 2096 3880 Reformation
2145 3830 2195 3879 in
2247 3830 2585 3881 feindlichem

323 3896 650 3961 Gegensatze
695 3899 803 3951 und
839 3898 970 3949 wird
1007 3914 1110 3949 von
1144 3898 1350 3951 Mutian
1385 3900 1463 3951 als
1502 3898 1868 3950 barbarischer
1914 3896 2085 3948 Jurist
2136 3896 2456 3956 bezeichnet,
2495 3900 2587 3950 der

321 3966 440 4017 sich
480 3966 618 4017 auch
655 3966 826 4034 wenig
860 3982 952 4017 um
975 3968 1156 4018 seinen
1181 3968 1552 4027 Vei-wandten,
1590 3967 1691 4017 den
1727 3965 2127 4017 aufstrebenden
2154 3964 2405 4020 Herbord.
2432 3967 2585 4017 kiim—

321 4036 506 4086 mel-te.
579 4034 650 4085 Ει·
683 4050 794 4086 war
828 4034 1068 4101 zugleich
1106 4036 1404 4087 Kanoniker
1439 4052 1538 4086 von
1563 4034 1635 4086 St.
1656 4034 1851 4085 Severi.
1910 4032 2113 4084 Mutian
2150 4033 2293 4083 hatte
2332 4049 2431 4084 von
2474 4035 2585 4085 ihm

326 4103 474 4169 (man
511 4102 650 4153 sieht
680 4102 870 4168 jedoch
908 4103 1071 4167 nicht,
1109 4107 1263 4155 untei·
1301 4103 1557 4155 welchem
1593 4102 1745 4160 'riteh
1785 4102 1982 4153 (iefalle
2020 4117 2085 4152 zu
2124 4101 2389 4161 beziehen,
2429 4104 2496 4153 (la
2530 4120 2588 4153 er

323 4185 430 4221 von
465 4169 664 4221 seinem
701 4171 1016 4223 Prokurator
1051 4172 1228 4224 Schilo
1273 4170 1777 4237 Rechnungsabiage
1812 4170 2037 4222 forderte
2074 4170 2205 4220 iiber
2239 4168 2349 4233 daS,
2389 4186 2495 4221 was
2531 4187 2587 4221 er

324 4253 430 4289 von
479 4238 590 4292 »Du
643 4239 925 4291 Martinus«
976 4241 1082 4291 und
1129 4242 1248 4292 dem
1312 4240 1613 4292 Kanoniker
1657 4238 1943 4290 Holtmann
1993 4237 2403 4303 eingcnommen.
2462 4238 2583 4289 Cod.

321 4306 443 4359 400.
518 4306 598 4359 Ob
634 4309 726 4359 der
763 4309 910 4358 »tuus
950 4307 1074 4359 olim
1111 4315 1355 4375 patruus«
1391 4324 1474 4360 am
1513 4306 1765 4359 Schlusse
1804 4306 1885 4358 ob.
1912 4305 2001 4356 Br.
2023 4306 2108 4356 ein
2134 4305 2367 4359 ander-er.
2396 4306 2585 4357 bereits

327 4375 693 4427 verstorbener
745 4373 935 4427 Oheim
971 4376 1238 4429 Herbords
1273 4392 1397 4439 war,
1435 4377 1506 4427 ist
1541 4374 1873 4441 zweifelhat't⁷
1920 4374 1989 4425 da
2023 4389 2125 4424 von
2164 4373 2335 4423 einem
2372 4374 2585 4425 solchen

325 4446 474 4495 sonat
506 4443 754 4510 nitgends
789 4444 875 4495 die
911 4443 1055 4497 Rode
1089 4445 1178 4497 ist.

2075 4510 2177 4572 9*
