3084 4895
417 448 540 512 142
1185 445 1362 500 Briet'e
1397 460 1502 498 von
1541 445 1895 501 1508—1509.

423 615 798 684 amorem.“¹
893 616 1160 680 Hortare
1205 637 1463 698 quaese,
1523 622 1599 680 ut
1641 637 1903 682 rancore
1970 617 2259 701 deposito
2316 640 2461 683 cum
2527 640 2679 684 sene

418 706 636 769 redeat
696 705 762 766 in
824 703 1115 783 gratiam.
1212 701 1665 783 „Irascimini“,
1732 703 1945 784 inquit
2012 703 2236 780 David,
2307 709 2409 787 „et
2478 705 2679 768 nolite

417 788 736 872 peccare.“
846 788 914 850 Id
964 788 1172 868 ipsum
1238 786 1587 868 Apostolus
1655 789 1904 870 plenius
1967 789 2453 871 interpretatur:
2529 789 2678 871 „Sol

416 898 540 940 non
608 874 858 938 occidat
925 895 1112 955 super
1175 873 1568 936 iracundiam
1643 874 1975 936 vestram.“
2092 875 2253 950 Quid
2324 875 2528 939 dicam
2599 875 2677 939 de

417 961 769 1042 Spalatino,
831 961 894 1022 in
943 958 1123 1038 cujus
1184 958 1338 1020 iram
1404 980 1530 1020 non
1594 960 1785 1022 unius
1844 961 1951 1022 sed
2020 961 2360 1024 multorum
2431 963 2671 1024 dierum

415 1047 506 1111 sol
573 1046 756 1108 testis
825 1041 1168 1107 occubuit?
1273 1041 1571 1106 Salvator
1631 1045 1917 1123 loquitur
1982 1046 2043 1106 in
2117 1045 2491 1126 Evangelio:
2569 1044 2675 1126 „Si

414 1133 601 1196 offers
671 1151 898 1193 munus
965 1133 1148 1191 tuum
1215 1128 1294 1190 ad
1365 1129 1565 1191 altare
1640 1129 1857 1209 ibique
1931 1137 2385 1194 rememoratus
2458 1131 2673 1208 fueriS,

415 1219 568 1299 quia
633 1215 826 1278 frater
896 1218 1046 1277 tuus
1115 1214 1312 1276 habet
1375 1214 1617 1295 aliquid
1686 1215 2016 1277 adversum
2087 1221 2170 1292 te,
2238 1217 2523 1296 relinque
2584 1217 2673 1278 ibi

413 1325 647 1366 munus
689 1305 874 1363 tuum
921 1304 1072 1361 ante
1117 1299 1316 1361 altare
1362 1303 1426 1361 et
1470 1301 1632 1362 vade
1676 1300 2069 1363 reconciliari
2118 1302 2295 1382 prius
2338 1303 2515 1364 fratri
2561 1307 2675 1364 tuo

416 1394 480 1452 et
525 1389 615 1450 sic
670 1386 894 1448 offeres
953 1405 1186 1446 munus
1247 1389 1432 1446 tuum
1490 1385 1569 1448 ad
1632 1384 1887 1448 altare.“
1984 1385 2313 1462 Quomodo
2376 1409 2523 1468 ergo
2584 1388 2676 1450 ira

413 1477 825 1558 permanente
865 1469 1224 1532 sacrificat?
1300 1469 1436 1544 Quo
1470 1470 1683 1533 animo
1716 1470 1873 1533 dicit
1905 1471 1970 1533 in
2004 1473 2291 1534 oratione
2322 1473 2671 1535 dominica:

420 1558 723 1641 „Dimitte
786 1555 972 1617 nobis
1017 1555 1235 1617 debita
1280 1560 1516 1632 nostra,
1566 1556 1733 1618 sicut
1778 1561 1842 1618 et
1886 1577 2003 1618 nos
2051 1558 2435 1620 dimittimus
2496 1558 2673 1620 debi-

411 1645 661 1709 toribus
711 1639 1058 1703 nostrisw?
1119 1638 1292 1715 Quae
1339 1661 1480 1702 cum
1528 1641 1621 1703 ita
1666 1642 1817 1710 sint,
1864 1641 2170 1722 fungatur
2204 1643 2437 1723 placidi
2470 1663 2675 1705 sacer-

414 1729 584 1794 dotis
658 1726 870 1789 officio
944 1731 1010 1787 et
1083 1747 1224 1788 cum
1299 1725 1599 1789 omuibus
1688 1726 2056 1790 hominibus
2148 1748 2365 1809 pacem
2440 1728 2677 1790 habeat

413 1816 724 1894 cedatque
777 1811 913 1873 seni
970 1831 1237 1873 moroso,
1326 1811 1524 1892 quue
1570 1811 1765 1874 faciat
1810 1833 1883 1874 eo
1929 1813 2255 1888 libentius,
2318 1815 2487 1894 quod
2550 1835 2672 1876 non

413 1901 519 1964 diu
570 1917 907 1961 mansurus
953 1897 1039 1957 sit
1081 1917 1276 1958 senex
1321 1897 1385 1958 in
1435 1898 1854 1960 contubernio
1906 1898 2253 1979 principali.
2344 1897 2507 1960 Nam
2556 1899 2675 1960 hac

412 1987 567 2048 hora
613 1983 676 2044 id
723 1987 820 2044 est
865 1981 1055 2042 tertia
1103 1981 1290 2060 hujus
1334 1982 1494 2044 lucis
1542 1982 1899 2046 dominicae
1958 1983 2210 2046 locutus
2272 2004 2409 2046 sum
2474 1984 2672 2046 multa

412 2093 554 2135 cum
602 2068 828 2130 intimo
873 2065 1176 2128 Friderici
1209 2066 1618 2143 cubiculariO,
1650 2069 1759 2148 qui
1793 2069 1885 2130 ait
1915 2090 2126 2130 senem
2162 2090 2299 2130 esse
2329 2089 2669 2132 morosum.

412 2156 576 2232 Quid
649 2153 931 2229 amiciuS,
1002 2152 1156 2232 quid
1222 2153 1506 2233 optatius
1574 2153 1907 2234 Spalatino
1976 2154 2344 2234 contingere
2410 2153 2675 2235 potest?

410 2241 600 2306 Modo
661 2241 902 2314 caveat,
963 2257 1043 2300 ne
1089 2239 1166 2300 de'
1211 2260 1277 2299 se
1333 2259 1589 2318 quoque
1653 2238 1918 2302 dicatur.
2017 2239 2265 2302 Urbane
2330 2240 2671 2320 carissime,

413 2329 467 2391 si
511 2326 652 2390 vult
697 2323 1086 2405 SpalatinuS,
1134 2324 1368 2403 poterit
1413 2324 1534 2386 sibi
1570 2327 1635 2385 et
1668 2324 1853 2387 nobis
1900 2325 2214 2406 prodesse.
2291 2325 2390 2387 Ita
2422 2331 2671 2388 amatur

411 2437 450 2479 a
517 2413 662 2477 divo
733 2408 1106 2471 Friederico.
1217 2407 1514 2472 Narravit
1588 2409 1743 2472 mihi
1819 2411 2245 2473 cubicularius
2323 2410 2669 2494 principem

413 2520 623 2563 secum
673 2495 834 2557 ferre
881 2516 972 2571 ea,
1021 2515 1185 2573 quae
1231 2492 1605 2576 Spalatinus
1650 2495 1715 2557 in
1762 2495 2177 2559 Teutonicam
2225 2494 2507 2577 linguam
2552 2497 2671 2559 sibi

415 2582 852 2658 convertisset,
911 2584 974 2641 et
1027 2579 1337 2642 advocato
1400 2602 1595 2662 puero
1655 2581 1849 2661 jussit
1910 2582 2034 2643 sibi
2096 2582 2321 2659 afferri,
2385 2586 2456 2643 ut
2517 2580 2673 2643 mihi

413 2668 794 2735 ostenderet.
887 2663 1010 2727 Sed
1083 2686 1224 2726 cum
1294 2664 1667 2746 Stupitius2,
1728 2668 1839 2745 qui
1886 2667 1992 2728 diu
2040 2666 2273 2729 absens
2318 2665 2461 2743 fuit,
2518 2671 2675 2729 tunc

410 2756 574 2819 forte
621 2752 805 2815 nobis
852 2750 1412 2831 appropinquaret,
1458 2752 1756 2832 respondi
1802 2753 1959 2815 satis
2005 2751 2245 2815 dictum
2291 2773 2447 2828 esse,
2510 2752 2671 2814 clam

409 2840 748 2905 insinuans
807 2836 1024 2915 lupum
1076 2856 1212 2897 esse
1256 2837 1320 2897 in
1369 2835 1605 2899 fabula.
1699 2836 1904 2911 Quare
1964 2837 2205 2899 scribas
2253 2837 2332 2898 ad
2378 2835 2673 2913 amicum,

412 2931 486 2989 ut
531 2926 702 2987 bono
748 2922 833 2983 sit
877 2922 1090 2982 animo
1138 2924 1202 2989 et
1246 2920 1494 2984 auferat
1538 2942 1789 2983 omnem
1836 2924 2234 2984 occasionem
2278 2922 2671 2997 detrahendi,

413 3013 535 3075 hoc
579 3014 696 3083 est,
744 3006 830 3068 sit
876 3005 1212 3081 humaniue,
1245 3006 1540 3084 affabilis,
1577 3007 1845 3069 sobrius.
1923 3006 2143 3087 Neque
2174 3005 2453 3088 proferat
2484 3008 2669 3071 illud:

413 3095 652 3160 sufficit
696 3090 851 3153 mihi
900 3091 1294 3153 conscientia
1338 3114 1496 3170 mea,
1558 3092 1743 3155 testis
1789 3114 1967 3157 meus
2014 3093 2077 3153 in
2128 3093 2301 3155 coelo
2364 3099 2479 3169 est,
2545 3114 2669 3155 non

411 3202 584 3255 cur0,
645 3177 799 3257 quid
843 3174 920 3236 de
965 3197 1063 3237 me
1109 3176 1453 3256 loquantur
1513 3178 1821 3242 homines,
1914 3177 2075 3240 Nam
2122 3177 2469 3258 Apostolus
2531 3199 2673 3259 pro-

417 3264 680 3331 videbat
724 3262 892 3324 bona
938 3282 1064 3324 non
1114 3262 1314 3324 solum
1365 3284 1571 3326 coram
1622 3263 1758 3339 de0,
1806 3264 1916 3326 sed
1961 3264 2153 3325 etiam
2201 3284 2408 3326 coram
2468 3263 2671 3325 homi-

413 3352 624 3416 nibus.
716 3346 798 3409 Et
825 3357 852 3384 ³
897 3348 1048 3427 quia
1091 3347 1227 3408 fieri
1277 3370 1401 3410 non
1451 3354 1681 3431 potest,
1730 3352 1803 3410 ut
1847 3349 1986 3411 sine
2032 3348 2461 3411 moi-sionibus
2506 3348 2672 3411 hanc

413 3439 610 3501 vitam
675 3434 978 3513 degamus
1033 3435 1098 3493 et
1155 3432 1337 3495 malis
1397 3434 1797 3517 displicuisse
1862 3433 1999 3496 laus
2068 3434 2170 3510 sit,
2236 3433 2400 3497 ferat
2466 3454 2671 3513 aequo

413 3524 626 3605 animo
673 3518 1112 3582 cavillationes
1165 3518 1374 3582 minus
1421 3520 1583 3582 bene
1628 3520 1724 3581 vel
1772 3518 1847 3581 de
1892 3518 2163 3593 literatis
2208 3518 2303 3581 vel
2354 3520 2431 3581 de
2475 3520 2671 3581 sacris

413 3605 848 3679 sentientium,
918 3608 1258 3666 contentus
1303 3604 1517 3668 favore
1564 3610 1629 3667 et
1672 3604 1878 3685 gratia
1946 3605 2323 3685 principum,
2387 3604 2495 3684 qui
2544 3624 2669 3667 non

413 3696 626 3759 sinent
667 3689 1109 3772 paedagogum
1139 3690 1168 3726 b
1213 3689 1590 3753 fidissimum
1639 3690 1995 3752 invidorum
2034 3690 2243 3751 ventis
2274 3694 2341 3751 et
2369 3690 2673 3752 fluctibus

407 3778 653 3864 jactari.
745 3774 894 3837 Vale
940 3780 1005 3836 et
1049 3774 1206 3837 vive.

725 3874 846 3927 Cod.
883 3873 1017 3925 Frcf.
1057 3874 1138 3926 93.

549 4014 577 4040 a
606 4001 676 4049 At
713 3996 860 4047 Tenx.
1003 3998 1032 4035 b
1059 3993 1335 4061 pedagum.

555 4070 572 4099 ²
609 4064 821 4121 Catonis
865 4062 1108 4115 Disticha
1151 4062 1330 4115 moral.
1369 4062 1410 4127 I,
1449 4062 1536 4113 36.
1678 4062 1697 4093 ²
1732 4060 1940 4113 Johann
1989 4077 2093 4113 von
2136 4059 2392 4127 Staupitz,
2444 4057 2672 4112 Ordens-

413 4136 624 4207 general
679 4136 770 4185 der
817 4132 1151 4199 Augustiner.
1207 4132 1300 4183 der
1347 4132 1440 4182 das
1488 4130 2006 4197 Augustinerkloster
2056 4130 2112 4179 in
2157 4128 2329 4180 Gotha
2374 4129 2671 4180 revidierte.

411 4208 586 4259 Wenn
635 4202 838 4255 Mutian
874 4202 1005 4267 sagt,
1044 4202 1164 4252 dass
1201 4216 1258 4250 er
1291 4200 1442 4266 lange
1480 4199 1759 4250 abwesend
1795 4211 2061 4265 gewesen.
2090 4213 2147 4249 so
2178 4197 2387 4249 bezieht
2409 4196 2525 4247 sich
2562 4197 2673 4248 dies

415 4276 508 4329 auf
526 4275 627 4326 den
648 4268 957 4323 Aufenthalt
981 4268 1312 4335 Staupitzens
1348 4267 1402 4317 in
1423 4266 1611 4319 Italien
1642 4266 1995 4319 1506-1509.
2046 4266 2094 4317 K
2109 4266 2275 4329 olde,
2314 4264 2398 4315 die
2420 4265 2674 4316 deutsche

415 4338 1142 4410 Augustiner-Congregation
1177 4338 1284 4387 und
1321 4335 1530 4388 Johann
1567 4352 1671 4388 von
1706 4334 1959 4401 Staupitz.
2016 4334 2187 4385 Gotha
2225 4333 2372 4385 1879.
2410 4330 2460 4385 S.
2502 4332 2598 4385 231
2638 4332 2672 4383 f.

415 4412 498 4464 Da
533 4408 770 4475 Staupitz
821 4422 905 4458 am
956 4408 1002 4458 5.
1040 4405 1149 4457 Mai
1189 4405 1321 4457 1509
1366 4403 1501 4455 Rom
1548 4403 1783 4468 verlieSS,
1829 4418 1889 4454 so
1924 4402 2061 4453 kann
2112 4402 2291 4468 obiger
2336 4400 2483 4451 Brief
2526 4401 2676 4453 nicht

417 4496 516 4535 vor
549 4480 650 4530 den
685 4476 811 4528 Juni
848 4474 1018 4526 dieses
1052 4474 1085 4525 J
1087 4474 1240 4526 alu-es
1276 4472 1448 4525 fallen.

407 3971 548 3979 ——.
