3084 4895
1254 394 1462 448 Mutian
1500 411 1569 446 an
1606 391 1870 463 Spalatin.
2604 391 2687 459 59
2729 367 2738 375 -

448 570 760 652 stupidior
806 592 1001 632 essem
1051 569 1285 650 stipite,
1333 568 1462 632 tuis
1518 572 1751 647 tamen,
1811 571 1934 632 imo
1993 570 2279 634 coenobii
2335 568 2428 631 tui
2481 568 2682 632 libris*

444 657 535 720 ita
597 657 931 738 derepente
995 678 1130 718 sum
1196 656 1510 728 incensus,
1573 660 1646 717 ut
1691 679 1974 720 serenum
2026 661 2088 718 et
2133 656 2448 736 placidum
2516 654 2687 719 hunc

445 742 605 805 diem
674 765 808 806 esse
868 753 932 806 et
984 765 1083 804 me
1138 743 1295 805 satis
1361 742 1630 805 refotum
1702 743 2310 822 recalescentemque
2377 763 2684 805 censeam.

446 831 637 892 Amor
682 830 860 892 calet.
952 829 1074 892 Sed
1119 830 1333 892 nescio
1380 853 1459 891 an
1506 831 1710 910 possit
1754 830 1918 892 ullus
1951 851 2085 891 esse
2116 829 2452 902 ardentior,
2494 849 2685 908 quam

445 937 617 978 meus
664 920 760 978 est
806 939 949 996 erga
996 916 1315 979 doctrinas
1360 916 1767 979 amoeniores,
1856 916 1966 978 Ille
2015 914 2284 980 ferratus
2331 913 2526 977 codex
2563 915 2681 977 Su-

442 1002 668 1066 namiti
722 1002 1022 1065 Davidica
1079 1003 1449 1082 flagrantior
1502 1007 1616 1065 est.
1712 1003 2124 1084 Hieronymus
2171 1002 2264 1064 ait
2291 1001 2684 1083 'sapientiam

442 1088 673 1152 fovisse
719 1089 1016 1151 Davidem
1047 1087 1173 1170 jam
1210 1111 1421 1152 senem
1456 1095 1516 1151 et
1552 1088 1780 1171 probat
1809 1089 2011 1168 magis
2043 1110 2296 1151 sensum
2329 1088 2682 1169 mysticum.

442 1173 795 1255 Utcunque,
860 1175 1157 1237 metricus
1222 1175 1738 1256 chronographus
1799 1174 1948 1237 mihi
2007 1179 2103 1237 est
2147 1174 2242 1236 vel
2292 1195 2400 1256 pro
2447 1171 2686 1255 Sophia

442 1261 535 1322 vel
601 1261 938 1325 Sunamiti.
1030 1261 1251 1324 Verum
1299 1260 1405 1324 ille
1450 1262 1778 1324 candidior
1839 1261 2087 1341 libellus
2145 1265 2530 1340 tamquama
2591 1261 2684 1323 sol

439 1347 719 1410 aestivus
786 1347 1013 1410 laetius
1080 1347 1471 1429 resplenduit
1528 1355 1591 1410 et
1639 1348 1900 1430 dispulit
1959 1346 2246 1410 nubilum
2311 1351 2376 1409 et
2433 1347 2679 1428 pigrum

437 1433 653 1514 frigus,
746 1434 797 1499 Ο
845 1434 1017 1511 (leue,
1076 1457 1257 1516 quem
1308 1456 1416 1515 pro
1463 1433 1807 1498 christiano
1866 1434 2113 1497 decreto
2168 1433 2419 1515 publice
2478 1434 2696 1515 priva--

435 1521 678 1601 timque
726 1520 1007 1601 colimuS,
1052 1544 1231 1585 serva
1278 1522 1430 1584 mihi
1477 1522 1967 1604 benignissimos
2011 1526 2221 1602 patres
2276 1520 2513 1583 ordinis
2576 1518 2681 1581 Ci-

438 1607 677 1669 stercii!
772 1607 937 1670 Dant
983 1608 1155 1689 ligna
1199 1613 1265 1672 et
1311 1610 1656 1683 materiam,
1704 1609 1860 1670 dant
1893 1629 2036 1670 sues
2069 1613 2129 1670 et
2165 1608 2383 1688 pisces,
2431 1628 2678 1671 accom-

368 1727 371 1732 ·
438 1692 694 1755 modant
744 1693 936 1756 libros
984 1699 1047 1756 et
1092 1718 1189 1758 me
1233 1696 1327 1757 vel
1378 1695 1654 1758 Venetiis
1700 1696 2022 1778 adjuvant.
2115 1693 2234 1757 Pro
2281 1693 2512 1774 quibus
2555 1715 2683 1755 me-

440 1779 579 1841 ritis
626 1801 866 1862 semper
914 1781 1139 1844 amabo
1188 1781 1397 1844 divum
1452 1781 1884 1856 Benedictum,
1918 1785 2235 1843 auctorem
2272 1779 2441 1842 illius
2474 1784 2682 1843 sectae

437 1866 819 1947 primarium.
912 1867 1226 1931 Hortabor
1271 1869 1625 1951 Baptistam
1673 1865 2141 1943 Mantuanum,²
2183 1871 2255 1929 ut
2287 1867 2481 1929 vitam
2515 1867 2680 1930 tanti

436 1953 634 2032 patris
682 1953 967 2018 versibus
1012 1961 1208 2018 ornet.
1301 1955 1433 2036 Ego
1480 1977 1733 2036 quoque
1779 1954 2156 2018 breviarium
2202 1977 2280 2016 ex
2329 1953 2546 2035 regula
2578 1953 2684 2016 de-

439 2060 707 2120 cerpam,
754 2040 922 2121 quod
970 2042 1133 2105 dabo
1180 2041 1434 2107 Urbano
1496 2042 1684 2105 rebus
1745 2043 1922 2105 seriis
1970 2045 2033 2104 et
2075 2041 2352 2117 ludicriS,
2398 2047 2474 2104 ut
2516 2041 2683 2123 sapi-

436 2130 641 2188 entem
691 2124 889 2205 decet,
945 2129 1291 2209 aptissimo.
1384 2128 1568 2192 Nunc
1637 2128 1995 2192 summatim
2068 2129 2486 2209 perstringam
2555 2149 2678 2192 non

434 2211 702 2289 inutilia,
748 2235 910 2295 quae
950 2215 1101 2278 mihi
1152 2239 1229 2280 ex
1282 2215 1478 2298 prima
1522 2217 1913 2296 inspectione
1958 2215 2294 2278 observata
2338 2220 2504 2279 sunt.
2581 2214 2678 2280 Ex

433 2297 757 2363 Benedicti
814 2300 1029 2364 schola
1085 2325 1305 2366 novem
1364 2301 1656 2366 clariores
1713 2306 1922 2365 sectae
1978 2305 2420 2384 provenerunt.
2511 2301 2682 2364 Inter

434 2405 592 2466 quos
662 2385 1108 2453 Cistercienses
1172 2411 1297 2454 non
1354 2395 1503 2453 sunt
1556 2389 1776 2453 infimi.
1869 2387 2096 2453 Mirum
2141 2389 2206 2452 in
2251 2388 2510 2452 modum
2575 2388 2680 2451 de-

436 2471 693 2536 lectavit
737 2497 835 2537 me
882 2476 1127 2558 pictura
1160 2500 1300 2540 cum
1335 2476 1431 2539 his
1462 2478 1794 2541 verborum
1841 2475 2367 2539 illectationibus:
2422 2475 2677 2557 „Venite

433 2558 750 2625 benedicti
793 2563 992 2644 patris
1038 2564 1178 2641 mei,
1225 2564 1539 2627 benedicti
1572 2585 1684 2627 vos
1720 2586 1757 2626 a
1789 2563 2062 2635 domino,
2111 2563 2221 2643 qui
2255 2562 2404 2625 fecit
2437 2563 2676 2625 coelum

433 2651 497 2708 et
540 2651 787 2711 terram.
876 2648 1139 2731 Respice
1184 2650 1261 2714 de
1307 2651 1477 2713 coelo
1525 2657 1586 2713 et
1633 2650 1774 2714 vide
1820 2654 1883 2713 et
1925 2650 2116 2714 visita
2159 2649 2408 2711 vineam
2467 2649 2676 2723 istam,

431 2753 667 2797 memor
738 2739 874 2798 esto
951 2737 1458 2819 congregationis
1532 2742 1697 2813 tuae,
1774 2741 1952 2817 pater
2024 2734 2480 2799 sanctissime.“
2590 2734 2681 2799 Mi

433 2817 777 2901 Spalatine,
826 2844 993 2886 nunc
1040 2824 1287 2887 demum
1322 2824 1538 2887 sentio
1588 2846 1685 2886 me
1730 2824 1817 2907 pii
1864 2830 1928 2888 et
1972 2823 2247 2905 religiosi
2280 2822 2486 2886 cordis
2519 2845 2673 2885 esse.

430 2904 528 2968 Ita
574 2904 728 2970 haec
774 2908 962 2971 verba
1015 2914 1271 2973 movent
1316 2914 1379 2975 et
1423 2932 1622 2994 paene
1677 2910 1967 2973 lacrimas
1994 2912 2023 2949 b
2084 2910 2386 2973 excitant.
2478 2908 2678 2990 Pergo

430 2990 663 3073 legere:
711 2994 963 3059 invenio
1012 2996 1531 3060 commentarium
1577 2996 1844 3061 Joannis
1890 2996 2104 3061 Turris
2151 2994 2478 3059 Crematae
2525 2994 2678 3058 Car-

430 3076 711 3154 dinalis,⁸
766 3082 943 3163 cujus
996 3084 1244 3164 glossae
1275 3096 1299 3127 c
1358 3084 1422 3145 in
1480 3082 1854 3146 Psalterium
1905 3091 1973 3147 et
2013 3082 2174 3145 aliae
2229 3081 2675 3145 meditationes

430 3165 972 3231 circumferuntur.
1064 3169 1179 3232 Est
1222 3176 1433 3233 autem
1480 3170 1634 3232 haec
1673 3170 2112 3252 interpretatio
2148 3168 2347 3249 magis
2378 3168 2674 3249 religiosa

429 3272 616 3331 quam
667 3253 858 3330 culta,
906 3255 1109 3336 magis
1155 3256 1420 3319 verbosa
1466 3279 1656 3338 quam
1714 3256 2013 3331 cohibita,
2074 3256 2249 3318 utilis
2301 3258 2515 3317 tamen
2573 3255 2676 3334 pio

429 3340 926 3422 contemplatori.
959 3341 988 3381 ἃ
1076 3340 1224 3405 Mox
1272 3344 1523 3423 regulae
1571 3342 1761 3405 verba
1793 3344 2060 3423 attinge.
2140 3342 2192 3406 Ο
2228 3364 2471 3404 summe
2502 3340 2676 3417 deuS,

428 3424 669 3503 qualia!
728 3428 1147 3504 sanctissima,
1208 3430 1606 3492 electissima.
1697 3428 1920 3511 Itaque
1964 3436 2027 3491 te
2072 3428 2400 3505 admoneo,
2450 3432 2521 3490 ut
2565 3426 2677 3489 ab·

428 3510 561 3574 bati
618 3514 955 3578 reverendo
1014 3515 1185 3577 dicas
1238 3538 1337 3578 me
1394 3515 1785 3596 persuadere.
1832 3520 1905 3578 ut
1949 3517 2126 3577 curet
2171 3536 2306 3576 eam
2353 3513 2484 3576 suis
2530 3536 2567 3575 a
2612 3518 2676 3576 te

426 3595 884 3679 perlegendam.
974 3600 1129 3663 Post
1194 3623 1308 3682 ego
1376 3602 1584 3665 saluto
1648 3601 1971 3664 Basiliam.
2066 3600 2182 3662 Hic
2234 3604 2304 3662 tu
2367 3598 2678 3674 ausculta,

428 3683 579 3763 quid
642 3684 861 3748 dicam.
954 3686 1320 3750 Bessarion⁴
1377 3688 1477 3751 ille
1534 3688 1938 3751 doctissimus
1986 3686 2148 3750 vixit
2192 3686 2271 3749 ad
2320 3685 2539 3749 Basilii
2585 3707 2679 3748 re-

427 3769 639 3849 gulam
689 3776 751 3834 et
795 3772 1172 3835 coenobium
1220 3772 1531 3851 fundavit,
1583 3775 1646 3836 in
1681 3795 1806 3855 quo
1842 3773 2141 3837 Basiliani
2187 3794 2410 3853 graece
2457 3772 2677 3835 dicunt

560 3970 586 3997 a
614 3958 877 4024 tanquam.
1018 3962 1046 3998 b
1074 3957 1372 4011 lachrimas.
1517 3975 1541 4001 c
1571 3960 1727 4027 glose.
1869 3964 1896 4001 d
1925 3976 2016 4027 pro
2053 3959 2456 4027 contemplatore
2497 3956 2643 4009 Tem.

567 4027 581 4056 ¹
617 4025 716 4077 Die
752 4025 1084 4079 entliehenen
1121 4026 1335 4081 Biicher
1369 4045 1544 4080 waren
1583 4029 1698 4080 eine
1745 4030 1993 4096 gereimte
2050 4029 2291 4093 Chronik,
2346 4028 2430 4079 die
2481 4025 2680 4093 Regeln

426 4092 517 4144 des
554 4092 623 4147 hl.
665 4093 922 4147 Benedikt
970 4098 1078 4148 und
1126 4096 1370 4150 Basilius
1443 4096 1682 4149 Letztere
1737 4098 1834 4149 mit
1888 4098 2055 4150 denen
2110 4098 2200 4149 des
2258 4096 2516 4164 August-in
2572 4094 2678 4145 und

424 4160 736 4215 Franciscus
787 4164 1092 4217 erschienen
1128 4166 1258 4220 Ven.
1303 4167 1450 4227 1500,
1488 4166 1587 4217 mit
1621 4165 2032 4219 Holzsehnitten.
2105 4167 2262 4219 Diese
2322 4170 2476 4233 Ausg.
2533 4164 2680 4215 hatte

424 4228 513 4292 M„
550 4230 649 4283 wie
684 4248 780 4284 aus
816 4234 937 4286 dem
973 4234 1091 4303 folg.
1129 4235 1331 4295 erhellt,
1370 4251 1464 4287 vor
1500 4235 1628 4287 sich.
1773 4238 1791 4265 ‘-'
1825 4236 1894 4287 Es
1949 4236 2076 4301 folgt
2128 4252 2223 4287 aus
2279 4235 2448 4286 dieser
2497 4231 2677 4296 Stelle,

424 4299 546 4351 dass
571 4299 639 4352 M.
669 4301 768 4353 den
791 4302 1105 4355 beriihmten
1142 4302 1358 4356 Dichter
1393 4304 1446 4355 in
1481 4303 1669 4355 Italien
1706 4304 2003 4371 pei·s'('›nlicli
2038 4305 2241 4355 kennen
2278 4303 2479 4370 gelernt
2513 4301 2677 4353 hatte.

423 4367 474 4421 S.
517 4368 585 4422 52
620 4372 681 4423 A.
720 4371 767 4425 2.
909 4373 930 4403 ³
963 4372 1009 4425 J.
1046 4372 1403 4439 Torquemada
1436 4374 1475 4437 †
1514 4372 1663 4436 1468,
1700 4372 1971 4426 Verfasser
2005 4390 2106 4425 von
2145 4372 2544 4425 Commentarcn
2586 4384 2680 4421 zur

434 4436 597 4507 Rege]
635 4439 725 4493 des
758 4440 833 4494 hl.
870 4440 1128 4495 Benedikt
1160 4443 1270 4495 und
1305 4459 1373 4495 zu
1408 4444 1508 4496 den
1542 4441 1803 4495 Psalmen.
1945 4443 1966 4475 ⁴
2000 4442 2050 4495 S.
2086 4441 2154 4493 47
2189 4444 2251 4494 A.
2289 4443 2335 4493 3.
