3084 4895
1246 298 1455 350 Mutian
1493 315 1559 350 an
1600 298 1797 352 Urban.
2526 307 2559 366 1
2572 305 2649 368 19

417 472 752 535 maculatis
799 476 862 534 et
905 473 968 536 in
1019 472 1152 536 solo
1201 473 1426 554 spiritu
1475 473 1837 536 viventibus
1882 475 2011 537 tuis
2042 474 2367 538 sodalibus
2401 475 2665 540 feliciter

413 557 736 621 ascendas.
828 559 999 622 Haec
1047 582 1123 620 ne
1169 566 1458 635 tacerem,
1507 560 1719 623 effudi.
1814 560 2029 641 Neque
2074 561 2239 623 enim
2287 573 2348 624 te
2394 563 2666 644 pruden-

410 645 725 707 tissimum
776 666 1029 708 monere
1078 647 1298 721 audeo,
1345 669 1417 708 ne
1464 646 1679 708 videar
1736 646 2107 728 prudentiae
2169 652 2310 710 tuae
2366 647 2661 711 diffidere.

410 729 684 794 Tantum
735 732 874 794 dico
897 754 918 811 τ,
958 730 1160 794 fruere
1205 733 1327 795 isto
1376 733 1552 794 otio²³⁵
1595 733 1840 814 tibique
1889 733 2191 813 persuade
2222 755 2320 795 me
2365 735 2429 796 in
2478 734 2665 798 rebus

409 816 710 881 omnibus
756 818 914 880 satis
961 822 1214 882 nostrae
1271 818 1706 900 conjunctioni
1766 820 2087 900 amorique
2147 819 2477 882 facturum.
2570 820 2663 884 Tu

373 924 526 966 -nos
574 902 674 966 fac
719 926 910 966 ames.
981 904 1148 967 Vale.
1217 903 1286 968 Si
1332 904 1557 986 placet,
1608 904 1810 967 scribe
1857 906 1933 968 ad
1980 905 2412 968 Bi1·mostum.¹
2491 905 2663 970 Miri-

408 989 526 1052 fice
573 991 738 1053 enim
787 991 1060 1070 ingeniis
1123 991 1601 1066 excellentibuS,
1662 991 1848 1072 quale
1894 996 1991 1054 est
2036 997 2233 1070 tuum,
2294 991 2659 1058 delectatur.

407 1075 646 1138 Iterum
691 1077 849 1140 vale.
941 1076 1104 1138 XIII.
1156 1075 1285 1139 Cal.
1332 1076 1671 1140 Novembr.
1717 1077 1797 1139 M.
1845 1077 1917 1140 D.
1969 1078 2119 1142 VIII.

723 1176 846 1230 Cod.
884 1177 1014 1230 Frcf.
1053 1177 1134 1230 92.

411 1363 644 1432 (Gotha.)
1473 1353 1495 1410 1
1507 1350 1609 1412 OO.
2195 1365 2410 1435 (Herbst
2450 1366 2581 1420 1508
2594 1366 2666 1435 ?)²

1109 1467 1114 1471 ’
1161 1476 1445 1546 Mutian
1495 1497 1592 1546 an
1637 1476 1910 1547 Urban.

408 1605 690 1672 (Spu-labin
727 1605 880 1656 treibt
919 1605 1178 1658 Selmlden
1210 1605 1306 1672 βὰν
1338 1607 1480 1658 aeine
1513 1607 1753 1672 Pfrz‘c'nde
1788 1607 1881 1666 bei,
1930 1607 2073 1659 zahl!
2120 1607 2261 1659 aeine
2302 1606 2556 1659 Schulden
2592 1623 2666 1657 an

405 1675 493 1726 die
529 1673 834 1726 Eberbachs
880 1674 1039 1730 nieht,
1081 1674 1144 1725 in
1177 1675 1265 1727 der
1317 1675 1572 1742 Meimmy
1606 1677 1703 1728 das
1747 1676 1874 1728 Gelcl
1906 1677 1987 1728 als
2031 1677 2289 1728 Geselaenlc
2331 1675 2559 1726 erhalten
2594 1691 2665 1726 zu

411 1743 598 1796 haben.
671 1743 850 1796 Urbem
885 1745 1030 1796 kann
1065 1742 1210 1796 nieht
1245 1745 1453 1812 bv‘c'rqen.
1514 1745 1763 1812 Spalatin
1787 1744 1925 1812 yiebt
1948 1762 2021 1798 mc
2041 1744 2142 1798 viel
2164 1763 2237 1797 an
2260 1745 2439 1798 seinen
2461 1743 2667 1796 Bruder

1217 1815 1330 1866 und
1363 1815 1542 1867 dessen
1576 1814 1847 1882 Familia.)

1159 1929 1241 1978 H.
1277 1929 1532 1980 Urbano
1568 1930 1655 1980 M.
1691 1927 1913 1979 Rufus·

618 2039 681 2103 S.
729 2038 1020 2102 Pittacus
1056 2043 1512 2121 percunctanti,
1551 2041 1699 2122 quid
1737 2046 1902 2104 esset
1933 2040 2261 2122 optimum,
2308 2038 2660 2118 respondit:

411 2125 572 2190 bene
619 2148 821 2206 agere.
913 2126 1046 2189 Hoc
1092 2127 1317 2209 ipsum,
1366 2127 1619 2192 Urbane
1666 2128 2045 2200 doctissime,
2096 2125 2319 2190 Graeci
2359 2129 2666 2205 usurpant

414 2214 477 2275 in
527 2213 790 2276 dicenda
833 2213 1036 2275 salute
1081 2213 1428 2277 scribentes
1474 2201 1545 2275 εὖ
1590 2203 1911 2292 πράττειν.
2005 2213 2171 2274 Idem
2218 2213 2338 2274 tibi
2387 2232 2554 2274 nunc
2598 2211 2661 2272 in

417 2300 601 2362 rebus
631 2298 1015 2381 Spalatineis
1041 2321 1452 2381 responsurus
1479 2305 1649 2383 opto,
1697 2300 1835 2363 Non
1871 2306 2000 2362 tam
2034 2299 2283 2362 crebras
2317 2297 2609 2379 frequens
2637 2298 2664 2334 b

415 2386 629 2469 pluvia
661 2391 877 2467 guttas
897 2386 1106 2459 habet,
1141 2408 1327 2467 quam
1357 2387 1752 2469 multijugasc
1780 2387 1859 2451 ad
1894 2385 2129 2449 amicos
2155 2386 2367 2447 literas
2392 2384 2667 2446 missitat

415 2474 800 2555 SpalatinuS.
893 2473 1118 2537 Nullus
1177 2474 1308 2537 dies
1354 2479 1468 2551 est,
1515 2474 1641 2537 imo
1691 2498 1767 2536 ne
1813 2474 1966 2537 hora
2022 2473 2293 2553 quidem,
2356 2494 2481 2553 qua
2540 2492 2659 2534 non

413 2564 746 2623 sexcentas
779 2581 946 2623 nunc
977 2559 1235 2641 Lipsim,
1274 2582 1442 2623 nunc
1469 2560 2023 2641 Vuittenburgum,
2052 2581 2217 2621 nunc
2243 2560 2663 2631 dextrorsum,

413 2669 580 2709 nunc
625 2646 972 2709 laevorsum
1021 2647 1254 2709 mittat.
1367 2646 1501 2723 Quo
1554 2648 1759 2710 minus
1805 2650 1993 2709 miror
2026 2646 2146 2708 tibi
2178 2667 2367 2726 supra
2412 2644 2665 2706 modum

411 2732 743 2813 displicere
787 2737 1032 2796 tantam
1083 2733 1503 2814 frequentiam
1551 2733 1647 2796 vel
1696 2735 1907 2814 potius
1968 2732 2448 2794 redundantiam
2522 2730 2663 2792 lite-

412 2820 614 2882 rariae
661 2819 1084 2900 loquacitatis,
1176 2819 1400 2881 Verum
1470 2820 1723 2901 aliquae
1768 2823 1921 2883 sunt
1965 2818 2373 2889 necessariae,
2435 2818 2527 2879 ita
2574 2819 2657 2879 vi-

415 2907 613 2968 detur.
705 2905 865 2967 Nam
927 2906 1088 2987 petit
1147 2927 1370 2985 aurum
1429 2907 1727 2969 ecclesiae
1774 2928 1925 2970 suae
1972 2906 2275 2967 debitum.
2370 2904 2554 2977 Petit,
2604 2907 2667 2965 et

416 2991 469 3054 si
525 2990 873 3055 Duronius³
932 3013 1056 3055 non
1120 2990 1242 3055 fuit
1308 2993 1500 3055 durus
1548 2996 1611 3055 et
1657 2992 1952 3067 difficilis,
2021 2990 2399 3073 impetravit.
2488 2988 2659 3060 Vide,

415 3078 565 3159 quid
601 3078 786 3141 hodie
829 3078 972 3157 legi.
1066 3078 1376 3141 Ornatum
1423 3100 1486 3141 se
1533 3085 1736 3161 putat,
1783 3083 2106 3158 tamquam
2154 3078 2431 3158 gratuito
2479 3076 2663 3139 dede*

415 3166 544 3227 rint
608 3163 1047 3245 Aperbacchi.⁴
1135 3164 1392 3227 Utinam
1440 3166 1503 3227 in
1554 3165 1750 3227 debiti
1798 3165 2111 3227 solutione
2176 3186 2294 3226 non
2356 3161 2660 3224 cessaret!

547 3380 574 3408 a
602 3366 726 3419 oci0.
872 3371 899 3408 b
927 3368 1171 3435 frequens
1207 3385 1302 3419 am
1339 3368 1535 3419 Raude.
1679 3383 1703 3409 0
1733 3366 2046 3433 multivagas
2088 3366 2231 3416 Tem.

557 3438 570 3465 ¹
607 3436 656 3488 S.
698 3436 764 3488 68
801 3438 860 3489 A.
904 3439 946 3488 1.
1089 3439 1109 3467 ²
1146 3437 1244 3488 Die
1300 3436 1766 3501 Zeitbestimmuug
1810 3436 1879 3487 ist
1924 3436 2181 3486 unsichcr.
2256 3434 2406 3485 Nae-11
2444 3433 2535 3483 der
2570 3432 2663 3483 Er-

416 3505 676 3570 wabnung
733 3520 836 3555 von
891 3505 1152 3571 Spalatins
1209 3506 1617 3557 fortwtihrender
1674 3504 2146 3564 Briefschreiberei,
2204 3520 2291 3555 um
2346 3502 2487 3553 seinc
2543 3518 2663 3553 aus-

417 3574 703 3625 stehenden
757 3572 1261 3641 Parochialsporteln
1323 3574 1693 3634 einzutreiben,
1750 3574 1955 3627 scheint
2001 3590 2071 3627 es,
2120 3573 2197 3624 als
2242 3573 2306 3624 ob
2351 3588 2407 3623 er
2442 3570 2576 3637 noch
2611 3570 2665 3621 in

417 3642 646 3694 Mutians
681 3642 846 3703 Nahe,
886 3643 994 3695 also
1031 3643 1082 3694 in
1123 3643 1485 3710 Georgenthal,
1523 3644 1703 3695 Urban
1730 3645 1959 3709 dagegen
1985 3642 2035 3692 in
2062 3642 2277 3708 Leipzig
2298 3640 2461 3693 weila.
2522 3639 2667 3691 Uber

418 3711 562 3763 scine
598 3711 850 3763 Parochie
888 3712 1290 3763 Hohenkirchen
1329 3712 1378 3763 S.
1415 3712 1483 3764 80
1520 3716 1579 3766 A.
1626 3715 1667 3763 l.
1726 3744 1731 3749 -
1810 3714 1829 3742 ³
1865 3713 1969 3763 Der
2007 3711 2121 3763 Abt.
2195 3711 2246 3763 S.
2288 3711 2384 3762 108
2421 3711 2480 3759 A.
2522 3711 2565 3761 1.

495 3782 510 3810 ⁴
549 3780 645 3832 Die
681 3780 884 3831 Briider
920 3781 1174 3833 Heinrich
1222 3782 1329 3832 und
1377 3781 1532 3832 Peter
1588 3781 1857 3831 Eberbach
1894 3781 1945 3831 in
1982 3780 2169 3831 Erfurt.
2243 3778 2510 3839 Heinrich,
2566 3777 2667 3828 seit

421 3850 552 3901 1505
611 3849 874 3915 Magister,
930 3850 1174 3901 widmeto
1232 3850 1347 3901 sich
1401 3851 1492 3901 dor
1545 3849 1787 3913 Medizin,
1841 3850 2039 3900 erwarb
2075 3849 2128 3900 in
2164 3848 2321 3900 Siena
2370 3846 2453 3898 die
2502 3847 2665 3897 medi-

415 3918 648 3969 zinische
695 3918 1072 3971 Doktorwiirde
1121 3919 1227 3969 und
1275 3919 1452 3970 wurde
1505 3918 1636 3971 1512
1673 3935 1734 3969 an
1775 3919 1865 3969 der
1911 3917 2235 3970 'Universitat
2282 3916 2457 3967 Erfurt
2493 3916 2545 3965 iu
2580 3916 2666 3966 die

415 3987 792 4039 medizinischc
833 3987 1071 4039 Fakultat
1107 3988 1519 4052 aufgenomnicn,
1559 3988 1714 4038 deren
1754 3987 1989 4038 Dekauat
2024 4002 2079 4037 cr
2116 4004 2215 4038 von
2249 3987 2375 4037 1513
2401 4001 2466 4035 an
2490 3984 2667 4035 sieben

414 4056 575 4107 ,Jahre
627 4057 761 4107 nach
813 4056 1061 4107 einander
1114 4057 1415 4109 beklcidete.
1490 4056 1667 4107 Durch
1718 4056 1801 4107 die
1854 4056 2034 4107 Hcirat
2072 4055 2167 4106 mit
2202 4055 2343 4106 einer
2380 4054 2667 4120 geborenen

415 4124 667 4176 Paradies
702 4125 880 4176 wurde
919 4141 974 4175 er
1010 4125 1106 4176 mit
1143 4126 1235 4177 der
1273 4126 1671 4177 Maithenschon
1725 4124 1941 4176 Familia
1988 4124 2273 4186 (Herbords
2319 4123 2512 4174 Muttcr
2560 4138 2667 4173 war

417 4193 532 4245 eine
579 4192 848 4261 Paradies)
910 4195 1194 4250 verwandt,
1251 4195 1384 4246 doch
1441 4194 1656 4244 bestand
1708 4193 1967 4245 zwisclien
2014 4194 2125 4243 ihm
2174 4194 2280 4243 und
2329 4192 2563 4243 Hcrbord
2602 4207 2667 4241 zu

416 4262 646 4313 Mutians
683 4262 956 4314 Bedauern
992 4263 1111 4314 kein
1149 4264 1272 4315 sehr
1307 4263 1660 4315 freundliches
1708 4263 2143 4315 Einvernehmen.
2215 4262 2367 4313 Scine
2419 4258 2664 4326 Tiichtig-

416 4332 525 4383 keit
559 4331 636 4383 als
673 4336 796 4384 Arzt
833 4332 961 4385 wixd
1001 4348 1101 4385 von
1139 4332 1345 4385 Mutiau
1385 4332 1651 4384 mehrfacli
1691 4332 2129 4399 hervorgchobcn.
