3084 4895
1252 452 1387 520 Muti
1396 483 1460 520 an
1500 479 1566 520 an
1609 456 1806 522 Urban.
2576 457 2658 534 83

411 636 474 701 et
518 631 953 703 indoctissime
1000 640 1246 705 notarie
1289 663 1584 724 magnam
1635 642 1819 706 affers
1874 641 2249 704 molestiam.
2305 640 2506 704 virum
2555 663 2660 723 ge—

410 746 671 788 nerosae
746 726 1069 789 doctrinae
1144 728 1537 792 calumnians
1611 728 2071 810 indignissime.
2206 728 2279 789 H.
2373 728 2656 791 Hahaha.

411 810 493 873 M.
545 799 819 875 Hehehe.
904 813 977 874 N.
1029 812 1207 875 Vaea
1254 815 1453 892 vobiS,
1486 818 1515 855 b
1562 817 1672 896 qui
1719 814 1937 878 ridetis
1984 816 2265 876 omnium
2304 835 2463 894 quos
2495 820 2660 877 terra

409 901 587 960 tenet
630 899 1012 978 ineptissimi
1074 900 1440 964 nebulones,
1533 902 1636 963 Dii
1681 923 1792 963 vos
1838 901 2130 983 perdant!
2223 899 2376 963 Mihi
2426 903 2602 963 ocius
2637 913 2659 939 0

412 987 508 1046 est
544 984 925 1048 abeundum.
1005 985 1175 1049 Estis
1208 987 1475 1068 indigni,
1506 988 1889 1068 quibuscum
1923 987 1952 1024 ‘¹
1997 986 2388 1049 familiariter
2420 986 2657 1068 loquar.
2758 983 2766 991 ’

414 1069 529 1132 Hic
574 1091 800 1134 scenae
845 1071 990 1133 finis
1038 1079 1191 1134 esto,

619 1157 875 1233 Plaude,
946 1158 1143 1221 lector
1212 1157 1483 1230 Urbane,
1547 1163 1610 1222 et
1673 1157 1980 1238 significa,
2037 1179 2162 1238 quo
2221 1180 2316 1220 me
2363 1159 2458 1221 die
2508 1159 2661 1221 velis

420 1250 804 1324 exspectare.
837 1255 861 1282 θ
950 1243 1107 1306 Nam
1156 1246 1596 1307 convenientia
1643 1250 1860 1307 nostra
1913 1243 2250 1326 plurimum
2316 1245 2662 1326 voluptatis

414 1328 682 1393 habebit
729 1329 959 1393 nedum
1009 1331 1340 1406 commodi,
1389 1332 1539 1411 quia
1571 1331 1761 1394 verbo
1797 1331 1995 1396 multa
2027 1332 2107 1394 ad
2142 1330 2443 1394 mundum
2479 1353 2664 1394 even-

413 1414 763 1492 ambimus,
810 1416 932 1478 nisi
980 1417 1353 1480 subitaneus
1397 1418 1598 1479 imber
1645 1417 2090 1480 intercesserit.
2184 1417 2350 1479 Vale.

724 1515 843 1569 Cod.
882 1515 1014 1570 Frcf.
1052 1519 1133 1570 65.

415 1650 648 1720 (cotim.)
1490 1638 1591 1701 76.
2466 1653 2663 1724 (1507.)

1161 1747 1450 1818 Mutian
1492 1767 1591 1818 an
1635 1747 1913 1818 Urban.

416 1857 545 1922 (L-ob
597 1858 684 1910 des
734 1864 894 1925 yuten
945 1857 1243 1926 Briefstiles
1306 1859 1515 1913 Urbane
1564 1877 1722 1928 yeqen
1780 1859 2056 1913 Tilmanns
2109 1859 2336 1912 dunkeln
2393 1859 2661 1912 Schwzdst.

428 1926 611 1979 Urha‘n
657 1928 751 1980 leat
800 1945 873 1981 an
920 1928 1139 1981 Mutian
1185 1929 1274 1981 ein
1318 1929 1810 2066 Bmssfficfflfmd
1851 1947 1924 1982 cm
1975 1928 2226 1996 Spalatin
2258 1929 2373 1980 eine
2408 1929 2666 1981 Par-oehie

554 2093 847 2152 Spectato
883 2096 1020 2146 viro
1055 2096 1137 2145 Η.
1173 2095 1429 2146 Urbano
1466 2097 1755 2147 veritatis
1791 2096 2158 2146 amicissimo
2194 2095 2282 2144 M.
2319 2093 2540 2144 Rufus,

624 2189 774 2266 Ave,
841 2195 1018 2272 pater
1078 2191 1483 2274 amplissime.
1578 2189 1697 2266 Qui
1759 2189 2084 2254 literarum
2147 2193 2210 2252 et
2270 2189 2508 2270 ingenii
2572 2189 2667 2251 tui

420 2277 657 2340 cultum
709 2278 1237 2358 contemplantur,
1278 2282 1507 2358 putant
1553 2283 1617 2340 te
1663 2281 1966 2340 remotam
2017 2299 2052 2338 a
2098 2277 2382 2338 laborum
2431 2276 2668 2356 asperis

419 2365 581 2426 viam
654 2364 837 2443 sequi
904 2364 1307 2446 deditamque
1354 2365 1497 2428 stilo
1547 2371 1610 2426 et
1659 2363 2064 2442 lectionibus3
2135 2364 2243 2442 qui
2309 2384 2454 2425 vero
2524 2366 2668 2424 tuas

418 2450 869 2532 occupationes
903 2453 925 2491 f
967 2452 1389 2526 considerant,
1438 2453 1546 2513 vix
1593 2452 1850 2514 credent
1889 2456 2300 2513 oeconomum
2349 2454 2446 2512 tot
2491 2447 2668 2511 labo-

420 2538 617 2615 ribus»,
666 2536 851 2612 curiS,
896 2537 1132 2618 vigiliis
1162 2538 1515 2618 inquietum
1549 2541 1680 2600 tam
1712 2538 1964 2600 limatas
1995 2540 2059 2599 et
2092 2536 2324 2599 latinas
2371 2535 2669 2616 epistolas

420 2644 605 2705 posse
650 2623 939 2686 scribere.
1030 2622 1155 2687 Sed
1188 2624 1319 2686 sint
1354 2623 1527 2698 haec,
1573 2644 1736 2705 quae
1766 2627 1837 2686 tu
1870 2623 2012 2704 plus
2045 2643 2234 2703 quam
2269 2621 2670 2685 laudabiliter

422 2709 599 2785 faciS,
647 2708 790 2772 aliis
836 2708 999 2771 forte
1044 2710 1374 2787 miraculo3
1424 2709 1577 2771 mihi
1622 2730 1758 2776 esse
1791 2730 1916 2771 non
1953 2712 2238 2790 possunt,
2287 2708 2490 2790 quite
2521 2708 2668 2771 novi

420 2818 547 2859 non
598 2796 807 2858 minus
851 2796 1245 2877 prudentem,
1284 2794 1550 2876 justum,
1597 2800 1854 2859 acutum
1903 2816 2091 2876 quam
2125 2793 2465 2857 literatum.
2543 2793 2670 2856 Til—

424 2882 739 2955 mannuS,'
811 2886 885 2944 ut
950 2882 1144 2958 vides,
1214 2882 1542 2945 verborum
1614 2881 1992 2962 indigestam
2064 2881 2287 2944 molem
2366 2882 2668 2960 congerit.

420 2968 597 3043 Quae
667 2968 989 3048 congeries
1058 2968 1352 3049 pudenda
1398 2975 1461 3031 et
1505 2972 1875 3048 portentosa
1943 2968 2125 3049 plane
2193 2967 2474 3029 ostendit
2541 2988 2665 3028 non

418 3059 673 3117 tantum
736 3054 949 3116 studio
1010 3075 1169 3135 opus
1231 3076 1383 3130 esse,
1440 3053 1546 3116 sed
1595 3056 1782 3117 etiam
1831 3054 2088 3133 ingenio
2136 3058 2199 3115 et
2235 3052 2496 3133 judicio,
2525 3062 2555 3099 ἒ
2599 3056 2672 3115 ut

422 3140 609 3203 stilus
670 3140 966 3202 omnibus
1027 3141 1200 3203 vitiis
1260 3141 1591 3203 absolutus
1638 3142 1721 3203 sit
1745 3146 1830 3219 ‘et-
1876 3140 2033 3203 liber
2079 3144 2144 3201 et
2188 3139 2470 3202 venturis
2533 3161 2669 3201 sae-

425 3227 583 3289 culis
654 3226 987 3308 doctisque
1063 3226 1403 3290 lectoribus
1478 3227 1844 3307 probabilis.
1957 3226 2098 3289 Non
2169 3231 2265 3287 est
2334 3229 2671 3288 contentus

424 3317 661 3387 nostr0,
698 3312 817 3376 hoc
848 3320 943 3375 est
977 3312 1254 3376 humano
1290 3334 1457 3377 more
1488 3312 1681 3394 loqui.
1753 3312 1912 3389 „Dat
1944 3313 2080 3375 sine
2111 3316 2321 3373 mente
2353 3309 2669 3384 sonum“,²

424 3399 592 3481 quod
641 3400 776 3479 ipse
828 3420 990 3480 „non
1038 3400 1174 3461 sani
1222 3422 1359 3462 esse
1404 3399 1680 3461 hominis
1727 3420 1852 3461 non
1901 3420 2092 3460 sanus
2117 3398 2285 3477 juret
2323 3395 2669 3459 OresteS.“³

426 3485 838 3548 Phreneticus
862 3489 977 3555 est,
1016 3484 1330 3548 Heraclito
1357 3485 1828 3548 tenebricosior.
1880 3484 2016 3546 Nisi
2038 3491 2244 3546 tecum
2275 3484 2356 3545 sit
2372 3482 2610 3564 Sibylla
2641 3484 2671 3521 ¹²

426 3576 536 3633 aut
583 3572 901 3651 conjector
942 3572 1241 3651 Oedipus,
1294 3594 1415 3633 non
1450 3571 1788 3649 intelliges,
1882 3570 2132 3645 Quanto
2165 3570 2402 3650 gratior
2435 3578 2529 3632 est
2560 3574 2672 3631 tua

426 3658 864 3739 perspicuitas,
910 3658 973 3719 in
1026 3680 1153 3739 qua
1196 3659 1453 3721 remotis
1500 3659 1798 3719 omnibus
1835 3656 2093 3737 ineptiis
2125 3656 2399 3737 optimos
2432 3662 2496 3717 et
2527 3656 2671 3719 doc—

427 3744 708 3806 tissimos
758 3764 1045 3825 quosque
1090 3744 1425 3807 aemularis
1458 3749 1521 3806 et
1554 3744 1871 3824 exprimis.
1963 3742 2132 3803 Haec
2178 3752 2290 3804 tua
2336 3743 2534 3804 virtus
2581 3742 2670 3803 ef-

427 3829 596 3907 fecit,
644 3836 717 3893 ut
764 3830 927 3894 ultro
962 3836 1025 3893 te
1056 3830 1134 3893 ad
1170 3831 1663 3893 familiaritatem
1713 3850 1997 3892 vocarem
2033 3834 2096 3890 et
2127 3830 2398 3890 amicum
2433 3828 2667 3891 facturn

562 4031 589 4058 a
618 4016 745 4067 vhe:
878 4019 905 4056 b
934 4014 1081 4068 nobis
1124 4015 1269 4070 Tema.
1411 4030 1434 4058 ο
1463 4015 1644 4083 ocijuS.
1785 4018 1814 4056 d
1843 4014 2032 4082 quibus
2071 4030 2207 4067 cum.
2327 4028 2350 4053 e
2380 4018 2670 4081 expectare.

426 4089 449 4128 f
477 4085 523 4137 oi
558 4091 621 4138 st.
658 4086 713 4139 ti.
852 4096 881 4134 8
908 4086 948 4137 ti
982 4090 1045 4136 st.
1084 4086 1144 4137 ci.
1286 4089 1317 4127 h
1343 4084 1556 4153 Sybilla.
2228 4083 2234 4088 ”

570 4154 886 4207 ¹Tilemann
942 4154 1163 4207 Conradi
1218 4154 1540 4221 (Tiloninus),
1600 4153 1834 4205 Erfurter
1892 4152 2036 4216 Poet,
2099 4168 2138 4205 s.
2203 4151 2334 4203 1502
2390 4152 2444 4203 in
2501 4152 2674 4203 Erfurt

428 4224 816 4292 (XVeissenb.
853 4224 920 4288 II,
958 4222 1099 4290 227),
1136 4241 1174 4276 s,
1218 4224 1349 4277 1509
1386 4225 1438 4274 in
1477 4222 1806 4289 KVittenberg
1855 4220 2190 4293 (Fors-teni.
2232 4237 2277 4285 p.
2318 4220 2422 4286 529).
2460 4238 2499 4274 s,
2543 4222 2672 4272 1513

428 4294 623 4345 wieder
670 4294 723 4345 in
771 4293 872 4347 Eis.
945 4293 1145 4345 Mutian
1207 4292 1415 4345 bezieht
1450 4292 1564 4343 sich
1603 4291 1694 4342 auf
1726 4292 1910 4341 desse-n
1966 4291 2183 4341 Carmen
2223 4291 2286 4339 de
2323 4286 2522 4341 XVIII.
2566 4296 2670 4341 An-

428 4362 776 4415 nunciationis
812 4362 928 4414 Diei
967 4363 1220 4428 insigniis,
1262 4362 1359 4415 Erf.
1403 4361 1531 4413 1507
1584 4362 1752 4426 (Corp.
1793 4359 1898 4413 Res.
1937 4359 1979 4425 1,
2017 4359 2153 4424 360).
2233 4358 2343 4422 Vgl.
2400 4358 2444 4409 K
2462 4375 2671 4413 rause.

419 4432 549 4552 {luiz
589 4432 803 4484 Cordus,
843 4431 1031 4483 Hanau
1072 4432 1217 4485 1863.
1256 4431 1305 4485 S.
1344 4430 1562 4482 352—36.
1703 4431 1722 4459 ²
1759 4428 1911 4495 Verg.
1953 4428 2079 4480 Aen.
2130 4426 2198 4493 X,
2235 4426 2350 4479 640.
2477 4428 2497 4457 ³
2532 4428 2671 4479 Pers,

2168 4566 2207 4628 6
2231 4563 2260 4599 ³12
