3084 4895
1246 407 1460 461 Mutian
1496 424 1567 461 an
1605 406 1803 462 Urban.
2526 408 2653 473 583

389 588 606 643 secum
675 578 966 643 attulerit
1035 578 1208 643 nitor
1271 578 1524 643 caliculi
1590 580 1887 658 recentiS,
1956 580 2065 644 sed
2151 582 2377 660 magiS,
2438 584 2512 643 ut
2555 600 2673 662 ego

385 664 788 747 interpretor,
857 664 982 729 ob
1009 664 1530 729 accelerationem
1602 666 1922 730 scribendi
1992 687 2141 729 cura
2159 686 2348 763 mque
2408 668 2496 729 rei
2560 666 2673 729 do-
2746 742 2749 745 ⁴

387 750 691 815 mesticae
735 750 832 813 vel
879 750 1094 831 potius
1158 749 1520 814 culinariae.
1614 750 2088 833 Deplumabant
2162 752 2331 815 enim
2394 751 2676 815 aviculas

383 834 494 897 LX
545 832 894 899 Mercurius
941 839 1005 898 et
1055 835 1362 899 Adamus¹
1405 841 1583 917 pater
1614 837 1976 901 veneranda
2006 858 2121 917 gra
2138 838 2357 913 vitate,
2390 841 2455 899 et
2486 836 2673 900 collo-

389 920 742 1002 quentibus
787 924 861 984 ut
905 920 980 983 fit
1024 924 1220 1010 atque
1263 920 1390 985 alio
1437 922 1885 1002 spectantibus
1950 922 2131 1003 niger
2203 922 2363 1000 felis,
2429 924 2531 986 cui
2590 923 2671 987 ab

385 1007 526 1089 ipso
595 1006 803 1070 colore
863 1004 1086 1070 Mauro
1156 1027 1386 1070 nomen
1433 1012 1553 1085 est,
1599 1030 1792 1071 unam
1841 1030 1922 1071 ex
1969 1008 2326 1071 calathisco
2396 1008 2673 1087 sublegit

386 1094 914 1175 praereptamque
979 1092 1212 1155 detulit
1276 1092 1341 1156 in
1402 1096 1731 1174 aspectum
1803 1116 2035 1171 meum,
2112 1098 2421 1175 tanquam
2488 1093 2673 1158 fortis

385 1181 452 1240 et
512 1178 812 1242 strenui⁸
877 1177 1104 1241 militis
1163 1198 1417 1261 operam
1481 1179 1798 1261 insignem
1866 1184 2189 1243 navasset.
2283 1178 2545 1243 Cucurri
2591 1180 2693 1243 ada

386 1262 662 1327 aviarios
707 1268 771 1327 et
815 1263 1004 1326 simul
1068 1265 1496 1346 rapinatorem
1559 1265 2119 1346 persequebamur,
2166 1286 2353 1346 aegre
2412 1266 2672 1330 tandem

385 1350 622 1431 praeda
666 1353 1059 1429 recuperata.-
1149 1349 1248 1412 Ita
1296 1370 1403 1430 per
1449 1372 1670 1413 omnes
1737 1352 1992 1433 graduS,
2052 1372 2158 1431 per
2218 1352 2435 1414 omnia
2496 1351 2674 1415 cubi-

387 1434 550 1510 cula,
617 1455 728 1515 per
789 1440 1126 1517 utramque
1192 1456 1398 1499 aream
1463 1436 1723 1499 Maurus
1772 1458 1913 1499 cum
1964 1438 2188 1519 rapina
2244 1436 2504 1499 volavit.
2596 1436 2668 1499 In

387 1519 510 1583 hac
556 1518 680 1582 levi
727 1542 792 1583 re
838 1523 1190 1603 occupatus
1237 1542 1380 1583 cum
1427 1520 1506 1607 ad
1554 1521 1773 1585 stilum
1820 1522 2167 1597 rediissem,
2232 1544 2357 1585 non
2424 1522 2671 1585 excessi

385 1604 547 1669 fines
593 1606 854 1687 incepti,
904 1607 1011 1669 sed
1062 1606 1313 1686 perstiti
1358 1607 1423 1669 in
1474 1606 1891 1671 describendo
1950 1572 2242 1681 muliebri
2310 1606 2669 1671 simulacro.

387 1690 504 1755 His
553 1713 697 1754 vero
747 1691 1085 1755 matutinis
1131 1691 1306 1755 horis
1352 1692 1751 1755 immortales
1803 1714 1923 1774 ago
1990 1692 2109 1755 tibi
2174 1694 2435 1773 gratiae,
2499 1693 2673 1773 quod

388 1779 640 1859 praeter
688 1777 1195 1859 magnitudinem
1247 1777 1386 1858 piae
1431 1770 1810 1856 voluntatiS,
1866 1800 2059 1860 quam
2107 1799 2259 1859 erga
2306 1800 2404 1841 me
2450 1778 2671 1841 multis

387 1862 782 1925 testimoniis
829 1863 1084 1943 saepius
1131 1862 1470 1926 decla-rasti
1515 1867 1580 1926 et
1628 1884 1796 1927 nunc
1853 1863 2161 1944 liquidius
2229 1865 2420 1926 misso
2478 1863 2672 1927 calice

393 1947 571 2011 velut
618 1947 902 2026 exhibes,
950 1948 1316 2030 promiseris
1361 1952 1426 2011 te
1473 1949 1713 2013 iturum
1773 1948 2013 2031 Lipsim
2063 1953 2199 2012 tum
2248 1948 2331 2013 ad
2378 1949 2671 2013 librarios

390 2038 528 2097 tum
598 2034 676 2095 ad
746 2032 1288 2115 Degenhardum,²
1356 2033 1545 2099 modo
1607 2034 1874 2098 Duronii
1942 2039 2169 2098 nutum
2246 2036 2671 2116 impetrarem.

399 2116 569 2183 Cave
615 2124 801 2201 putes
849 2141 946 2182 me
994 2118 1226 2183 habere
1276 2120 1548 2183 amicum
1617 2121 1818 2202 magis
1888 2120 2267 2194 officiosum,
2340 2120 2449 2200 qui
2518 2120 2674 2183 mihi

392 2205 601 2268 carior.
641 2205 728 2268 sit
773 2226 968 2287 quam
1014 2209 1105 2281 tu,
1167 2204 1351 2286 cujus
1414 2226 1530 2286 ego
1596 2206 2062 2287 indulgentiam
2112 2210 2176 2269 et
2222 2205 2409 2269 fidem
2475 2206 2673 2286 pluris

393 2289 642 2355 faciam.
734 2290 954 2354 Essem
1019 2290 1278 2369 stultUS,
1325 2292 1380 2354 si
1425 2296 1524 2355 tot
1587 2292 1834 2368 merita,
1894 2294 2145 2354 tantam
2206 2290 2671 2355 humanitatem

395 2382 459 2442 et
505 2376 984 2449 observantiam
1020 2398 1148 2439 non
1182 2397 1613 2459 agnoscerem,
1650 2399 1775 2441 non
1813 2377 2164 2459 probarem.
2258 2375 2437 2441 Scito
2477 2377 2675 2458 igitur

395 2468 458 2526 te
505 2485 543 2526 a
588 2485 688 2526 me
723 2462 848 2525 coli
881 2467 946 2526 et
979 2462 1161 2544 diligi
1206 2485 1470 2544 esseque
1517 2465 1827 2545 propositi
1876 2464 2077 2527 nostri
2124 2462 2355 2526 referre
2398 2464 2674 2546 gratiam

395 2553 460 2612 et
507 2549 763 2612 studere
823 2549 944 2612 tibi
1003 2549 1068 2612 in
1127 2549 1302 2613 omni
1361 2549 1511 2612 vita.
1612 2550 1857 2614 Adamo
1927 2549 2185 2613 dabitur
2254 2547 2527 2632 epistola
2592 2551 2672 2614 ad

396 2631 780 2698 Duronium⁸
854 2634 955 2696 die
1028 2632 1303 2698 Veneris.
1411 2633 1547 2698 Sub
1609 2635 1776 2699 idem
1848 2639 2101 2716 tempus
2166 2638 2239 2698 tu
2308 2639 2372 2698 et
2438 2634 2675 2700 Paulus

397 2719 766 2802 episcopus*
813 2720 904 2782 uti
954 2721 1252 2784 existimo
1301 2721 1697 2784 convenietis
1743 2722 1805 2783 in
1855 2721 2028 2784 Luco
2063 2721 2441 2802 GeorgianO.
2532 2720 2675 2801 Ipse

402 2827 657 2888 quoque
691 2806 1088 2868 decreveram
1123 2806 1356 2869 venire.
1436 2805 1564 2870 Sed
1598 2808 1753 2887 quid
1786 2808 1850 2870 in
1884 2808 2077 2872 turba
2110 2805 2391 2870 faciam?
2465 2806 2676 2870 Habe-

396 2891 496 2956 bit
559 2896 822 2954 sanctus
881 2891 1204 2955 Duronius
1267 2892 1503 2956 multos
1562 2914 1982 2974 congerrones
2044 2915 2121 2956 ex
2184 2893 2495 2956 comitatu
2558 2892 2673 2956 ho-

396 2977 604 3058 spitis,
697 2975 836 3040 Non
909 2976 1128 3040 liceret
1193 2977 1350 3040 mihi
1415 2999 1699 3042 seorsum
1768 2977 2046 3060 colloqui
2092 2981 2157 3041 et
2203 3000 2281 3041 ex
2337 2979 2669 3042 commodo

393 3067 509 3126 tuo
549 3061 738 3124 verba
775 3062 1002 3126 facere.
1094 3063 1480 3144 Aucupabor
1511 3063 1909 3128 occasionem
1940 3068 2007 3126 et
2037 3063 2390 3127 observabo
2420 3067 2673 3146 tempus

399 3147 720 3212 idoneum.
815 3149 896 3210 Et
943 3152 1098 3229 puto
1145 3152 1284 3212 tum
1331 3148 1647 3226 salutabO,
1706 3171 1847 3212 cum
1913 3147 2263 3212 Vestalium
2321 3150 2484 3211 ratio
2546 3150 2673 3212 dis-

397 3232 759 3314 putabitur.
880 3231 1164 3298 Tametsi
1238 3238 1520 3298 nostram
1600 3235 2043 3298 assiduitatem
2134 3234 2673 3298 insolentissimus

398 3317 770 3382 Bartholus⁵
837 3318 918 3381 ab
985 3319 1464 3383 immanissimis
1532 3317 1757 3384 Moris⁶
1826 3319 2367 3384 obtrectatoribus
2434 3321 2673 3384 nostris

399 3426 740 3486 persuasus
803 3403 868 3465 in
933 3406 1322 3468 contrarium
1393 3406 1599 3487 rapiat
1656 3410 1720 3469 et
1776 3406 1990 3468 omnia
2049 3405 2113 3468 in
2182 3403 2668 3480 deformitatem,

401 3511 564 3586 quae
617 3488 768 3560 boni
813 3490 895 3553 ad
942 3488 1324 3570 dignitatem
1382 3492 1681 3569 referunt,
1744 3495 2082 3588 pervertat.
2174 3490 2353 3566 Quod
2402 3511 2529 3553 non
2576 3491 2674 3552 in-

394 3573 563 3655 juria
631 3575 897 3639 moleste
967 3574 1118 3639 fero.
1211 3577 1423 3656 Atque
1469 3581 1541 3640 ut
1606 3577 1683 3640 de
1744 3599 1873 3640 uno
1940 3575 2203 3640 crimine
2272 3574 2431 3639 falso
2504 3597 2673 3640 nunc

396 3682 610 3741 agam:
680 3683 761 3722 an
828 3681 953 3723 non
1015 3682 1206 3741 grave
1268 3667 1368 3724 est
1427 3666 1491 3725 et
1550 3663 1862 3760 iniquum,
1932 3661 2101 3742 quod
2170 3661 2505 3724 cavillatur
2572 3683 2669 3725 ιιι9

398 3745 617 3808 deesse
677 3745 972 3809 civilibus
1031 3746 1280 3824 officiis,
1336 3747 1573 3826 quibus
1632 3748 1824 3811 ceteri
1880 3747 2307 3828 manipulares
2362 3748 2481 3809 mei
2544 3769 2669 3810 non

401 3831 606 3894 solum
641 3835 885 3908 assunt,
929 3831 1036 3894 sed
1072 3832 1262 3896 etiam
1299 3833 1648 3912 piaesunt‘?
1736 3833 2047 3914 Intelligit
2081 3836 2353 3914 nugator
2391 3833 2669 3914 nuptiaS,

409 3917 749 3998 primitia8‚
799 3917 1108 3981 convivia.
1122 3915 1142 3948 ⁷
1235 3917 1397 3993 Quid
1433 3919 1659 3981 sannio
1690 3918 1834 3981 vilis
1867 3918 2100 3981 latrat‘?
2188 3917 2465 3999 Egoneb
2513 3919 2673 4000 poli-

535 4067 1018 4122 astrenn11i.b
1046 4067 1124 4136 Eg
1127 4085 1156 4121 0
1192 4084 1272 4123 ne.

542 4139 560 4168 ²
597 4136 648 4189 S.
687 4137 786 4190 507
825 4138 888 4188 A.
930 4138 974 4188 1.
1049 4085 1124 4190 S.
1139 4137 1241 4190 407
1281 4139 1343 4188 A.
1380 4137 1425 4191 2.
1498 4137 1659 4190 Pater
1694 4136 2007 4190 scherzhaft.
2149 4137 2169 4168 ²
2202 4136 2495 4214 Pfeffinger.
2550 4136 2601 4190 S.
2637 4138 2673 4188 4

399 4206 465 4257 A
505 4204 554 4256 2.
627 4204 735 4258 Fur
769 4204 863 4256 ihu
900 4203 1108 4258 scheint
1157 4205 1250 4258 der
1302 4205 1468 4258 Pokal
1521 4205 1795 4258 bestimmt
1848 4221 2089 4272 gewesen
2126 4222 2194 4257 zu
2228 4203 2355 4258 sein.
2427 4203 2546 4272 Vgl.
2582 4205 2669 4258 Br.

399 4273 517 4326 412.
573 4273 726 4326 Doch
763 4289 804 4325 S.
843 4272 1064 4326 Schluss
1101 4291 1151 4327 v.
1190 4273 1277 4326 Br.
1317 4273 1434 4326 523.
1548 4276 1567 4306 ³
1600 4275 1723 4328 Abt.
1778 4273 1829 4327 S.
1873 4273 1970 4327 108
2005 4275 2067 4326 A.
2110 4275 2156 4326 1.
2264 4275 2284 4305 ⁴
2319 4273 2368 4326 S.
2398 4271 2499 4327 200
2532 4275 2594 4328 A.
2624 4275 2670 4326 7.

469 4343 490 4373 ὃ
524 4339 625 4396 Ein
659 4342 911 4395 Beamter
947 4341 1038 4394 des
1074 4341 1538 4395 NonnenklosterS.
1602 4341 1652 4396 S.
1693 4342 1793 4395 275
1829 4344 1890 4395 A
1931 4342 1975 4394 2.
2118 4343 2139 4374 ⁶
2175 4341 2355 4394 Morus
2391 4342 2499 4394 und
2536 4342 2669 4395 Cou-

401 4412 594 4463 sorten.
742 4412 760 4442 ⁷
793 4410 1048 4464 Derselbe
1087 4411 1334 4463 Vorwurf
1367 4426 1468 4463 von
1506 4409 1683 4464 Seiten
1723 4412 1815 4464 des
1852 4409 2149 4478 Stephanus
2185 4410 2235 4462 in
2274 4409 2359 4464 Br.
2396 4411 2514 4464 443.
