3084 4895
859 393 1074 448 Mutian
1110 411 1178 447 an
1215 393 1416 448 Urban.
1493 393 1701 446 Mutian
1739 408 1807 446 an
1845 394 2145 449 Musardus.
2506 393 2629 458 441

365 569 578 652 pentis
645 569 1078 649 contegamus,
1165 563 1328 630 Nam
1395 566 1604 629 omnis
1648 563 1753 627 hic
1796 565 2091 647 magistri
2156 565 2359 630 nostri
2426 587 2631 632 sermo

367 655 444 719 de
489 654 753 718 Judaeis
798 656 897 717 est
941 657 1136 734 atque
1179 651 1518 714 haereticis
1565 649 1648 713 ad
1690 654 1951 714 sanctos
1997 651 2343 733 apostOIOS,
2393 656 2467 716 ut
2510 652 2631 717 hoc

363 739 658 823 exemplo
704 740 871 802 inter
915 739 1390 820 persecutiones
1437 740 1633 818 caput
1662 736 1963 800 ecclesiae
1997 737 2379 801 occulerent.
2460 738 2634 802 Alio-

363 827 476 908 qui
521 825 842 890 vafritiam
893 823 1234 900 docuisset,
1283 843 1470 904 quam
1519 821 1839 886 Martinus
1886 825 2207 900 exercuit,
2271 824 2440 904 quod
2488 847 2525 888 a
2568 829 2633 888 te

364 912 616 976 facilius
661 933 852 993 quam
893 933 938 973 -a
985 931 1086 972 me
1131 907 1518 989 deprehendi
1563 912 1795 991 potest.
1888 908 2067 984 Quod
2114 905 2281 972 enim
2332 910 2407 994 de
2451 933 2632 992 prae-

365 998 518 1061 bitis
579 1003 799 1060 narrat
861 995 1068 1072 esciS,¹
1128 995 1358 1058 falsum
1422 1001 1535 1056 est.
1628 993 1768 1057 Non
1840 994 2097 1071 Paulus,
2166 1017 2295 1058 non
2370 995 2633 1059 Rufinus

366 1084 491 1147 nisi
541 1083 737 1146 semel
782 1103 884 1146 me
929 1085 1282 1163 praesente,
1331 1101 1457 1144 non
1507 1076 1739 1142 Janus²
1787 1081 2013 1143 micam
2044 1091 2071 1120 ⁸
2114 1080 2401 1161 ligurivit
2462 1081 2632 1164 apud

369 1191 531 1233 eum.
642 1168 914 1232 Intravit
981 1167 1170 1231 aedes
1239 1165 1787 1248 Aperbacchorum
1859 1165 2147 1230 Rufinus.
2179 1168 2208 1206 b
2311 1165 2435 1230 Sed
2506 1168 2632 1231 ista

376 1276 506 1318 non
553 1275 723 1317 curo.
814 1252 976 1316 Tota
1020 1251 1101 1316 lis
1146 1274 1226 1315 ex
1270 1256 1383 1315 tuo
1423 1251 1665 1334 judicio
1712 1251 1961 1334 pendet.
2052 1251 2221 1315 Vale.

680 1354 802 1408 Cod.
837 1353 972 1408 Frcf.
1009 1353 1128 1408 437.

379 1559 612 1628 (Gotha.)
1422 1542 1567 1608 371.
2194 1559 2276 1613 24.
2315 1558 2443 1614 Juni
2482 1559 2631 1614 1514.

1029 1668 1320 1738 Mutian
1363 1689 1464 1738 an
1507 1668 1963 1738 Musardus.³

384 1797 704 1866 (Balchmny
737 1797 864 1850 iiber
897 1797 1014 1850 eine
1047 1815 1083 1851 a
1153 1798 1345 1852 ebliclze
1381 1797 1585 1866 Schrift
1618 1799 1705 1850 des
1741 1797 1945 1850 Hieron
1980 1815 2105 1850 mus
2140 1797 2256 1850 und
2287 1797 2634 1867 Berulziquny

940 1865 1068 1922 iiber
1133 1866 1185 1921 ie
1217 1867 1416 1922 Feinde
1448 1868 1541 1920 der
1586 1865 1925 1920 Wissmscha
1950 1869 2068 1934 ten.)

443 1981 712 2043 Egregie
747 1981 884 2032 viro
919 1981 1184 2032 Her-rico
1219 1981 1519 2032 Musardo
1558 1982 1794 2034 Christi
1830 1982 2024 2032 sacris
2058 1982 2327 2038 initiato,
2361 1981 2563 2042 philo·-

669 2068 863 2127 sopho
901 2069 965 2118 et
1002 2067 1315 2129 theologe,
1351 2069 1549 2119 amico
1584 2067 1949 2119 honorando
1984 2068 2073 2118 M.
2110 2066 2334 2118 Rufus.

581 2177 645 2242 S.
738 2178 916 2255 Quod
981 2201 1080 2242 me
1147 2202 1396 2244 summa
1461 2180 1701 2262 pietate
1768 2180 1924 2244 colis
1984 2184 2049 2244 et
2108 2179 2368 2243 mirifice
2436 2199 2633 2256 amas,

370 2263 576 2328 habeo
623 2264 743 2329 tibi
789 2266 1080 2347 gratiam.
1172 2266 1306 2348 Ego
1354 2266 1518 2330 idern
1569 2266 1775 2330 facere
1820 2288 1948 2330 non
1996 2266 2233 2343 destiti,
2294 2265 2404 2329 sed
2469 2264 2635 2329 facio

369 2353 484 2414 tua
539 2351 754 2415 studia
813 2350 1087 2432 plurimi,
1149 2356 1223 2415 ut
1278 2374 1404 2416 non
1466 2352 1671 2417 solum
1716 2359 1781 2416 te
1827 2352 2210 2428 studiosum,
2272 2352 2381 2415 sed
2442 2352 2632 2415 etiam

368 2435 554 2501 valde
622 2435 979 2501 studiosum
1045 2460 1182 2502 esse
1250 2439 1615 2522 praedicare
1681 2462 1808 2503 non
1883 2438 2186 2503 desinam.
2299 2437 2493 2514 Petis,
2562 2441 2637 2501 ut

369 2524 625 2587 mittam
675 2524 1040 2605 Hieronymi
1085 2546 1246 2606 opus
1292 2526 1368 2588 de
1416 2526 1783 2589 nominibus
1823 2524 2185 2591 hebraicis*⁸
2277 2524 2415 2588 Non
2450 2524 2633 2588 credo

370 2609 562 2691 hujus
629 2631 784 2684 esse,
853 2610 964 2673 sed
1025 2609 1124 2673 vel
1183 2610 1401 2675 Rufini
1469 2610 1824 2675 Turrantii‘
1891 2612 1988 2675 vel
2054 2612 2333 2675 alterius,
2425 2608 2633 2673 Meam

379 2694 548 2758 hanc
615 2696 998 2759 sententiam
1071 2696 1246 2760 docti
1311 2697 1693 2761 confirmant
1749 2703 1813 2761 et
1865 2698 2158 2781 probant.
2254 2697 2344 2759 De
2408 2695 2633 2760 adver-

369 2782 557 2844 sariis
616 2779 938 2845 Musarum
1001 2786 1064 2846 et
1107 2782 1550 2865 philosophiae
1605 2781 1994 2847 sincerioris⁶
2058 2783 2184 2848 noli
2243 2787 2316 2846 tu
2377 2782 2631 2865 quidem

367 2867 674 2931 laborare.
765 2865 1062 2931 Sentient
1093 2869 1200 2933 isti
1233 2890 1348 2933 suo
1381 2875 1685 2953 tempore,
1720 2891 1881 2951 quos
1910 2869 2321 2933 lacessierint.
2400 2868 2633 2931 Demus

371 2974 491 3017 nos
538 2974 812 3035 operam,
846 2958 920 3017 ut
951 2953 1294 3034 valeamuS,
1343 2956 1502 3019 bene
1550 2957 1902 3019 sentiamus
1934 2961 1999 3020 et
2031 2956 2381 3037 loquamur.
2459 2953 2634 3019 Satis

372 3044 473 3103 est
515 3039 704 3103 bonis
751 3043 816 3101 et
861 3040 1126 3104 eruditis
1173 3040 1522 3122 placuisse3
1584 3045 1807 3105 contra
1865 3040 2295 3124 improborum
2358 3040 2634 3121 impetus

369 3128 506 3189 tum
578 3142 792 3189 sacrae
854 3125 1078 3189 literae
1147 3132 1281 3190 tum
1353 3128 1555 3191 virtus
1621 3128 1761 3211 ipsa
1831 3149 1948 3192 nos
2014 3131 2237 3191 armat.
2352 3125 2501 3189 Vale
2569 3128 2636 3188 et

373 3211 658 3274 divinam
703 3210 1026 3291 synaxim⁷
1074 3212 1212 3275 sine
1258 3212 1406 3287 ulla,
1457 3213 1629 3295 quod
1677 3213 1853 3291 facie,
1902 3211 2333 3277 sollicitudine
2365 3206 2631 3275 celebra.

375 3296 490 3359 Die
534 3296 802 3360 Joannis
850 3298 1168 3378 prodromi
1196 3310 1220 3338 0
1266 3298 1583 3362 MDX1111.

683 3396 806 3450 Cod.
842 3397 978 3451 Frcf.
1016 3398 1132 3452 309.

513 3634 540 3661 a
567 3618 780 3671 unicam
817 3624 944 3671 statt
979 3620 1172 3675 micam
1212 3620 1359 3672 Tem.
1433 3625 1461 3662 b
1489 3622 1660 3688 apud.
1684 3662 1693 3675 .
1718 3662 1727 3674 .
1750 3620 1971 3673 Rufinus
1994 3618 2119 3687 fehlt
2142 3617 2225 3670 bei
2250 3616 2397 3669 Tenx.
2470 3632 2495 3659 ο
2521 3616 2634 3670 Da-

374 3686 537 3740 riiber
551 3706 569 3739 .·
606 3688 639 3741 i.
680 3703 722 3741 e.
761 3688 1157 3755 praecurrentis

515 3758 531 3787 ²
569 3754 748 3809 Schilo
803 3756 978 3809 wollte
1031 3757 1116 3809 bei
1169 3757 1342 3809 seiner
1393 3754 1899 3825 Rechnungsablage
1959 3756 2077 3809 eine
2136 3754 2353 3808 Summe
2406 3756 2491 3807 fiir
2544 3754 2629 3807 die

371 3824 610 3877 Mutians
662 3824 894 3877 Dienern
929 3825 983 3877 in
1028 3825 1206 3877 Erfurt
1257 3824 1556 3891 gereichten
1614 3825 2016 3893 Erquickungen
2070 3824 2337 3877 abziehen.
2480 3824 2499 3855 2
2534 3822 2634 3875 Die

373 3893 595 3946 friihern
629 3892 826 3946 Diener
859 3892 1060 3947 Paulus
1094 3894 1356 3961 Aquiliae,
1391 3892 1650 3945 Benedict
1683 3894 1921 3958 Rufinus,
1957 3894 2123 3945 Janus
2160 3892 2403 3945 Urbicus„
2476 3890 2525 3944 S.
2566 3890 2633 3943 24

371 3963 433 4013 A.
473 3962 521 4013 3.
578 3961 627 4014 S.
665 3963 701 4012 4
735 3964 797 4013 A.
839 3963 864 4013 1
905 3978 956 4014 u.
995 3962 1044 4016 S.
1084 3962 1184 4015 ‘299
1220 3964 1282 4014 A.
1325 3964 1369 4015 l.
1425 3960 1476 4014 S.
1517 3961 1617 4015 289
1652 3964 1714 4014 A.
1757 3964 1801 4014 l.
1961 3963 1981 3993 ³
2014 3960 2212 4013 Lehrer
2264 3960 2320 4011 in
2373 3960 2633 4028 Georgen-

372 4029 504 4081 thal.
576 4029 626 4083 S.
667 4028 768 4081 212
807 4032 868 4081 A.
907 4032 953 4084 6.
1098 4033 1119 4063 ⁴
1152 4031 1231 4083 De
1267 4029 1375 4083 situ
1411 4032 1463 4082 et
1499 4030 1799 4083 nominibus
1843 4030 2075 4083 locorum
2113 4028 2493 4085 hebraicorum.

443 4100 464 4130 ⁵
500 4097 722 4151 Rufinus
756 4098 1048 4165 Tyrannius
1085 4099 1243 4167 (auch
1279 4098 1547 4167 unrichtig
1580 4098 1852 4160 Tui-aniuS,
1888 4098 2175 4150 Tauranius
2210 4098 2319 4150 und
2356 4097 2471 4149 hier
2504 4096 2633 4149 Tur-

371 4166 576 4219 rantius
633 4167 899 4235 genannt),
959 4168 1290 4235 Zeitgenosse
1347 4167 1440 4219 des
1493 4167 1870 4233 Hieronymus,
1907 4166 2006 4218 mit
2042 4167 2161 4218 dem
2200 4182 2257 4219 er
2290 4168 2506 4234 anfangs
2542 4165 2632 4217 be-

371 4236 630 4301 freundet,
668 4236 807 4287 dann
843 4236 1138 4288 verfeindet
1187 4252 1310 4289 war.
1451 4236 1473 4266 ⁶
1508 4235 1608 4287 Die
1659 4234 1857 4288 Kolner
1892 4234 2369 4287 Reuchlinsfeinde.
2514 4234 2531 4265 ⁷
2566 4256 2633 4273 Ξ

369 4302 780 4357 Eucharistiam.
856 4304 1028 4357 Schon
1068 4306 1202 4357 1513
1239 4304 1413 4356 wollte
1449 4303 1731 4357 Musardus
1768 4304 1861 4355 das
1898 4302 2055 4370 Opfer
2094 4303 2322 4371 bringen,
2360 4318 2470 4355 war
2494 4301 2631 4365 aber,

371 4370 450 4424 als
487 4371 572 4423 die
611 4371 684 4423 hl.
721 4367 1006 4441 Handlung
1039 4374 1234 4426 bereits
1268 4373 1556 4441 begonnen,
1595 4387 1690 4426 aus
1729 4371 2296 4425 Gewissensbedenken
2346 4371 2633 4437 zuriickge-

370 4442 557 4493 treten.
631 4440 866 4496 Deshalb
900 4440 1132 4500 Mutians
1169 4442 1465 4510 Mahnung:
1505 4441 1619 4495 sine
1652 4440 1763 4495 ulla
1796 4438 2163 4495 Sollicitudine.
2234 4440 2352 4509 Vgl.
2391 4439 2477 4492 Br.
2518 4438 2633 4496 286.
