3084 4895
1208 352 1262 405 M
1267 350 1422 411 utian
1459 366 1528 405 an
1566 350 1829 423 Petreius.
2520 354 2647 421 263

393 530 563 593 deus.
663 526 830 603 Quid
905 524 1228 608 amplius?
1315 523 1591 588 Tantum
1656 528 1773 589 est.
1864 524 2089 589 Pacem
2166 530 2459 602 meretur,
2534 528 2647 611 qui

391 616 630 679 fatetur
677 611 1038 694 deliquisse.
1129 610 1250 675 Pro
1298 610 1549 692 piaculo
1595 609 1865 675 habetur
1910 633 2037 675 non
2084 632 2353 694 purgare
2386 614 2641 691 crimen,

392 700 502 765 sed
569 699 877 774 confiteri,
948 718 1073 761 non
1142 700 1354 763 tamen
1418 698 1481 759 in
1550 697 1724 760 omni
1790 697 1955 775 foro;
2023 697 2263 779 alioqui
2330 699 2645 765 stultitiae

395 786 752 869 proximum
803 783 976 847 facta
1021 783 1294 865 tegenda
1339 787 1401 845 et
1446 787 1734 864 protecta
1778 784 2085 865 detegere.
2175 782 2360 847 Nunc
2399 785 2642 868 depono

390 893 726 956 personam
807 869 1210 946 absolutoriS,
1286 890 1465 931 sumo
1534 868 1749 933 festivi
1819 869 2237 935 collocutoris,
2330 870 2483 947 Quis
2546 875 2645 936 est

391 958 666 1022 violator
725 956 1094 1019 Miner-valis
1159 955 1621 1019 castimoniae?
1712 956 1805 1017 An
1855 956 1984 1037 qui,
2029 962 2100 1021 ut
2144 963 2243 1022 est
2287 956 2351 1019 in
2400 956 2641 1021 Erasmi

394 1044 748 1127 proverbio,
795 1042 1102 1106 lotionem
1149 1040 1432 1107 vincitP¹
1525 1041 1679 1117 Quis
1710 1042 1815 1105 ille
1847 1063 2055 1109 comes
2086 1044 2643 1108 innocentissimus

391 1135 457 1194 et
531 1125 1037 1213 pubescens?³²
1139 1126 1426 1208 Cujatem
1499 1127 1707 1191 facis?
1794 1127 1987 1191 Estne
2061 1129 2486 1194 traducendus
2560 1153 2640 1195 an

389 1213 803 1297 diligendus?
905 1213 1104 1277 Extra
1165 1214 1395 1293 jocum.
1500 1212 1569 1277 Si
1637 1214 1873 1295 gaudet
1938 1215 2180 1279 seducti
2246 1222 2439 1297 atque
2506 1237 2641 1280 um-

393 1303 624 1366 bratici
671 1301 950 1365 hominis
997 1299 1232 1376 studio,
1280 1299 1626 1362 deducatur
1670 1301 1748 1363 ad
1798 1301 2112 1365 hominem
2174 1300 2641 1385 philosophum,

392 1394 604 1452 tecum
677 1389 803 1451 imo
887 1408 1098 1451 secum
1173 1386 1297 1448 imo
1365 1385 1696 1449 nobiscum
1765 1388 2216 1452 exsultaturus.
2328 1388 2469 1453 Non
2542 1389 2644 1453 hic

387 1474 718 1555 Dionysia,
767 1493 892 1536 non
941 1472 1434 1555 propinationes,
1483 1493 1606 1535 non
1655 1471 1983 1537 illiberalis
2045 1474 2205 1537 lusio
2270 1475 2637 1553 celebratur,

389 1561 500 1625 sed
551 1560 741 1642 lepidi
787 1580 1127 1635 sermones,
1171 1558 1413 1621 urbane
1458 1558 1647 1636 dicta,
1694 1559 2007 1623 interdum
2057 1562 2220 1625 sales
2280 1562 2417 1625 sine
2480 1561 2639 1637 felle,

389 1650 466 1711 ut
533 1667 660 1711 non
729 1646 934 1727 magis
998 1666 1258 1727 corpora
1323 1665 1511 1726 quam
1582 1646 1776 1708 animi
1840 1646 2221 1710 reficiantur.
2335 1646 2419 1711 At
2486 1652 2641 1730 puto

382 1732 653 1815 jucundi
722 1735 817 1795 est
887 1734 1080 1812 atque
1145 1730 1451 1812 elegantis
1519 1730 1778 1811 ingenii,
1846 1752 2034 1812 quem
2100 1738 2171 1797 tu
2238 1736 2302 1796 et
2360 1734 2643 1817 impense

391 1820 653 1883 doctum
702 1823 766 1881 et
811 1816 1066 1881 Urbano
1112 1816 1503 1879 insinuatum
1555 1823 1617 1880 et
1664 1815 1955 1881 comitem
1992 1823 2057 1882 te
2090 1818 2348 1901 dignum
2398 1821 2642 1901 praedi-

387 1928 516 1969 cas.
609 1904 700 1967 De
746 1905 1004 1986 potione
1049 1924 1124 1966 ac
1169 1902 1506 1985 catapotiis
1566 1904 1717 1983 quid
1778 1926 1962 1968 curae
2017 1904 2272 1981 habe-ae,
2330 1906 2637 1988 intelligo.

391 1990 529 2075 Ego
598 1990 755 2053 bene
815 1991 1010 2053 valeo,
1105 1987 1311 2052 Cessit
1370 1988 1605 2071 pituita
1674 1989 1856 2054 credo
1924 1996 2213 2055 metuens
2282 1991 2639 2059 vellicatum

390 2076 972 2161 pharmaceuticon.
1063 2074 1264 2138 Inibis
1322 2079 1533 2139 tamen
1582 2098 1619 2139 a
1665 2098 1761 2139 me
1806 2078 2097 2159 gratiam,
2128 2078 2210 2155 ,si
2274 2078 2496 2142 saltem
2547 2080 2641 2143 in-

391 2164 702 2228 dicaveris
761 2162 1068 2226 medicam
1136 2163 1678 2244 compositionem,
1732 2163 1878 2227 olim
1928 2164 2101 2241 mihi,
2150 2166 2203 2229 si
2250 2166 2639 2247 perniciosus

391 2250 622 2315 humor
654 2250 958 2314 invaserit
989 2248 1314 2325 intestina,
1351 2246 1625 2312 futuram
1660 2250 1917 2314 auxiliO.
1997 2250 2259 2315 Valente
2291 2252 2638 2331 stomacho,

393 2358 550 2401 sano
597 2336 845 2419 hepate,
904 2332 1061 2397 nihil
1110 2335 1284 2398 intus
1329 2339 1833 2417 exputrescente,
1878 2338 2086 2421 syropi
2133 2343 2207 2403 ut-
2252 2342 2483 2403 vocant
2527 2339 2639 2402 ad-

389 2420 680 2508 jumenta
746 2442 874 2486 non
939 2421 1380 2504 magnipendo,
1494 2421 1578 2485 At
1645 2444 1784 2489 cum
1856 2424 2112 2488 citanda
2176 2422 2376 2504 alvuS,
2444 2424 2641 2508 pluris

400 2510 562 2574 facio
608 2509 888 2592 pilanum
939 2530 1127 2591 quam
1176 2507 1518 2572 hastatum.
1610 2509 1693 2572 Et
1736 2509 2177 2592 Aesculapium
2212 2511 2436 2576 invoco
2467 2517 2642 2595 post-

404 2595 623 2661 habito
655 2596 832 2659 dove.
921 2594 1062 2658 Non
1111 2600 1209 2658 est
1252 2615 1410 2675 opus
1445 2593 1604 2658 bene
1633 2595 1868 2660 valenti
1904 2597 2199 2675 medicae,
2232 2597 2640 2676 honorandus

402 2689 615 2747 tamen
663 2683 836 2746 omni
881 2679 1018 2744 loco
1065 2686 1129 2743 et
1173 2685 1471 2762 tempore.
1564 2679 1749 2744 Matri
1796 2683 1959 2746 dabo
2004 2681 2326 2768 pretium,³
2372 2684 2637 2749 dicerem

399 2768 814 2844 Pudentillae,
861 2769 914 2832 si
959 2767 1192 2830 liceret.
1283 2765 1491 2829 Etiam
1539 2767 1936 2831 admonerem
1985 2775 2065 2846 te,
2098 2765 2221 2833 *sed
2256 2792 2381 2834 non
2414 2771 2635 2834 audeo,

396 2855 633 2919 Iratum
681 2854 830 2918 scio.
921 2853 1172 2917 Justam
1206 2853 1334 2916 irae
1367 2875 1619 2916 causam
1654 2853 1921 2918 fortasse
1955 2855 2332 2937 praetendis.
2409 2855 2637 2922 Totum

399 2941 460 3005 id
506 2941 696 3004 irasci
756 2961 895 3004 curn
960 2939 1166 3003 causis
1231 2939 1540 3003 intactum
1608 2940 1824 3003 volens
1891 2947 2235 3023 praetereO,
2304 2947 2641 3010 contentus

529 3244 556 3272 a
581 3228 903 3295 Randqlosse
919 3246 936 3278 .-
976 3227 1284 3281 Ambrosius
1319 3245 1460 3296 puer.

535 3300 552 3330 ¹
586 3298 768 3350 Podex
801 3296 1050 3349 lotionem
1073 3297 1253 3350 vincit.
1311 3295 1734 3364 Sprichwiirtlich
1768 3313 1869 3350 von
1890 3301 2051 3352 etwas
2070 3297 2638 3351 Unverbesserlichem.

396 3369 418 3400 ⁹
449 3367 562 3420 Den
616 3383 746 3434 puer
796 3365 1103 3419 Ambrosius
1158 3367 1250 3419 der
1303 3365 1450 3419 Rand
1460 3365 1631 3435 glosse
1684 3369 1844 3418 nennt
1890 3365 1958 3420 M.
1998 3367 2123 3419 kurz
2178 3367 2369 3419 vorher
2422 3366 2641 3419 violator

395 3435 700 3489 Minervalis
745 3434 1082 3488 castimoniae
1117 3434 1258 3487 wohl
1294 3435 1393 3487 mit
1425 3434 1724 3487 Anschluss
1761 3449 1827 3486 an
1862 3435 1961 3486 den
1997 3435 2273 3488 Ausdruck
2323 3435 2415 3488 des
2461 3434 2640 3488 Petre-

392 3505 669 3573 janischen
703 3503 918 3557 Briefes.
990 3503 1126 3556 Vor'n
1161 3504 1404 3556 Bischofe
1443 3503 1759 3556 Ambrosius
1794 3503 1925 3557 wird
1958 3503 2229 3568 berichtet,
2250 3505 2370 3556 dass
2394 3519 2452 3556 61·
2475 3504 2641 3556 durch

397 3573 539 3627 seine
592 3573 926 3640 freimiitigen
973 3572 1404 3625 Deklamationen
1441 3589 1606 3641 gegen
1641 3573 1733 3628 das
1770 3571 2006 3624 eheliche
2043 3573 2217 3625 Leben
2254 3572 2337 3624 die
2372 3573 2638 3625 keuschen

398 3643 573 3696 Ohren
617 3643 788 3696 seiner
834 3641 1211 3696 Schiilerinnen
1259 3641 1507 3710 beleidigt
1548 3641 1697 3694 habe.
1768 3640 1920 3693 Nach
1958 3641 2043 3692 Br.
2082 3641 2182 3694 273
2220 3642 2311 3694 des
2348 3641 2469 3694 Cod.
2509 3640 2562 3709 (J
2565 3641 2641 3693 uli

401 3712 554 3780 1513)
603 3712 674 3764 ist
720 3711 1028 3763 Ambrosius
1064 3712 1156 3763 der
1189 3727 1318 3777 puer
1371 3710 1739 3778 Sommerings.
1810 3711 1917 3762 Der
1967 3709 2306 3762 wiederholte
2358 3710 2637 3764 Ausdruck

397 3797 570 3834 comes
605 3781 759 3833 weist
793 3780 884 3832 auf
916 3779 1030 3832 eine
1067 3778 1221 3832 Reise
1241 3780 1333 3832 des
1351 3779 1589 3847 Petrejus
1626 3779 1783 3845 (nach
1816 3779 2042 3846 Leipzig.
2081 3779 2196 3848 Vgl.
2235 3778 2352 3847 folg.
2389 3779 2515 3846 1312),
2553 3780 2644 3832 auf

398 3851 488 3902 der
539 3851 636 3902 ihn
687 3848 996 3902 Ambrosius
1049 3847 1338 3916 begleitete.
1409 3848 1563 3902 Nach
1618 3850 1738 3900 dem
1784 3847 1869 3900 Br.
1921 3864 1986 3900 an
2032 3848 2215 3901 Urban
2250 3847 2351 3900 272
2386 3849 2478 3901 des
2515 3847 2636 3902 Cod.

399 3919 495 3972 den
530 3918 619 3971 ich
653 3917 710 3970 111
749 3915 832 3968 die
869 3921 1005 3970 erste
1039 3916 1210 3970 Halfte
1247 3918 1380 3970 1513
1417 3922 1557 3970 setze
1584 3915 1963 3985 (»Amb1·osiun1
1999 3921 2052 3969 et
2086 3917 2437 3985 Nepotianum
2457 3933 2639 3972 sereno

399 3986 538 4040 coelo
575 4003 700 4040 cum
734 3979 884 4038 libris
921 3985 1172 4053 emittas«)
1211 3987 1362 4038 stand
1398 4002 1454 4038 61·
1488 3985 1542 4037 in
1579 3987 1797 4038 naherer
1830 3985 2135 4054 Beziehung
2160 4003 2226 4038 zu
2256 3986 2453 4041 Urban.
2489 4002 2639 4039 wozu

400 4056 481 4108 die
516 4059 681 4108 unten
716 4054 988 4122 folgenden
1023 4055 1204 4107 Wortc
1243 4055 1320 4106 »e't
1355 4055 1565 4107 Urbano
1619 4054 1965 4106 insinuatum«
2018 4055 2279 4118 stimmen,
2336 4055 2494 4108 sowie
2548 4055 2639 4108 der

399 4125 646 4178 Vorwurf
674 4123 902 4176 Mutians
939 4139 1024 4176 am
1064 4123 1141 4175 12.
1178 4122 1288 4174 ι11111
1327 4124 1458 4176 1513
1497 4123 1639 4191 (Cod.
1677 4123 1816 4190 273),
1854 4124 1975 4176 dass
2011 4124 2190 4176 Urban
2228 4123 2366 4176 allzu
2400 4126 2636 4175 verti-au-

399 4193 505 4246 lich
543 4211 609 4246 zu
645 4193 757 4246 ihm
795 4193 1079 4261 gestanden
1099 4191 1248 4245 habe.
1357 4193 1376 4223 ³
1411 4191 1514 4244 Zur
1537 4191 1980 4244 bevorstehenden
2000 4193 2218 4244 zweiten
2238 4191 2634 4259 Verheiratung.

399 4262 514 4332 Vgl.
552 4263 640 4316 Br.
681 4262 802 4316 206.
871 4259 968 4313 Die
1006 4261 1276 4329 folgenden
1314 4260 1384 4312 W
1387 4264 1496 4312 orte
1533 4259 1799 4312 enthalten
1836 4261 1985 4312 einen
2032 4261 2187 4314 Tadel
2240 4277 2401 4328 gegen
2455 4261 2637 4312 Peters

401 4331 608 4395 Mutter,
647 4331 741 4384 der
775 4331 912 4383 nach
949 4330 1040 4381 der
1077 4329 1403 4398 giinstigsten
1439 4329 1743 4396 Auslegung
1777 4329 1891 4382 sich
1927 4331 2019 4383 auf
2050 4330 2199 4382 ihren
2235 4328 2545 4383 Entschluss
2571 4344 2636 4379 zu

401 4401 538 4454 einer
575 4400 798 4455 zweiten
832 4399 1018 4454 Heirat
1052 4397 1276 4452 bezieht.
