3084 4895
418 1236 424 1241 ’
504 1242 684 1283 anus.

499 360 630 432 564
1343 358 1521 423 Briefe
1558 356 1651 422 des
1684 351 1735 423 J.
1778 358 1924 425 1515.

501 539 721 601 sertim
790 536 1150 600 Osimundo
1216 538 1685 620 interpellante,
1760 538 1897 603 viro
1970 540 2335 621 gratissimo
2410 544 2477 604 et
2546 542 2783 605 intimo

505 622 822 687 familiari.
918 624 1098 699 Quod
1147 633 1361 686 autem
1423 623 1731 686 Thomas*
1808 626 2083 688 narrasti
2142 626 2494 707 negotium,
2570 628 2783 689 minus

506 707 686 791 (pace
717 713 830 771 tua
865 709 1102 771 dictum
1139 709 1248 788 sit)
1285 711 1604 790 sapienter
1640 708 1867 771 fecisti.
1944 708 2260 790 Nugatori
2290 710 2781 792 linguacissimo

504 815 630 856 non
670 798 806 857 erat
836 794 1236 857 credendum.
1333 794 1518 857 Absit
1555 798 1625 857 ut
1658 794 1833 857 Moro
1880 796 1978 858 vel
2022 794 2259 858 Russo²
2306 796 2782 861 feneratoribus

505 879 875 962 supplicem.
970 879 1110 942 Non
1173 879 1331 941 dant
1375 884 1668 943 mutuum
1719 880 1843 942 nisi
1890 880 2144 943 rusticis
2174 886 2239 943 et
2268 880 2605 945 Duroniis³
2654 884 2695 946 i.
2733 908 2778 946 e.

507 965 1014 1046 simplicissimis
1092 964 1328 1045 quibus
1403 964 1588 1027 facile
1662 969 1756 1028 est
1834 965 2173 1047 imponere.
2290 966 2554 1030 Praeter
2624 968 2783 1031 haec

508 1052 742 1128 omnia,
813 1050 902 1112 mi
971 1048 1250 1124 Urbane,
1327 1050 1662 1113 scriberem
1732 1050 1813 1112 ad
1881 1055 1945 1113 te
2010 1050 2139 1113 alia
2204 1072 2331 1113 non
2404 1053 2780 1134 injucunda,

505 1134 842 1199 scriberem
899 1136 980 1198 ad
1033 1134 1363 1198 Eobanum
1411 1139 1478 1198 et
1523 1134 1857 1209 Euritium,
1926 1136 2048 1199 nisi
2112 1135 2447 1200 festinaret
2514 1138 2781 1220 Nepoti-

695 1219 718 1253 *
805 1218 1017 1297 Miror,
1063 1220 1218 1301 quid
1267 1220 1545 1283 hominis
1578 1220 1664 1283 sit
1696 1220 2081 1284 MusarduS.⁵
2156 1220 2353 1284 Novit
2400 1223 2781 1287 damnatum

507 1327 761 1387 magum
825 1306 1265 1387 supervenisse
1333 1310 1398 1367 et
1463 1310 1651 1368 tacet.
1766 1306 1931 1381 Quid
1999 1306 2258 1388 prodest
2326 1308 2778 1381 sanctimonia.

505 1392 561 1454 si
606 1391 762 1454 talia
810 1392 944 1472 pati
989 1390 1254 1471 potest?
1342 1389 1705 1453 Ridiculum
1754 1396 1872 1468 est,
1934 1392 2061 1453 imo
2122 1393 2556 1457 miserandum
2618 1394 2781 1457 adeo

502 1477 775 1558 turpiter
821 1476 1026 1557 decipi
1080 1475 1406 1557 plurimos.
1499 1474 1775 1538 Tantum
1846 1477 2019 1540 valet
2084 1478 2484 1540 mendacium
2570 1480 2781 1560 perdi-

503 1562 735 1625 tissimi
783 1562 1140 1639 nebuloniS,
1193 1561 1484 1623 vilissimi
1516 1562 1961 1639 aeruscatoriS,
2010 1564 2540 1643 praestigiatoriS,
2576 1565 2782 1628 circu-

504 1647 746 1723 latoris„
810 1646 1114 1727 sortilegi.
1205 1645 1368 1709 'Pota
1427 1646 1584 1709 haec
1632 1648 1804 1727 regio
1851 1653 2127 1726 quatuor
2154 1659 2183 1687 ⁸
2244 1648 2438 1712 habet
2482 1650 2653 1712 tales
2699 1655 2779 1724 et,

504 1732 708 1835 quod
752 1732 1014 1813 indigne
1089 1731 1240 1805 fem,
1317 1732 1414 1795 tui
1489 1720 1703 1811 patre!
1774 1732 1934 1795 duos
1999 1754 2077 1795 ex
2147 1733 2267 1795 hoc
2334 1756 2619 1797 numero.
2703 1723 2785 1795 Ω

504 1813 789 1916 ποιμένος
831 1814 1003 1877 λαῶν
1034 1782 1418 1880 Duronium!
1488 1816 1627 1879 Nisi
1659 1838 1759 1881 me
1792 1816 1976 1879 fallat
2008 1818 2391 1898 conjectura,
2428 1819 2783 1883 monachus

503 1907 598 1967 est
647 1904 938 1967 novicius
983 1903 1088 1965 ille
1132 1902 1362 1984 planus
1409 1906 1472 1965 et
1521 1902 1681 1965 male
1728 1902 1979 1983 peribit.
2071 1902 2238 1966 Vale.

815 2002 941 2055 Cod.
979 2001 1114 2054 Frcf.
1151 2002 1270 2054 497.

514 2205 746 2275 (soffia.)
1105 2152 1116 2161 ⁸
1568 2188 1713 2255 500.
2092 2256 2097 2259 ,
2275 2206 2415 2276 (Ans.
2453 2206 2567 2260 Jun
2606 2208 2781 2277 1515.)

1257 2316 1549 2387 Mutian
1595 2337 1694 2423 an
1736 2315 2018 2386 Urban.

506 2440 910 2513 (Veryb'tteruny
956 2444 1044 2498 des
1093 2444 1376 2498 Erasmus,
1447 2444 1557 2498 Der
1599 2462 1731 2506 neue
1777 2444 2085 2498 Schc'mauer
2119 2443 2199 2497 Pr
2198 2444 2347 2512 ophet
2392 2445 2511 2498 und
2560 2444 2782 2499 Schatx-

513 2511 705 2578 ymber
737 2513 877 2564 m‘rd
909 2530 1029 2566 vom
1065 2513 1167 2566 Abt
1199 2514 1324 2566 Dur
1323 2513 1992 2649 οηφτιέιὲἢίόεὲἓιιεηέἕὲὂὲῃῧοσή
2025 2514 2111 2566 die
2142 2514 2370 2582 yerechtc
2418 2513 2599 2580 Strafe
2645 2514 2785 2566 wird

1235 2696 1316 2746 Η.
1352 2697 1612 2747 Urbano
1649 2694 1757 2762 (M.
1793 2691 2040 2761 Rufus).

717 2805 777 2869 S.
870 2805 1105 2888 Legam
1167 2807 1609 2883 libentissime,
1678 2807 1850 2888 quod
1915 2806 2310 2888 Nepotianus
2379 2805 2505 2868 huc
2572 2802 2781 2867 tulit}

509 2888 562 2953 O
611 2896 811 2970 pater,
859 2914 1002 2956 amo
1049 2893 1485 2974 philosophOS,
1531 2914 1676 2956 amo
1724 2898 1963 2973 poetam,
2012 2913 2155 2954 amo
2188 2890 2684 2973 jurisconsultos
2717 2894 2782 2951 et

509 2975 844 3058 theologos
893 2979 1469 3060 eloquentissimOS,
1518 2979 1625 3040 sed
1676 2979 1765 3040 sic
1811 2999 1953 3040 amo
1987 2983 2061 3040 ut
2093 2977 2399 3040 homines.
2478 2975 2779 3038 Erasmus

510 3063 716 3159 surgit
761 3085 951 3161 supra
997 3063 1272 3127 hominis
1339 3065 1518 3127 vireS.
1612 3063 1879 3126 Divinus
1925 3067 2021 3125 est
2067 3068 2128 3125 et
2176 3061 2576 3124 venerandus
2637 3061 2779 3122 reli-

510 3147 705 3228 giose,
753 3149 856 3230 pie
899 3153 1209 3231 tanquam
1259 3171 1516 3212 numen.
1594 3149 1932 3230 Desipiunt
1967 3145 2333 3210 Schonates
2365 3146 2479 3208 tui.
2556 3144 2779 3208 Novus

507 3232 822 3316 propheta
866 3235 1043 3298 venit
1085 3235 1252 3298 illuc.
1265 3233 1283 3266 ⁷
1377 3234 1671 3315 Undique
1714 3233 1789 3298 fit
1820 3254 2163 3296 concursus
2206 3232 2283 3294 ad
2318 3254 2479 3294 eum.
2554 3229 2773 3308 Novit,

503 3317 618 3382 ubi
661 3317 942 3383 thesauri
985 3320 1248 3400 lateant,
1295 3325 1359 3384 et
1403 3323 1537 3402 ipse
1609 3319 1766 3382 nihil
1827 3319 2039 3390 habet
2109 3317 2319 3381 nudus
2374 3320 2439 3380 et
2493 3315 2773 3398 jejunus.

512 3402 913 3468 Carcerarius
959 3404 1098 3469 fuit.
1195 3407 1502 3488 Pependit
1549 3407 1612 3468 in
1661 3406 2036 3485 quaestione
2065 3404 2306 3467 Italica.
2382 3402 2622 3480 {latomia
2659 3403 2776 3462 scin

506 3491 578 3550 im
621 3491 708 3550 'oie
753 3490 1017 3565 sthntliel
1061 3494 1366 3564 3etbrutbcu
1413 3497 1512 3551 υηῖι
1561 3493 1645 3549 'nie
1694 3509 1861 3564 eugen
1906 3491 2180 3565 nmbknrtl)
2243 3487 2349 3551 rel.
2450 3486 2777 3550 Duronius

509 3575 674 3636 dixit
719 3575 798 3637 ad
845 3597 1124 3639 mensam
1175 3579 1238 3638 te
1293 3581 1356 3638 et
1419 3598 1513 3637 me
1570 3574 2045 3658 praesentibus:
2118 3568 2264 3654 „3ss
2330 3575 2479 3634 molle
2541 3577 2641 3632 Bas
2701 3573 2776 3644 id)

505 3679 603 3720 not
645 3665 762 3719 bem
810 3665 1008 3722 tlnstet
1055 3664 1176 3733 aud)
1227 3664 1365 3737 bttte
1399 3663 1484 3722 tin
1517 3662 1715 3722 meista
1760 3669 1938 3722 man.“
1908 3657 1971 3696 “⁸
2062 3659 2245 3722 Nunc
2274 3657 2490 3734 habet,
2522 3655 2778 3719 habeat.

507 3743 719 3808 Unum
790 3745 990 3821 dolet,
1070 3747 1240 3826 quod
1307 3745 1760 3827 simplicissimi
1830 3744 2050 3808 rustici
2125 3743 2399 3827 puellam
2468 3745 2780 3805 intactam

645 3893 674 3922 α
703 3882 753 3931 4.

652 3950 670 3980 ¹
705 3947 808 4000 Ein
845 3947 1082 4000 Erfurter
1116 3947 1338 4000 Offizial.
1393 3946 1443 4000 S.
1483 3947 1585 4025 209
1620 3949 1681 4000 A.
1721 3949 1768 4000 5.
1876 3947 1897 3979 ²
1932 3945 2252 3999 Gothaische
2276 3944 2583 3999 Pfriindner.
2640 3942 2691 3996 S.
2714 3941 2784 3995 38

509 4017 571 4068 A.
609 4017 661 4071 4.
719 4015 768 4070 S.
809 4016 909 4069 205
947 4019 1008 4068 A.
1051 4019 1095 4070 1.
1205 4017 1225 4048 ³
1259 4016 1462 4068 Leuten
1481 4015 1582 4068 wie
1600 4015 1708 4068 Abt
1724 4013 2005 4068 Duronius
2062 4013 2111 4068 S.
2156 4012 2255 4066 108
2289 4014 2353 4065 A.
2394 4015 2441 4066 1.
2549 4013 2569 4044 ⁴
2604 4011 2657 4064 S
2678 4011 2783 4064 552

508 4087 569 4137 Α.
610 4083 657 4138 2.
800 4087 820 4116 ⁶
855 4085 1052 4136 Lehrer
1088 4085 1141 4135 in
1179 4084 1528 4151 Georgenthal
1580 4084 1688 4136 und
1723 4083 1823 4136 wie
1860 4099 1917 4135 es
1953 4083 2175 4145 scheiut,
2228 4081 2331 4134 seit
2378 4081 2592 4133 kurzem
2641 4081 2783 4131 auch

509 4151 694 4204 Pastor
743 4169 844 4205 von
895 4152 1156 4204 SchbnaU.
1229 4151 1278 4206 S.
1319 4153 1421 4205 553
1449 4156 1522 4206 Α.
1562 4153 1609 4206 7.
1683 4142 1828 4204 Uber
1875 4152 1975 4203 den
2024 4167 2090 4203 an
2141 4151 2379 4202 letzterm
2418 4149 2542 4202 Orte
2576 4149 2781 4200 befind-

509 4220 687 4273 lichen
714 4220 1010 4287 Propheten
1033 4221 1140 4288 vgl.
1168 4221 1255 4272 Br.
1281 4221 1398 4274 500.
1437 4221 1553 4273 504.
1611 4219 1727 4288 Vgl.
1764 4220 1815 4272 S.
1852 4220 1957 4272 462
1997 4223 2057 4274 A.
2096 4221 2143 4272 7.
2250 4220 2273 4250 ⁶
2308 4217 2463 4271 Catos
2498 4215 2781 4270 Distichen

508 4289 586 4342 ed.
625 4289 891 4341 Er.asmus
961 4289 1123 4344 Lond.
1165 4291 1312 4367 1514.
1386 4287 1504 4358 Vgl.
1541 4288 1629 4341 Br.
1666 4289 1784 4342 507.
1930 4289 1948 4320 ⁷
1983 4287 2100 4356 Vgl.
2154 4290 2307 4341 Anm.
2347 4289 2394 4340 5.
2537 4287 2557 4316 ⁸
2592 4283 2786 4336 Dieser

509 4359 818 4423 Ausspruch
854 4358 1016 4412 findet
1052 4359 1167 4410 sich
1202 4358 1259 4409 in
1292 4357 1379 4412 ΒΓ.
1419 4357 1536 4412 205.
1687 4396 1694 4403 -
