3084 4895
865 390 1075 444 Mutian
1111 404 1179 443 an
1219 387 1419 442 Urban.
1490 388 1705 442 Mutian
1740 403 1809 442 an
1846 387 2106 443 Hei-bord.
2487 391 2617 458 489

753 563 1032 615 Henrlco
1066 560 1325 613 Urbano
1361 571 1474 610 suo
1511 559 1830 610 carissimo
1865 562 1954 611 M.
1988 559 2213 612 Rufus.

562 674 628 740 S.
719 673 924 738 Hodie
994 671 1210 736 Schilo
1285 671 1460 735 misit
1525 671 1607 734 ad
1676 693 1777 735 me
1842 672 2189 753 regestum¹
2260 678 2325 736 et
2393 696 2613 756 parum

353 761 729 844 pecuniolae
775 759 1014 823 vilioris
1061 761 1354 821 monetae
1385 757 1424 820 i.
1459 778 1510 820 e.
1551 756 1882 820 Hallenses
1927 762 1991 821 et
2037 757 2387 822 Leonellos.
2473 759 2615 824 Non

356 849 423 911 in
473 849 838 911 universum
884 843 1151 907 liberavi
1197 840 1393 918 eum‚²
1441 842 1553 906 sed
1599 847 1851 905 tantum
1898 846 2177 906 testatus
2222 865 2359 907 sum
2408 844 2615 908 chiro·-

353 933 618 1016 graph0‚
690 933 1001 1014 quantum
1071 928 1438 1010 acceperim.
1556 927 1793 991 Videbo
1863 935 1927 992 et
1990 933 2203 992 tecum
2280 931 2616 994 consilium

356 1016 866 1084 communicabo,
961 1014 1111 1078 Vale
1156 1019 1218 1077 et
1263 1035 1408 1077 ama
1453 1012 1677 1077 bonos.
1757 1014 1891 1077 Hoc
1935 1013 2091 1076 mihi
2137 1014 2391 1079 sufficit.
2469 1016 2621 1080 Pro·

354 1103 523 1168 festo
569 1103 698 1167 divi
745 1100 1094 1166 Michaelis,
1187 1099 1373 1161 Anno
1416 1097 1735 1161 MDXIIII.

665 1203 794 1258 cod.
827 1201 963 1256 Frcf.
1000 1200 1118 1255 412.

358 1377 589 1447 (Gotha.)
1410 1356 1556 1420 422.
2162 1372 2232 1436 (n.
2270 1368 2409 1437 Sept.
2450 1369 2597 1423 1514.

1054 1486 1344 1557 Mutian
1390 1505 1490 1556 an
1533 1482 1905 1554 Herbord.

355 1617 622 1686 (Parmae
652 1633 750 1670 um
785 1615 1156 1685 Besb'rdamny
1189 1617 1406 1670 Eobans
1439 1633 1514 1669 κα
1546 1615 1721 1669 ciuem
1754 1613 2036 1668 Iaekrstuhl
2068 1629 2144 1667 an
2176 1613 2268 1666 der
2290 1611 2409 1679 Erf.
2435 1611 2623 1666 Sohule

698 1687 816 1738 und
845 1703 944 1739 wm
981 1691 1144 1754 ymen
1175 1686 1284 1740 Rat
1317 1685 1384 1738 in
1415 1685 1592 1738 θείνων
1639 1681 2277 1752 Heiratsmayeleyenheit.)

485 1800 1036 1860 surieperitissimo
1070 1800 1148 1850 D.
1183 1799 1553 1850 Herebordo
1588 1799 1954 1860 margarito,
1990 1798 2257 1859 patricio
2293 1799 2357 1848 et
2392 1795 2505 1846 ad-

581 1889 810 1937 vocato
845 1885 1322 1948 :arphax-diensi,
1358 1888 1558 1938 amico
1596 1885 1970 1938 celebrando
2010 1882 2118 1954 (M.
2150 1881 2398 1950 Rufus).

570 1999 634 2063 S.
726 1998 963 2082 Scripsi
1011 2000 1090 2063 ad
1137 2005 1201 2064 te
1246 2022 1358 2084 pro
1406 1999 1651 2065 deliciis
1695 2001 1931 2064 nostris
1990 1997 2256 2062 Eobano
2314 1996 2514 2060 Hesso
2560 1998 2626 2059 et

357 2085 596 2149 amoris
641 2085 876 2149 fiducia
922 2087 1105 2168 quasi
1152 2087 1494 2169 postulavi,
1541 2089 1615 2150 ut
1647 2087 1935 2168 spectata
1968 2087 2082 2148 tua
2111 2083 2283 2166 apud
2316 2083 2624 2165 primores

361 2170 747 2236 auctoritate
794 2175 859 2236 et
902 2172 1110 2253 gratia
1154 2173 1528 2254 impetrares
1574 2173 1817 2254 optimo
1866 2174 2091 2253 poetae
2134 2171 2510 2253 perpetuum
2556 2168 2621 2232 in

361 2257 694 2340 gymnasio
769 2255 1122 2322 salarium.⁸
1222 2257 1597 2322 Retrahitur
1662 2257 1771 2322 ille
1832 2256 1917 2321 ab
1979 2255 2441 2320 humanissimo
2508 2274 2625 2319 suo

357 2342 651 2424 praesule
695 2341 775 2406 ad
833 2342 1225 2420 Bructer03‚‘
1291 2348 1545 2427 gentem
1610 2343 1807 2408 feram
1854 2346 1920 2407 et
1961 2342 2195 2425 oppido
2262 2340 2623 2405 barbaram.

359 2427 518 2511 Legi
563 2427 782 2493 literas
827 2428 1138 2513 episcopi⁸
1185 2430 1344 2497 mira
1389 2430 1793 2513 benignitate
1834 2429 2123 2512 miraque
2178 2425 2627 2492 benevolentia

356 2513 642 2579 refertas.
735 2513 861 2579 Sed
907 2537 1024 2598 ego
1069 2520 1298 2599 poetae
1353 2517 1558 2581 nostri
1604 2517 1846 2597 optatis
1892 2519 1957 2579 et
2004 2517 2157 2580 voto
2203 2514 2425 2579 favens
2469 2512 2628 2577 utile

356 2598 644 2665 futurum
708 2604 775 2664 et
834 2600 1128 2666 decorum
1199 2603 1605 2667 universitati
1672 2600 2103 2666 studiosorum
2170 2599 2493 2674 existim0‚
2554 2601 2630 2663 ut

357 2684 756 2768 Erphurdiae
802 2688 1170 2752 retineatur.
1260 2687 1424 2751 Nam
1471 2710 1551 2751 ex
1598 2687 1734 2769 ejus
1779 2688 1998 2752 schola
2042 2686 2228 2752 multi
2274 2684 2631 2768 prodibunt
2722 2736 2735 2747 .

352 2771 515 2853 juris
561 2772 885 2837 auditores
930 2778 992 2836 et
1039 2774 1432 2855 praesertim,
1479 2795 1607 2855 quo
1654 2774 1933 2852 duxeris,
1990 2794 2310 2856 sequaces,
2405 2769 2627 2852 Neque

356 2857 425 2922 id
485 2858 874 2935 incredibile,
937 2881 1079 2923 cum
1126 2862 1195 2923 tu
1243 2862 1508 2924 ornator
1567 2858 1891 2940 legitimae
1938 2863 2003 2923 et
2047 2857 2391 2923 canonicae
2462 2856 2631 2939 sapi-

358 2944 570 3007 entiae
614 2944 899 3008 limatius
945 2966 1135 3026 quam
1183 2946 1423 3027 priores
1470 2944 1843 3026 profitearis.
1936 2944 2132 3008 Pauci
2192 2941 2626 3024 sophistarum

356 3029 422 3092 in
491 3033 772 3094 montem
839 3030 1210 3094 ascendunt.
1300 3030 1576 3094 Venient
1640 3033 1856 3094 autem
1900 3031 1983 3093 ad
2022 3030 2189 3112 juris·
2248 3030 2629 3109 interpretes

361 3114 618 3197 plurimi
663 3116 1016 3180 auditionis
1060 3118 1346 3197 poeticae
1392 3120 1456 3179 et
1503 3115 1929 3180 humanitatis
1974 3114 2322 3179 candidati.
2402 3113 2629 3177 Veniet

358 3199 551 3263 etiam
598 3200 903 3266 Eobanus
949 3202 1340 3284 navabitque
1378 3202 1508 3284 juri
1555 3222 1831 3283 operam.
1922 3200 2053 3264 Fac
2112 3202 2325 3282 igitur,
2382 3202 2458 3263 ut
2517 3220 2628 3282 per

357 3290 425 3348 te
479 3286 934 3350 amicissimum
999 3288 1201 3351 virum
1249 3292 1312 3353 et
1358 3288 1727 3370 primarium
1789 3285 2109 3351 doctorem
2170 3287 2305 3349 voti
2368 3306 2627 3367 compos

359 3371 494 3434 fiat.
605 3372 990 3436 Instituatur
1063 3371 1250 3437 lectio
1325 3373 1721 3437 humanioris
1790 3372 2231 3453 politiorisque
2299 3370 2628 3435 doctrinae

361 3477 504 3520 cum
554 3463 810 3521 aeterno
866 3458 1201 3540 stipendio.
1292 3459 1528 3522 Invoca
1587 3458 1864 3522 Leonem
1927 3454 2160 3534 tuum‚⁸
2220 3455 2629 3520 mathemati-

358 3562 578 3605 corum
626 3543 1005 3626 principem3
1051 3543 1234 3606 allice
1277 3548 1524 3608 veteres
1572 3566 1652 3608 ex
1697 3542 2231 3625 philosophastris
2275 3541 2515 3605 amicos
2562 3542 2627 3604 et

248 3707 257 3715 ·
357 3626 672 3710 persuade
716 3628 862 3706 illis,
908 3631 983 3691 ut
1015 3629 1160 3693 usui
1193 3629 1625 3711 dignitatique
1656 3628 2179 3693 scholasticorum
2214 3625 2625 3710 prospiciant.

359 3711 542 3789 Quod
613 3713 667 3775 si
738 3713 1025 3778 nonnulli
1097 3712 1594 3793 refragabuntur
1682 3714 2002 3797 (mussant
2089 3714 2256 3777 enim
2346 3712 2629 3795 plerique

361 3797 706 3861 facultates
772 3800 995 3863 deesse
1063 3799 1306 3862 aerario
1373 3799 1729 3865 literatorie
1795 3804 2105 3882 tanquam
2181 3798 2497 3862 exhausto
2563 3800 2630 3859 et

511 3934 526 3964 ¹
564 3932 1083 4001 Rechnungsablage.
1154 3932 1274 4001 Vgl.
1323 3932 1410 3984 ΒΓ.
1460 3933 1582 3985 417.
1722 3936 1743 3967 ²
1776 3932 1897 4002 Vgl.
1944 3932 2034 3986 Br.
2080 3930 2195 3986 385.
2337 3932 2359 3963 ⁸
2390 3930 2472 3984 Br.
2509 3930 2627 3984 416.

429 4002 454 4033 ⁴
489 4000 768 4067 Preussen,
805 4000 907 4052 wie
944 4001 1083 4054 auch
1117 4001 1171 4053 in
1207 4003 1380 4054 einem
1416 4004 1629 4068 spatam
1661 4000 1834 4054 Briefe
1869 4001 1961 4055 Nr.
1987 4000 2106 4063 468,
2131 4000 2249 4053 eine
2272 3998 2629 4052 willkiirliche

363 4068 410 4121 F
407 4084 522 4122 orm
557 4070 644 4122 fiir
678 4070 772 4122 das
787 4068 894 4123 .bei
929 4069 1031 4122 den
1065 4069 1224 4123 Alten
1258 4069 1408 4122 nicht
1441 4070 1853 4123 vorkommende
1888 4068 2121 4123 Borussi.
2262 4069 2285 4101 ⁶
2316 4067 2456 4121 Hiob
2504 4066 2629 4134 (von

367 4136 671 4203 Dobeneck)
707 4153 808 4190 von
835 4136 1175 4207 Riesenburg.
1237 4138 1472 4191 Immatr.
1509 4138 1615 4192 Erf.
1660 4139 1791 4192 1476
1827 4138 1987 4191 Mich.
2048 4135 2420 4190 Weissenb.
2458 4134 2628 4188 Akten

366 4204 409 4270 Ι,
449 4206 569 4259 367.
642 4205 714 4257 Er
747 4206 894 4259 hatte
928 4205 1104 4259 Eoban
1153 4206 1286 4259 nach
1340 4206 1434 4259 der
1467 4206 1631 4260 Univ.
1676 4206 1955 4260 Frankfmt
2000 4204 2279 4261 beurlaubt
2327 4205 2477 4269 1513,
2524 4218 2629 4256 von

367 4289 452 4325 wo
487 4274 663 4327 dieser
695 4273 832 4326 nach
866 4273 1086 4341 Leipzig
1120 4275 1274 4343 gieng
1307 4274 1418 4327 und
1464 4275 1495 4328 J
1501 4274 1577 4328 uli
1629 4278 1763 4329 1514
1810 4275 1945 4328 nach
2000 4275 2177 4328 Erfurt
2230 4272 2627 4326 zuriickkehrte.

365 4341 497 4463 {lira
497 4358 592 4464 Ersf
599 4358 644 4407 e,
639 4342 746 4464 &131
745 4342 843 4465 u?
882 4342 1118 4467 I,S93391{.
1251 4344 1281 4468 ἶ
1315 4342 1573 4399 Heinrich
1609 4344 1715 4399 Leo
1751 4360 1855 4398 von
1888 4344 2074 4411 Berka,
2123 4340 2529 4397 Mathematiker
2562 4355 2627 4395 an

405 4426 463 4463 er
591 4452 602 4463 .
803 4427 850 4465 e.
961 4451 974 4465 .
1148 4415 1209 4466 A.
1285 4454 1295 4467 .
