<?xml version="1.0" encoding="UTF-8"?>
<!DOCTYPE html PUBLIC "-//W3C//DTD XHTML 1.0 Transitional//EN"
    "http://www.w3.org/TR/xhtml1/DTD/xhtml1-transitional.dtd">
<html xmlns="http://www.w3.org/1999/xhtml" xml:lang="en" lang="en">
 <head>
  <title>
</title>
<meta http-equiv="Content-Type" content="text/html;charset=utf-8" />
  <meta name='ocr-system' content='tesseract 3.04.00' />
  <meta name='ocr-capabilities' content='ocr_page ocr_carea ocr_par ocr_line ocrx_word'/>
</head>
<body>
  <div class='ocr_page' id='page_1' title='image "./derbriefwechsel02kraugoog_0488.png"; bbox 0 0 3084 4895; ppageno 0'>
   <div class='ocr_carea' id='block_1_1' title="bbox 525 392 1927 472">
    <p class='ocr_par' dir='ltr' id='par_1_1' title="bbox 525 392 1927 472">
     <span class='ocr_line' id='line_1_1' title="bbox 525 392 1927 472; baseline 0.006 -18"><span class='ocrx_word' id='word_1_1' title='bbox 525 399 651 472; x_wconf 79' lang='lat'><strong>402</strong></span> <span class='ocrx_word' id='word_1_2' title='bbox 1353 393 1526 460; x_wconf 66' lang='lat' dir='ltr'><strong>Briefe</strong></span> <span class='ocrx_word' id='word_1_3' title='bbox 1564 392 1657 460; x_wconf 81' lang='lat' dir='ltr'><strong>des</strong></span> <span class='ocrx_word' id='word_1_4' title='bbox 1690 403 1740 462; x_wconf 86' lang='lat' dir='ltr'><strong>J.</strong></span> <span class='ocrx_word' id='word_1_5' title='bbox 1782 393 1927 464; x_wconf 77' lang='lat'><strong>1514.</strong></span> 
     </span>
    </p>
   </div>
   <div class='ocr_carea' id='block_1_2' title="bbox 504 575 2761 3316">
    <p class='ocr_par' dir='ltr' id='par_1_2' title="bbox 504 575 2761 3316">
     <span class='ocr_line' id='line_1_2' title="bbox 526 575 2761 663; baseline 0.001 -23"><span class='ocrx_word' id='word_1_6' title='bbox 526 577 755 640; x_wconf 87' lang='lat' dir='ltr'><strong>atticas</strong></span> <span class='ocrx_word' id='word_1_7' title='bbox 799 575 1084 656; x_wconf 85' lang='lat' dir='ltr'><strong>egrediar</strong></span> <span class='ocrx_word' id='word_1_8' title='bbox 1128 577 1473 658; x_wconf 81' lang='lat' dir='ltr'><strong>angustias.</strong></span> <span class='ocrx_word' id='word_1_9' title='bbox 1562 577 1855 645; x_wconf 78' lang='lat' dir='ltr'><strong>Jucunda</strong></span> <span class='ocrx_word' id='word_1_10' title='bbox 1898 578 2086 644; x_wconf 89' lang='lat' dir='ltr'><strong>lectio</strong></span> <span class='ocrx_word' id='word_1_11' title='bbox 2132 582 2250 658; x_wconf 88' lang='lat' dir='ltr'><strong>est,</strong></span> <span class='ocrx_word' id='word_1_12' title='bbox 2295 579 2436 663; x_wconf 89' lang='lat' dir='ltr'><strong>plus</strong></span> <span class='ocrx_word' id='word_1_13' title='bbox 2466 577 2761 645; x_wconf 84' lang='lat' dir='ltr'><strong>habitura</strong></span> 
     </span>
     <span class='ocr_line' id='line_1_3' title="bbox 526 659 2757 747; baseline 0.002 -23"><span class='ocrx_word' id='word_1_14' title='bbox 526 659 894 743; x_wconf 85' lang='lat' dir='ltr'><strong>voluptatis,</strong></span> <span class='ocrx_word' id='word_1_15' title='bbox 950 662 1005 724; x_wconf 88' lang='lat' dir='ltr'><strong>si</strong></span> <span class='ocrx_word' id='word_1_16' title='bbox 1048 661 1276 742; x_wconf 87' lang='lat' dir='ltr'><strong>gallica</strong></span> <span class='ocrx_word' id='word_1_17' title='bbox 1344 685 1570 729; x_wconf 84' lang='lat' dir='ltr'><strong>manus</strong></span> <span class='ocrx_word' id='word_1_18' title='bbox 1640 685 1764 728; x_wconf 89' lang='lat' dir='ltr'><strong>non</strong></span> <span class='ocrx_word' id='word_1_19' title='bbox 1827 668 2169 746; x_wconf 76' lang='lat' dir='ltr'>peccasset.</span> <span class='ocrx_word' id='word_1_20' title='bbox 2258 663 2527 747; x_wconf 82' lang='lat' dir='ltr'><strong>Scripsit</strong></span> <span class='ocrx_word' id='word_1_21' title='bbox 2596 663 2757 728; x_wconf 90' lang='lat' dir='ltr'><strong>enim</strong></span> 
     </span>
     <span class='ocr_line' id='line_1_4' title="bbox 525 747 2759 830; baseline 0 -20"><span class='ocrx_word' id='word_1_22' title='bbox 525 748 862 830; x_wconf 80' lang='lat' dir='ltr'><strong>impressor</strong></span> <span class='ocrx_word' id='word_1_23' title='bbox 927 747 1460 828; x_wconf 75' lang='lat' dir='ltr'><strong>depravatissimo.</strong></span> <span class='ocrx_word' id='word_1_24' title='bbox 1552 748 1816 826; x_wconf 80' lang='lat' dir='ltr'><strong>Quaere,</strong></span> <span class='ocrx_word' id='word_1_25' title='bbox 1861 772 2010 814; x_wconf 92' lang='lat' dir='ltr'><strong>num</strong></span> <span class='ocrx_word' id='word_1_26' title='bbox 2073 751 2159 814; x_wconf 91' lang='lat' dir='ltr'><strong>sit</strong></span> <span class='ocrx_word' id='word_1_27' title='bbox 2216 749 2387 815; x_wconf 91' lang='lat' dir='ltr'><strong>illius</strong></span> <span class='ocrx_word' id='word_1_28' title='bbox 2452 749 2759 822; x_wconf 83' lang='lat' dir='ltr'><strong>officinae,</strong></span> 
     </span>
     <span class='ocr_line' id='line_1_5' title="bbox 527 833 2759 916; baseline 0.001 -21"><span class='ocrx_word' id='word_1_29' title='bbox 527 833 705 914; x_wconf 89' lang='lat' dir='ltr'><strong>cujus</strong></span> <span class='ocrx_word' id='word_1_30' title='bbox 753 840 848 896; x_wconf 89' lang='lat' dir='ltr'><strong>est</strong></span> <span class='ocrx_word' id='word_1_31' title='bbox 895 833 1048 896; x_wconf 90' lang='lat' dir='ltr'><strong>illud</strong></span> <span class='ocrx_word' id='word_1_32' title='bbox 1096 839 1244 898; x_wconf 86' lang='lat' dir='ltr'><strong>ante</strong></span> <span class='ocrx_word' id='word_1_33' title='bbox 1293 833 1447 896; x_wconf 92' lang='lat' dir='ltr'><strong>mihi</strong></span> <span class='ocrx_word' id='word_1_34' title='bbox 1492 836 1695 898; x_wconf 89' lang='lat' dir='ltr'><strong>visum</strong></span> <span class='ocrx_word' id='word_1_35' title='bbox 1743 835 1908 916; x_wconf 90' lang='lat' dir='ltr'><strong>quod</strong></span> <span class='ocrx_word' id='word_1_36' title='bbox 1957 841 2092 900; x_wconf 87' lang='lat' dir='ltr'><strong>erat</strong></span> <span class='ocrx_word' id='word_1_37' title='bbox 2140 833 2371 900; x_wconf 89' lang='lat' dir='ltr'><strong>Gecusi</strong></span> <span class='ocrx_word' id='word_1_38' title='bbox 2434 836 2759 916; x_wconf 81' lang='lat' dir='ltr'><strong>Digestum</strong></span> 
     </span>
     <span class='ocr_line' id='line_1_6' title="bbox 525 919 2761 998; baseline 0.002 -18"><span class='ocrx_word' id='word_1_39' title='bbox 525 921 812 998; x_wconf 79' lang='lat' dir='ltr'><strong>novum3¹</strong></span> <span class='ocrx_word' id='word_1_40' title='bbox 892 920 1038 982; x_wconf 83' lang='lat' dir='ltr'><strong>item</strong></span> <span class='ocrx_word' id='word_1_41' title='bbox 1108 941 1186 981; x_wconf 88' lang='lat' dir='ltr'><strong>an</strong></span> <span class='ocrx_word' id='word_1_42' title='bbox 1264 919 1686 983; x_wconf 82' lang='lat' dir='ltr'><strong>Deibacchus²</strong></span> <span class='ocrx_word' id='word_1_43' title='bbox 1762 921 1969 985; x_wconf 89' lang='lat' dir='ltr'><strong>adhuc</strong></span> <span class='ocrx_word' id='word_1_44' title='bbox 2043 923 2450 986; x_wconf 79' lang='lat' dir='ltr'><strong>recentiorem</strong></span> <span class='ocrx_word' id='word_1_45' title='bbox 2528 920 2761 984; x_wconf 86' lang='lat' dir='ltr'><strong>habeat</strong></span> 
     </span>
     <span class='ocr_line' id='line_1_7' title="bbox 524 1003 2759 1089; baseline 0.001 -23"><span class='ocrx_word' id='word_1_46' title='bbox 524 1005 883 1068; x_wconf 76' lang='lat' dir='ltr'><strong>editionem.</strong></span> <span class='ocrx_word' id='word_1_47' title='bbox 973 1004 1032 1068; x_wconf 89' lang='lat' dir='ltr'><strong>Is</strong></span> <span class='ocrx_word' id='word_1_48' title='bbox 1079 1027 1260 1068; x_wconf 87' lang='lat' dir='ltr'><strong>suum</strong></span> <span class='ocrx_word' id='word_1_49' title='bbox 1324 1003 1566 1087; x_wconf 86' lang='lat' dir='ltr'><strong>Corpus</strong></span> <span class='ocrx_word' id='word_1_50' title='bbox 1626 1005 1787 1087; x_wconf 88' lang='lat' dir='ltr'><strong>juris</strong></span> <span class='ocrx_word' id='word_1_51' title='bbox 1856 1007 2237 1089; x_wconf 80' lang='lat' dir='ltr'><strong>Agrippinae</strong></span> <span class='ocrx_word' id='word_1_52' title='bbox 2302 1011 2581 1088; x_wconf 88' lang='lat' dir='ltr'><strong>emptum</strong></span> <span class='ocrx_word' id='word_1_53' title='bbox 2648 1006 2759 1070; x_wconf 88' lang='lat' dir='ltr'><strong>ad-</strong></span> 
     </span>
     <span class='ocr_line' id='line_1_8' title="bbox 525 1089 2755 1174; baseline 0.001 -22"><span class='ocrx_word' id='word_1_54' title='bbox 525 1089 934 1154; x_wconf 84' lang='lat' dir='ltr'><strong>mirabundus</strong></span> <span class='ocrx_word' id='word_1_55' title='bbox 977 1090 1402 1172; x_wconf 86' lang='lat' dir='ltr'><strong>praedicabat.</strong></span> <span class='ocrx_word' id='word_1_56' title='bbox 1498 1091 1673 1172; x_wconf 84' lang='lat' dir='ltr'><strong>„Ohe</strong></span> <span class='ocrx_word' id='word_1_57' title='bbox 1698 1091 1825 1173; x_wconf 89' lang='lat' dir='ltr'><strong>jam</strong></span> <span class='ocrx_word' id='word_1_58' title='bbox 1860 1091 2017 1155; x_wconf 87' lang='lat' dir='ltr'><strong>satis</strong></span> <span class='ocrx_word' id='word_1_59' title='bbox 2063 1089 2253 1156; x_wconf 80' lang='lat' dir='ltr'><strong>est.“⁸</strong></span> <span class='ocrx_word' id='word_1_60' title='bbox 2339 1091 2561 1174; x_wconf 85' lang='lat' dir='ltr'><strong>Neque</strong></span> <span class='ocrx_word' id='word_1_61' title='bbox 2590 1092 2755 1155; x_wconf 88' lang='lat' dir='ltr'><strong>enim</strong></span> 
     </span>
     <span class='ocr_line' id='line_1_9' title="bbox 523 1175 2755 1258; baseline 0 -19"><span class='ocrx_word' id='word_1_62' title='bbox 523 1176 841 1256; x_wconf 85' lang='lat' dir='ltr'><strong>eulogium</strong></span> <span class='ocrx_word' id='word_1_63' title='bbox 916 1181 1084 1239; x_wconf 86' lang='lat' dir='ltr'><strong>texo.</strong></span> <span class='ocrx_word' id='word_1_64' title='bbox 1192 1175 1338 1254; x_wconf 88' lang='lat' dir='ltr'><strong>Dic,</strong></span> <span class='ocrx_word' id='word_1_65' title='bbox 1413 1177 1506 1240; x_wconf 89' lang='lat' dir='ltr'><strong>vir</strong></span> <span class='ocrx_word' id='word_1_66' title='bbox 1580 1179 1837 1258; x_wconf 83' lang='lat' dir='ltr'><strong>optime,</strong></span> <span class='ocrx_word' id='word_1_67' title='bbox 1914 1199 2065 1242; x_wconf 88' lang='lat' dir='ltr'><strong>num</strong></span> <span class='ocrx_word' id='word_1_68' title='bbox 2140 1179 2298 1242; x_wconf 88' lang='lat' dir='ltr'><strong>satis</strong></span> <span class='ocrx_word' id='word_1_69' title='bbox 2372 1178 2459 1242; x_wconf 89' lang='lat' dir='ltr'><strong>sit</strong></span> <span class='ocrx_word' id='word_1_70' title='bbox 2521 1176 2755 1240; x_wconf 83' lang='lat' dir='ltr'><strong>fact-um</strong></span> 
     </span>
     <span class='ocr_line' id='line_1_10' title="bbox 521 1259 2759 1345; baseline 0 -21"><span class='ocrx_word' id='word_1_71' title='bbox 521 1259 900 1326; x_wconf 83' lang='lat' dir='ltr'><strong>Sebastiano</strong></span> <span class='ocrx_word' id='word_1_72' title='bbox 956 1259 1257 1325; x_wconf 63' lang='lat' dir='ltr'><strong>Rhodia*</strong></span> <span class='ocrx_word' id='word_1_73' title='bbox 1345 1259 1605 1344; x_wconf 83' lang='lat' dir='ltr'><strong>Schylo⁵</strong></span> <span class='ocrx_word' id='word_1_74' title='bbox 1668 1268 1855 1342; x_wconf 88' lang='lat' dir='ltr'><strong>tacet,</strong></span> <span class='ocrx_word' id='word_1_75' title='bbox 1924 1268 2347 1328; x_wconf 84' lang='lat' dir='ltr'><strong>veteratorum</strong></span> <span class='ocrx_word' id='word_1_76' title='bbox 2414 1264 2759 1345; x_wconf 86' lang='lat' dir='ltr'><strong>pessimus;</strong></span> 
     </span>
     <span class='ocr_line' id='line_1_11' title="bbox 515 1346 2761 1430; baseline 0.001 -20"><span class='ocrx_word' id='word_1_77' title='bbox 515 1346 643 1429; x_wconf 82' lang='lat' dir='ltr'><strong>jam</strong></span> <span class='ocrx_word' id='word_1_78' title='bbox 714 1346 979 1430; x_wconf 85' lang='lat' dir='ltr'><strong>percipit</strong></span> <span class='ocrx_word' id='word_1_79' title='bbox 1044 1368 1214 1427; x_wconf 83' lang='lat' dir='ltr'><strong>mea3</strong></span> <span class='ocrx_word' id='word_1_80' title='bbox 1283 1347 1470 1411; x_wconf 87' lang='lat' dir='ltr'><strong>callet</strong></span> <span class='ocrx_word' id='word_1_81' title='bbox 1533 1349 1612 1410; x_wconf 84' lang='lat' dir='ltr'><strong>ad</strong></span> <span class='ocrx_word' id='word_1_82' title='bbox 1681 1370 1863 1412; x_wconf 89' lang='lat' dir='ltr'><strong>suum</strong></span> <span class='ocrx_word' id='word_1_83' title='bbox 1932 1355 2290 1430; x_wconf 88' lang='lat' dir='ltr'><strong>quaestum,</strong></span> <span class='ocrx_word' id='word_1_84' title='bbox 2355 1348 2512 1414; x_wconf 88' lang='lat' dir='ltr'><strong>mihi</strong></span> <span class='ocrx_word' id='word_1_85' title='bbox 2580 1348 2761 1412; x_wconf 86' lang='lat' dir='ltr'><strong>dabit</strong></span> 
     </span>
     <span class='ocr_line' id='line_1_12' title="bbox 520 1428 2756 1518; baseline 0.001 -24"><span class='ocrx_word' id='word_1_86' title='bbox 520 1432 790 1496; x_wconf 85' lang='lat' dir='ltr'><strong>nebulae</strong></span> <span class='ocrx_word' id='word_1_87' title='bbox 833 1431 1130 1513; x_wconf 82' lang='lat' dir='ltr'><strong>cyathum</strong></span> <span class='ocrx_word' id='word_1_88' title='bbox 1175 1436 1277 1494; x_wconf 72' lang='lat' dir='ltr'><strong>unt·</strong></span> <span class='ocrx_word' id='word_1_89' title='bbox 1327 1451 1426 1508; x_wconf 71' lang='lat' dir='ltr'><strong>cuju</strong></span> <span class='ocrx_word' id='word_1_90' title='bbox 1471 1436 1603 1495; x_wconf 74' lang='lat' dir='ltr'><strong>ham</strong></span> <span class='ocrx_word' id='word_1_91' title='bbox 1648 1437 1739 1495; x_wconf 72' lang='lat' dir='ltr'><strong>vul</strong></span> <span class='ocrx_word' id='word_1_92' title='bbox 1784 1453 2001 1514; x_wconf 67' lang='lat' dir='ltr'><strong>sptem.</strong></span> <span class='ocrx_word' id='word_1_93' title='bbox 2090 1428 2173 1518; x_wconf 57' lang='grc' dir='ltr'><strong>βε</strong></span> <span class='ocrx_word' id='word_1_94' title='bbox 2226 1433 2418 1496; x_wconf 72' lang='lat' dir='ltr'><strong>mcrtkt</strong></span> <span class='ocrx_word' id='word_1_95' title='bbox 2459 1432 2585 1508; x_wconf 72' lang='lat' dir='ltr'><strong>mid)</strong></span> <span class='ocrx_word' id='word_1_96' title='bbox 2629 1437 2756 1496; x_wconf 73' lang='lat' dir='ltr'><strong>mol.</strong></span> 
     </span>
     <span class='ocr_line' id='line_1_13' title="bbox 520 1516 2755 1594; baseline 0.001 -14"><span class='ocrx_word' id='word_1_97' title='bbox 520 1516 680 1594; x_wconf 85' lang='lat' dir='ltr'><strong>Quid</strong></span> <span class='ocrx_word' id='word_1_98' title='bbox 747 1518 1013 1582; x_wconf 85' lang='lat' dir='ltr'><strong>tradidit</strong></span> <span class='ocrx_word' id='word_1_99' title='bbox 1078 1516 1260 1582; x_wconf 88' lang='lat' dir='ltr'><strong>Titus</strong></span> <span class='ocrx_word' id='word_1_100' title='bbox 1327 1516 1645 1581; x_wconf 78' lang='lat' dir='ltr'><strong>Marius‘?⁶</strong></span> <span class='ocrx_word' id='word_1_101' title='bbox 1732 1517 1912 1582; x_wconf 88' lang='lat' dir='ltr'><strong>Dixit</strong></span> <span class='ocrx_word' id='word_1_102' title='bbox 1965 1541 2033 1583; x_wconf 89' lang='lat' dir='ltr'><strong>se</strong></span> <span class='ocrx_word' id='word_1_103' title='bbox 2086 1519 2311 1584; x_wconf 88' lang='lat' dir='ltr'><strong>debere</strong></span> <span class='ocrx_word' id='word_1_104' title='bbox 2373 1518 2452 1582; x_wconf 96' lang='lat' dir='ltr'><strong>IV</strong></span> <span class='ocrx_word' id='word_1_105' title='bbox 2515 1539 2755 1584; x_wconf 78' lang='lat' dir='ltr'><strong>aureos..</strong></span> 
     </span>
     <span class='ocr_line' id='line_1_14' title="bbox 516 1602 2760 1688; baseline 0.001 -22"><span class='ocrx_word' id='word_1_106' title='bbox 516 1603 710 1683; x_wconf 87' lang='lat' dir='ltr'><strong>Jussi,</strong></span> <span class='ocrx_word' id='word_1_107' title='bbox 786 1607 857 1667; x_wconf 89' lang='lat' dir='ltr'><strong>ut</strong></span> <span class='ocrx_word' id='word_1_108' title='bbox 926 1602 1049 1667; x_wconf 89' lang='lat' dir='ltr'><strong>tibi</strong></span> <span class='ocrx_word' id='word_1_109' title='bbox 1121 1603 1580 1668; x_wconf 85' lang='lat' dir='ltr'><strong>adnumeraret.</strong></span> <span class='ocrx_word' id='word_1_110' title='bbox 1701 1603 2121 1670; x_wconf 88' lang='lat' dir='ltr'><strong>Schalbonem</strong></span> <span class='ocrx_word' id='word_1_111' title='bbox 2194 1603 2454 1688; x_wconf 52' lang='lat' dir='ltr'><strong>accepis*</strong></span> <span class='ocrx_word' id='word_1_112' title='bbox 2560 1603 2760 1670; x_wconf 77' lang='lat' dir='ltr'><strong>Favet</strong></span> 
     </span>
     <span class='ocr_line' id='line_1_15' title="bbox 517 1688 2756 1858; baseline 0.001 -20"><span class='ocrx_word' id='word_1_113' title='bbox 517 1710 707 1840; x_wconf 55' lang='lat'><strong>{233¹</strong></span> <span class='ocrx_word' id='word_1_114' title='bbox 732 1688 1633 1858; x_wconf 52' lang='lat' dir='ltr'><strong>ffffiiussnssieflss‘tgeffiffskluffl</strong></span> <span class='ocrx_word' id='word_1_115' title='bbox 1675 1690 2756 1842; x_wconf 53' lang='lat' dir='ltr'><strong>¹321.ssssSoss‘sszffidlfiffssffiz·„0tssfi.</strong></span> 
     </span>
     <span class='ocr_line' id='line_1_16' title="bbox 518 1857 2757 1946; baseline 0 -22"><span class='ocrx_word' id='word_1_116' title='bbox 518 1883 646 1924; x_wconf 90' lang='lat' dir='ltr'><strong>cus.</strong></span> <span class='ocrx_word' id='word_1_117' title='bbox 761 1861 858 1924; x_wconf 90' lang='lat' dir='ltr'><strong>Ad</strong></span> <span class='ocrx_word' id='word_1_118' title='bbox 925 1857 1272 1944; x_wconf 81' lang='lat' dir='ltr'><strong>Petrejum⁸</strong></span> <span class='ocrx_word' id='word_1_119' title='bbox 1337 1861 1391 1924; x_wconf 88' lang='lat' dir='ltr'><strong>si</strong></span> <span class='ocrx_word' id='word_1_120' title='bbox 1460 1861 1653 1924; x_wconf 87' lang='lat' dir='ltr'><strong>frater</strong></span> <span class='ocrx_word' id='word_1_121' title='bbox 1726 1861 1906 1926; x_wconf 87' lang='lat' dir='ltr'><strong>dabit</strong></span> <span class='ocrx_word' id='word_1_122' title='bbox 1980 1863 2213 1940; x_wconf 73' lang='lat' dir='ltr'><strong>literaS,</strong></span> <span class='ocrx_word' id='word_1_123' title='bbox 2280 1862 2621 1946; x_wconf 85' lang='lat' dir='ltr'><strong>jungemus</strong></span> <span class='ocrx_word' id='word_1_124' title='bbox 2693 1867 2757 1924; x_wconf 90' lang='lat' dir='ltr'><strong>et</strong></span> 
     </span>
     <span class='ocr_line' id='line_1_17' title="bbox 517 1946 2757 2029; baseline -0 -18"><span class='ocrx_word' id='word_1_125' title='bbox 517 1952 783 2011; x_wconf 85' lang='lat' dir='ltr'><strong>nostras.</strong></span> <span class='ocrx_word' id='word_1_126' title='bbox 899 1946 1010 2009; x_wconf 92' lang='lat' dir='ltr'><strong>Ille</strong></span> <span class='ocrx_word' id='word_1_127' title='bbox 1077 1946 1317 2010; x_wconf 87' lang='lat' dir='ltr'><strong>latinus</strong></span> <span class='ocrx_word' id='word_1_128' title='bbox 1380 1951 1444 2010; x_wconf 86' lang='lat' dir='ltr'><strong>et</strong></span> <span class='ocrx_word' id='word_1_129' title='bbox 1506 1953 1734 2011; x_wconf 88' lang='lat' dir='ltr'><strong>acutus</strong></span> <span class='ocrx_word' id='word_1_130' title='bbox 1797 1947 1985 2012; x_wconf 91' lang='lat' dir='ltr'><strong>homo</strong></span> <span class='ocrx_word' id='word_1_131' title='bbox 2053 1969 2178 2012; x_wconf 92' lang='lat' dir='ltr'><strong>non</strong></span> <span class='ocrx_word' id='word_1_132' title='bbox 2252 1948 2455 2029; x_wconf 85' lang='lat' dir='ltr'><strong>gratis</strong></span> <span class='ocrx_word' id='word_1_133' title='bbox 2526 1947 2757 2010; x_wconf 87' lang='lat' dir='ltr'><strong>serviet</strong></span> 
     </span>
     <span class='ocr_line' id='line_1_18' title="bbox 517 2031 2757 2116; baseline 0 -20"><span class='ocrx_word' id='word_1_134' title='bbox 517 2033 807 2098; x_wconf 91' lang='lat' dir='ltr'><strong>dominae</strong></span> <span class='ocrx_word' id='word_1_135' title='bbox 851 2031 1106 2096; x_wconf 91' lang='lat' dir='ltr'><strong>Romae.</strong></span> <span class='ocrx_word' id='word_1_136' title='bbox 1195 2031 1570 2114; x_wconf 90' lang='lat' dir='ltr'><strong>Impetrabit</strong></span> <span class='ocrx_word' id='word_1_137' title='bbox 1612 2032 1949 2098; x_wconf 88' lang='lat' dir='ltr'><strong>Vaticanas</strong></span> <span class='ocrx_word' id='word_1_138' title='bbox 1992 2034 2233 2116; x_wconf 84' lang='lat' dir='ltr'><strong>gratias</strong></span> <span class='ocrx_word' id='word_1_139' title='bbox 2276 2038 2342 2098; x_wconf 90' lang='lat' dir='ltr'><strong>et</strong></span> <span class='ocrx_word' id='word_1_140' title='bbox 2384 2038 2606 2115; x_wconf 85' lang='lat' dir='ltr'><strong>gratus</strong></span> <span class='ocrx_word' id='word_1_141' title='bbox 2636 2033 2757 2096; x_wconf 89' lang='lat' dir='ltr'><strong>erit</strong></span> 
     </span>
     <span class='ocr_line' id='line_1_19' title="bbox 513 2117 2751 2208; baseline -0 -26"><span class='ocrx_word' id='word_1_142' title='bbox 513 2118 894 2201; x_wconf 87' lang='lat' dir='ltr'><strong>primoribus</strong></span> <span class='ocrx_word' id='word_1_143' title='bbox 957 2117 1225 2182; x_wconf 87' lang='lat' dir='ltr'><strong>Martiae</strong></span> <span class='ocrx_word' id='word_1_144' title='bbox 1289 2118 1530 2182; x_wconf 86' lang='lat' dir='ltr'><strong>turbae.</strong></span> <span class='ocrx_word' id='word_1_145' title='bbox 1619 2117 1852 2183; x_wconf 86' lang='lat' dir='ltr'><strong>Janus⁹</strong></span> <span class='ocrx_word' id='word_1_146' title='bbox 1918 2125 2132 2184; x_wconf 86' lang='lat' dir='ltr'><strong>noster</strong></span> <span class='ocrx_word' id='word_1_147' title='bbox 2200 2120 2481 2184; x_wconf 88' lang='lat' dir='ltr'><strong>nondum</strong></span> <span class='ocrx_word' id='word_1_148' title='bbox 2549 2119 2751 2208; x_wconf 80' lang='lat' dir='ltr'><strong>rediit.</strong></span> 
     </span>
     <span class='ocr_line' id='line_1_20' title="bbox 514 2203 2753 2284; baseline 0 -16"><span class='ocrx_word' id='word_1_149' title='bbox 514 2203 584 2268; x_wconf 88' lang='lat' dir='ltr'><strong>Si</strong></span> <span class='ocrx_word' id='word_1_150' title='bbox 629 2205 743 2284; x_wconf 85' lang='lat' dir='ltr'><strong>vis,</strong></span> <span class='ocrx_word' id='word_1_151' title='bbox 790 2203 1054 2268; x_wconf 90' lang='lat' dir='ltr'><strong>habebis</strong></span> <span class='ocrx_word' id='word_1_152' title='bbox 1099 2226 1240 2268; x_wconf 90' lang='lat' dir='ltr'><strong>eum</strong></span> <span class='ocrx_word' id='word_1_153' title='bbox 1289 2203 1368 2266; x_wconf 91' lang='lat' dir='ltr'><strong>ad</strong></span> <span class='ocrx_word' id='word_1_154' title='bbox 1412 2203 1577 2268; x_wconf 89' lang='lat' dir='ltr'><strong>festa</strong></span> <span class='ocrx_word' id='word_1_155' title='bbox 1621 2204 1970 2269; x_wconf 85' lang='lat' dir='ltr'><strong>Paschalia.</strong></span> <span class='ocrx_word' id='word_1_156' title='bbox 2062 2205 2360 2270; x_wconf 85' lang='lat' dir='ltr'><strong>Ostendit</strong></span> <span class='ocrx_word' id='word_1_157' title='bbox 2393 2205 2547 2269; x_wconf 88' lang='lat' dir='ltr'><strong>mihi</strong></span> <span class='ocrx_word' id='word_1_158' title='bbox 2578 2210 2753 2268; x_wconf 86' lang='lat' dir='ltr'><strong>tuam</strong></span> 
     </span>
     <span class='ocr_line' id='line_1_21' title="bbox 513 2289 2751 2373; baseline -0.001 -19"><span class='ocrx_word' id='word_1_159' title='bbox 513 2290 591 2354; x_wconf 88' lang='lat' dir='ltr'><strong>ad</strong></span> <span class='ocrx_word' id='word_1_160' title='bbox 638 2312 704 2354; x_wconf 88' lang='lat' dir='ltr'><strong>se</strong></span> <span class='ocrx_word' id='word_1_161' title='bbox 749 2289 1099 2373; x_wconf 89' lang='lat' dir='ltr'><strong>epistolam,</strong></span> <span class='ocrx_word' id='word_1_162' title='bbox 1147 2291 1210 2354; x_wconf 91' lang='lat' dir='ltr'><strong>in</strong></span> <span class='ocrx_word' id='word_1_163' title='bbox 1258 2311 1384 2371; x_wconf 87' lang='lat' dir='ltr'><strong>qua</strong></span> <span class='ocrx_word' id='word_1_164' title='bbox 1428 2291 1805 2372; x_wconf 86' lang='lat' dir='ltr'><strong>promiseras</strong></span> <span class='ocrx_word' id='word_1_165' title='bbox 1846 2290 2144 2369; x_wconf 85' lang='lat' dir='ltr'><strong>officium,</strong></span> <span class='ocrx_word' id='word_1_166' title='bbox 2176 2291 2302 2356; x_wconf 90' lang='lat' dir='ltr'><strong>nisi</strong></span> <span class='ocrx_word' id='word_1_167' title='bbox 2333 2291 2751 2354; x_wconf 87' lang='lat' dir='ltr'><strong>dissentirem.</strong></span> 
     </span>
     <span class='ocr_line' id='line_1_22' title="bbox 512 2375 2755 2460; baseline -0.001 -20"><span class='ocrx_word' id='word_1_168' title='bbox 512 2375 635 2454; x_wconf 82' lang='lat' dir='ltr'><strong>Qui</strong></span> <span class='ocrx_word' id='word_1_169' title='bbox 687 2396 943 2460; x_wconf 90' lang='lat' dir='ltr'><strong>possum</strong></span> <span class='ocrx_word' id='word_1_170' title='bbox 990 2397 1028 2440; x_wconf 86' lang='lat' dir='ltr'><strong>a</strong></span> <span class='ocrx_word' id='word_1_171' title='bbox 1071 2382 1134 2441; x_wconf 88' lang='lat' dir='ltr'><strong>te</strong></span> <span class='ocrx_word' id='word_1_172' title='bbox 1181 2376 1515 2440; x_wconf 87' lang='lat' dir='ltr'><strong>dissentire</strong></span> <span class='ocrx_word' id='word_1_173' title='bbox 1576 2376 1779 2440; x_wconf 85' lang='lat' dir='ltr'><strong>amico</strong></span> <span class='ocrx_word' id='word_1_174' title='bbox 1839 2376 2239 2442; x_wconf 81' lang='lat' dir='ltr'><strong>certissimo?</strong></span> <span class='ocrx_word' id='word_1_175' title='bbox 2328 2375 2525 2457; x_wconf 88' lang='lat' dir='ltr'><strong>Habe,</strong></span> <span class='ocrx_word' id='word_1_176' title='bbox 2590 2376 2755 2441; x_wconf 89' lang='lat' dir='ltr'><strong>habe</strong></span> 
     </span>
     <span class='ocr_line' id='line_1_23' title="bbox 510 2461 2753 2545; baseline 0 -19"><span class='ocrx_word' id='word_1_177' title='bbox 510 2463 630 2526; x_wconf 87' lang='lat' dir='ltr'><strong>tibi</strong></span> <span class='ocrx_word' id='word_1_178' title='bbox 699 2462 1076 2545; x_wconf 88' lang='lat' dir='ltr'><strong>municipem</strong></span> <span class='ocrx_word' id='word_1_179' title='bbox 1131 2462 1521 2526; x_wconf 84' lang='lat' dir='ltr'><strong>acerrimum.</strong></span> <span class='ocrx_word' id='word_1_180' title='bbox 1614 2461 1809 2545; x_wconf 87' lang='lat' dir='ltr'><strong>Cujus</strong></span> <span class='ocrx_word' id='word_1_181' title='bbox 1864 2464 2113 2528; x_wconf 84' lang='lat' dir='ltr'><strong>animus</strong></span> <span class='ocrx_word' id='word_1_182' title='bbox 2171 2463 2312 2528; x_wconf 89' lang='lat' dir='ltr'><strong>ideo</strong></span> <span class='ocrx_word' id='word_1_183' title='bbox 2372 2463 2673 2528; x_wconf 89' lang='lat' dir='ltr'><strong>abhorret</strong></span> <span class='ocrx_word' id='word_1_184' title='bbox 2715 2484 2753 2527; x_wconf 93' lang='lat' dir='ltr'><strong>a</strong></span> 
     </span>
     <span class='ocr_line' id='line_1_24' title="bbox 512 2547 2751 2632; baseline 0.001 -21"><span class='ocrx_word' id='word_1_185' title='bbox 512 2547 1016 2631; x_wconf 83' lang='lat' dir='ltr'><strong>Tranquillitate,</strong></span> <span class='ocrx_word' id='word_1_186' title='bbox 1086 2548 1256 2629; x_wconf 90' lang='lat' dir='ltr'><strong>quod</strong></span> <span class='ocrx_word' id='word_1_187' title='bbox 1316 2548 1378 2610; x_wconf 91' lang='lat' dir='ltr'><strong>in</strong></span> <span class='ocrx_word' id='word_1_188' title='bbox 1436 2548 1587 2612; x_wconf 88' lang='lat' dir='ltr'><strong>ludo</strong></span> <span class='ocrx_word' id='word_1_189' title='bbox 1649 2548 1917 2613; x_wconf 88' lang='lat' dir='ltr'><strong>scholari</strong></span> <span class='ocrx_word' id='word_1_190' title='bbox 1976 2549 2054 2613; x_wconf 88' lang='lat' dir='ltr'><strong>ad</strong></span> <span class='ocrx_word' id='word_1_191' title='bbox 2116 2549 2355 2615; x_wconf 88' lang='lat' dir='ltr'><strong>alienas</strong></span> <span class='ocrx_word' id='word_1_192' title='bbox 2421 2550 2751 2632; x_wconf 89' lang='lat' dir='ltr'><strong>opiniones</strong></span> 
     </span>
     <span class='ocr_line' id='line_1_25' title="bbox 511 2632 2751 2717; baseline -0 -19"><span class='ocrx_word' id='word_1_193' title='bbox 511 2635 819 2698; x_wconf 81' lang='lat' dir='ltr'><strong>sodalium</strong></span> <span class='ocrx_word' id='word_1_194' title='bbox 893 2635 1172 2698; x_wconf 90' lang='lat' dir='ltr'><strong>moribus</strong></span> <span class='ocrx_word' id='word_1_195' title='bbox 1239 2639 1306 2697; x_wconf 86' lang='lat' dir='ltr'><strong>et</strong></span> <span class='ocrx_word' id='word_1_196' title='bbox 1371 2636 1500 2698; x_wconf 89' lang='lat' dir='ltr'><strong>vita</strong></span> <span class='ocrx_word' id='word_1_197' title='bbox 1579 2632 2025 2699; x_wconf 87' lang='lat' dir='ltr'><strong>bacchantium</strong></span> <span class='ocrx_word' id='word_1_198' title='bbox 2094 2635 2551 2717; x_wconf 88' lang='lat' dir='ltr'><strong>praeformatus</strong></span> <span class='ocrx_word' id='word_1_199' title='bbox 2615 2656 2751 2698; x_wconf 88' lang='lat' dir='ltr'><strong>esse</strong></span> 
     </span>
     <span class='ocr_line' id='line_1_26' title="bbox 509 2719 2751 2802; baseline 0 -19"><span class='ocrx_word' id='word_1_200' title='bbox 509 2720 811 2783; x_wconf 83' lang='lat' dir='ltr'><strong>videatur.</strong></span> <span class='ocrx_word' id='word_1_201' title='bbox 901 2720 1034 2785; x_wconf 91' lang='lat' dir='ltr'><strong>Hoc</strong></span> <span class='ocrx_word' id='word_1_202' title='bbox 1095 2724 1308 2783; x_wconf 87' lang='lat' dir='ltr'><strong>tamen</strong></span> <span class='ocrx_word' id='word_1_203' title='bbox 1363 2720 1438 2783; x_wconf 90' lang='lat' dir='ltr'><strong>de</strong></span> <span class='ocrx_word' id='word_1_204' title='bbox 1499 2741 1573 2785; x_wconf 89' lang='lat' dir='ltr'><strong>eo</strong></span> <span class='ocrx_word' id='word_1_205' title='bbox 1630 2720 1934 2802; x_wconf 83' lang='lat' dir='ltr'><strong>judicium</strong></span> <span class='ocrx_word' id='word_1_206' title='bbox 2001 2742 2207 2785; x_wconf 90' lang='lat' dir='ltr'><strong>meum</strong></span> <span class='ocrx_word' id='word_1_207' title='bbox 2274 2721 2529 2785; x_wconf 68' lang='lat' dir='ltr'><strong>celabis</strong></span> <span class='ocrx_word' id='word_1_208' title='bbox 2616 2719 2751 2802; x_wconf 89' lang='lat' dir='ltr'><strong>Ego</strong></span> 
     </span>
     <span class='ocr_line' id='line_1_27' title="bbox 513 2805 2747 2888; baseline 0 -19"><span class='ocrx_word' id='word_1_209' title='bbox 513 2806 676 2869; x_wconf 85' lang='lat' dir='ltr'><strong>dabo</strong></span> <span class='ocrx_word' id='word_1_210' title='bbox 723 2827 998 2888; x_wconf 85' lang='lat' dir='ltr'><strong>operam,</strong></span> <span class='ocrx_word' id='word_1_211' title='bbox 1043 2811 1117 2870; x_wconf 89' lang='lat' dir='ltr'><strong>ut</strong></span> <span class='ocrx_word' id='word_1_212' title='bbox 1162 2805 1237 2869; x_wconf 92' lang='lat' dir='ltr'><strong>de</strong></span> <span class='ocrx_word' id='word_1_213' title='bbox 1281 2805 1563 2869; x_wconf 88' lang='lat' dir='ltr'><strong>mercede</strong></span> <span class='ocrx_word' id='word_1_214' title='bbox 1596 2807 1894 2887; x_wconf 87' lang='lat' dir='ltr'><strong>conqueri</strong></span> <span class='ocrx_word' id='word_1_215' title='bbox 1932 2827 2055 2870; x_wconf 90' lang='lat' dir='ltr'><strong>non</strong></span> <span class='ocrx_word' id='word_1_216' title='bbox 2092 2808 2309 2888; x_wconf 89' lang='lat' dir='ltr'><strong>possit.</strong></span> <span class='ocrx_word' id='word_1_217' title='bbox 2385 2806 2559 2871; x_wconf 88' lang='lat' dir='ltr'><strong>Bene</strong></span> <span class='ocrx_word' id='word_1_218' title='bbox 2589 2808 2747 2870; x_wconf 90' lang='lat' dir='ltr'><strong>vale.</strong></span> 
     </span>
     <span class='ocr_line' id='line_1_28' title="bbox 508 2890 2745 2975; baseline -0 -21"><span class='ocrx_word' id='word_1_219' title='bbox 508 2892 602 2955; x_wconf 90' lang='lat' dir='ltr'><strong>Ex</strong></span> <span class='ocrx_word' id='word_1_220' title='bbox 671 2890 896 2956; x_wconf 85' lang='lat' dir='ltr'><strong>Gotha.</strong></span> <span class='ocrx_word' id='word_1_221' title='bbox 992 2891 1307 2975; x_wconf 88' lang='lat' dir='ltr'><strong>Exspecto</strong></span> <span class='ocrx_word' id='word_1_222' title='bbox 1369 2892 1789 2975; x_wconf 83' lang='lat' dir='ltr'><strong>syngrapham</strong></span> <span class='ocrx_word' id='word_1_223' title='bbox 1859 2892 2115 2956; x_wconf 82' lang='lat' dir='ltr'><strong>vineti&#39;‘&#39;</strong></span> <span class='ocrx_word' id='word_1_224' title='bbox 2179 2894 2449 2974; x_wconf 88' lang='lat' dir='ltr'><strong>abrupto</strong></span> <span class='ocrx_word' id='word_1_225' title='bbox 2518 2892 2745 2975; x_wconf 85' lang='lat' dir='ltr'><strong>sigillo,</strong></span> 
     </span>
     <span class='ocr_line' id='line_1_29' title="bbox 507 2976 2745 3060; baseline 0 -19"><span class='ocrx_word' id='word_1_226' title='bbox 507 2976 666 3043; x_wconf 88' lang='lat' dir='ltr'><strong>Nam</strong></span> <span class='ocrx_word' id='word_1_227' title='bbox 732 2978 940 3042; x_wconf 86' lang='lat' dir='ltr'><strong>veniet</strong></span> <span class='ocrx_word' id='word_1_228' title='bbox 999 2983 1243 3059; x_wconf 82' lang='lat' dir='ltr'><strong>emptor</strong></span> <span class='ocrx_word' id='word_1_229' title='bbox 1286 2976 1366 3041; x_wconf 87' lang='lat' dir='ltr'><strong>ad</strong></span> <span class='ocrx_word' id='word_1_230' title='bbox 1411 2998 1529 3040; x_wconf 90' lang='lat' dir='ltr'><strong>me.</strong></span> <span class='ocrx_word' id='word_1_231' title='bbox 1618 2978 1775 3041; x_wconf 83' lang='lat' dir='ltr'><strong>Item</strong></span> <span class='ocrx_word' id='word_1_232' title='bbox 1844 2977 2033 3043; x_wconf 88' lang='lat' dir='ltr'><strong>redde</strong></span> <span class='ocrx_word' id='word_1_233' title='bbox 2095 2979 2428 3060; x_wconf 86' lang='lat' dir='ltr'><strong>epist-olam</strong></span> <span class='ocrx_word' id='word_1_234' title='bbox 2498 2978 2745 3058; x_wconf 85' lang='lat' dir='ltr'><strong>Degen-</strong></span> 
     </span>
     <span class='ocr_line' id='line_1_30' title="bbox 507 3062 2748 3145; baseline 0 -18"><span class='ocrx_word' id='word_1_235' title='bbox 507 3062 746 3127; x_wconf 86' lang='lat' dir='ltr'><strong>hardi¹¹</strong></span> <span class='ocrx_word' id='word_1_236' title='bbox 798 3070 862 3127; x_wconf 90' lang='lat' dir='ltr'><strong>et</strong></span> <span class='ocrx_word' id='word_1_237' title='bbox 907 3064 1155 3145; x_wconf 82' lang='lat' dir='ltr'><strong>Pet-reji.</strong></span> <span class='ocrx_word' id='word_1_238' title='bbox 1247 3062 1409 3140; x_wconf 85' lang='lat' dir='ltr'><strong>Quid</strong></span> <span class='ocrx_word' id='word_1_239' title='bbox 1456 3065 1656 3126; x_wconf 87' lang='lat' dir='ltr'><strong>sentis</strong></span> <span class='ocrx_word' id='word_1_240' title='bbox 1700 3063 1775 3126; x_wconf 91' lang='lat' dir='ltr'><strong>de</strong></span> <span class='ocrx_word' id='word_1_241' title='bbox 1825 3062 2225 3127; x_wconf 82' lang='lat' dir='ltr'><strong>Musardo‘?¹²</strong></span> <span class='ocrx_word' id='word_1_242' title='bbox 2315 3062 2406 3127; x_wconf 89' lang='lat' dir='ltr'><strong>Tu</strong></span> <span class='ocrx_word' id='word_1_243' title='bbox 2442 3086 2511 3127; x_wconf 89' lang='lat' dir='ltr'><strong>es</strong></span> <span class='ocrx_word' id='word_1_244' title='bbox 2544 3064 2748 3127; x_wconf 85' lang='lat' dir='ltr'><strong>bonus</strong></span> 
     </span>
     <span class='ocr_line' id='line_1_31' title="bbox 506 3148 2748 3230; baseline -0.001 -18"><span class='ocrx_word' id='word_1_245' title='bbox 506 3150 715 3223; x_wconf 84' lang='lat' dir='ltr'><strong>hom0,</strong></span> <span class='ocrx_word' id='word_1_246' title='bbox 774 3150 883 3213; x_wconf 91' lang='lat' dir='ltr'><strong>sed</strong></span> <span class='ocrx_word' id='word_1_247' title='bbox 947 3151 1154 3213; x_wconf 89' lang='lat' dir='ltr'><strong>minus</strong></span> <span class='ocrx_word' id='word_1_248' title='bbox 1210 3154 1376 3213; x_wconf 89' lang='lat' dir='ltr'><strong>recte</strong></span> <span class='ocrx_word' id='word_1_249' title='bbox 1424 3148 1673 3230; x_wconf 87' lang='lat' dir='ltr'><strong>judicas</strong></span> <span class='ocrx_word' id='word_1_250' title='bbox 1727 3150 1805 3212; x_wconf 91' lang='lat' dir='ltr'><strong>de</strong></span> <span class='ocrx_word' id='word_1_251' title='bbox 1858 3149 2241 3213; x_wconf 68' lang='lat' dir='ltr'><strong>hominibus</strong></span> <span class='ocrx_word' id='word_1_252' title='bbox 2334 3148 2569 3215; x_wconf 88' lang='lat' dir='ltr'><strong>Omnes</strong></span> <span class='ocrx_word' id='word_1_253' title='bbox 2625 3149 2748 3212; x_wconf 87' lang='lat' dir='ltr'><strong>tibi</strong></span> 
     </span>
     <span class='ocr_line' id='line_1_32' title="bbox 504 3234 2749 3316; baseline -0.001 -17"><span class='ocrx_word' id='word_1_254' title='bbox 504 3237 740 3299; x_wconf 88' lang='lat' dir='ltr'><strong>similes</strong></span> <span class='ocrx_word' id='word_1_255' title='bbox 804 3239 1010 3316; x_wconf 66' lang='lat' dir='ltr'><strong>putas</strong></span> <span class='ocrx_word' id='word_1_256' title='bbox 1115 3234 1272 3299; x_wconf 91' lang='lat' dir='ltr'><strong>Mihi</strong></span> <span class='ocrx_word' id='word_1_257' title='bbox 1337 3235 1464 3298; x_wconf 85' lang='lat' dir='ltr'><strong>alia</strong></span> <span class='ocrx_word' id='word_1_258' title='bbox 1527 3258 1707 3299; x_wconf 89' lang='lat' dir='ltr'><strong>mens</strong></span> <span class='ocrx_word' id='word_1_259' title='bbox 1770 3240 1884 3298; x_wconf 88' lang='lat' dir='ltr'><strong>est.</strong></span> <span class='ocrx_word' id='word_1_260' title='bbox 1981 3234 2145 3299; x_wconf 88' lang='lat' dir='ltr'><strong>Novi</strong></span> <span class='ocrx_word' id='word_1_261' title='bbox 2209 3235 2529 3313; x_wconf 77' lang='lat' dir='ltr'><strong>candidos,</strong></span> <span class='ocrx_word' id='word_1_262' title='bbox 2599 3235 2749 3298; x_wconf 88' lang='lat' dir='ltr'><strong>novi</strong></span> 
     </span>
    </p>
   </div>
   <div class='ocr_carea' id='block_1_3' title="bbox 508 3318 2520 3459">
    <p class='ocr_par' dir='ltr' id='par_1_3' title="bbox 508 3318 2520 3459">
     <span class='ocr_line' id='line_1_33' title="bbox 508 3318 2520 3403; baseline -0.001 -18"><span class='ocrx_word' id='word_1_263' title='bbox 508 3323 738 3403; x_wconf 87' lang='lat' dir='ltr'><strong>nigros.</strong></span> <span class='ocrx_word' id='word_1_264' title='bbox 829 3320 1043 3398; x_wconf 87' lang='lat' dir='ltr'><strong>Parce,</strong></span> <span class='ocrx_word' id='word_1_265' title='bbox 1090 3318 1328 3403; x_wconf 80' lang='lat' dir='ltr'><strong>pater&#39;⁸</strong></span> <span class='ocrx_word' id='word_1_266' title='bbox 1376 3329 1438 3384; x_wconf 91' lang='lat' dir='ltr'><strong>et</strong></span> <span class='ocrx_word' id='word_1_267' title='bbox 1483 3321 1735 3384; x_wconf 90' lang='lat' dir='ltr'><strong>domine</strong></span> <span class='ocrx_word' id='word_1_268' title='bbox 1780 3325 2012 3399; x_wconf 85' lang='lat' dir='ltr'><strong>noster,</strong></span> <span class='ocrx_word' id='word_1_269' title='bbox 2060 3326 2122 3385; x_wconf 89' lang='lat' dir='ltr'><strong>et</strong></span> <span class='ocrx_word' id='word_1_270' title='bbox 2168 3322 2308 3387; x_wconf 88' lang='lat' dir='ltr'><strong>vive</strong></span> <span class='ocrx_word' id='word_1_271' title='bbox 2352 3320 2520 3385; x_wconf 85' lang='lat' dir='ltr'><strong>felix.</strong></span> 
     </span>
     <span class='ocr_line' id='line_1_34' title="bbox 808 3402 1257 3459; baseline -0.004 -2"><span class='ocrx_word' id='word_1_272' title='bbox 808 3404 932 3457; x_wconf 85' lang='lat' dir='ltr'><strong>Cod.</strong></span> <span class='ocrx_word' id='word_1_273' title='bbox 972 3402 1102 3459; x_wconf 82' lang='lat' dir='ltr'><strong>Fref.</strong></span> <span class='ocrx_word' id='word_1_274' title='bbox 1141 3404 1257 3457; x_wconf 81' lang='lat'><strong>357.</strong></span> 
     </span>
    </p>
   </div>
   <div class='ocr_carea' id='block_1_4' title="bbox 501 3494 909 3505">
    <p class='ocr_par' dir='ltr' id='par_1_4' title="bbox 501 3494 909 3505">
     <span class='ocr_line' id='line_1_35' title="bbox 501 3494 909 3505; baseline 0 1390"><span class='ocrx_word' id='word_1_275' title='bbox 501 3494 909 3505; x_wconf 95' lang='lat' dir='ltr'><strong> </strong></span> 
     </span>
    </p>
   </div>
   <div class='ocr_carea' id='block_1_5' title="bbox 495 3523 2747 4484">
    <p class='ocr_par' dir='ltr' id='par_1_5' title="bbox 495 3523 2747 4484">
     <span class='ocr_line' id='line_1_36' title="bbox 504 3523 2747 3596; baseline -0.001 -18"><span class='ocrx_word' id='word_1_276' title='bbox 504 3527 606 3594; x_wconf 93' lang='grc'><strong>(16.</strong></span> <span class='ocrx_word' id='word_1_277' title='bbox 642 3526 784 3596; x_wconf 86' lang='lat' dir='ltr'><strong>Jan.)</strong></span> <span class='ocrx_word' id='word_1_278' title='bbox 824 3542 918 3578; x_wconf 85' lang='lat' dir='ltr'><strong>vor</strong></span> <span class='ocrx_word' id='word_1_279' title='bbox 952 3524 1069 3578; x_wconf 87' lang='lat' dir='ltr'><strong>sich</strong></span> <span class='ocrx_word' id='word_1_280' title='bbox 1103 3524 1247 3577; x_wconf 89' lang='lat' dir='ltr'><strong>hatte</strong></span> <span class='ocrx_word' id='word_1_281' title='bbox 1283 3524 1390 3576; x_wconf 89' lang='lat' dir='ltr'><strong>und</strong></span> <span class='ocrx_word' id='word_1_282' title='bbox 1426 3540 1483 3577; x_wconf 90' lang='lat' dir='ltr'><strong>es</strong></span> <span class='ocrx_word' id='word_1_283' title='bbox 1519 3524 1667 3576; x_wconf 89' lang='lat' dir='ltr'><strong>nicht</strong></span> <span class='ocrx_word' id='word_1_284' title='bbox 1698 3523 1842 3577; x_wconf 89' lang='lat' dir='ltr'><strong>lesen</strong></span> <span class='ocrx_word' id='word_1_285' title='bbox 1876 3524 2080 3577; x_wconf 83' lang='lat' dir='ltr'><strong>konnte.</strong></span> <span class='ocrx_word' id='word_1_286' title='bbox 2152 3523 2251 3576; x_wconf 91' lang='lat' dir='ltr'><strong>Die</strong></span> <span class='ocrx_word' id='word_1_287' title='bbox 2287 3523 2400 3576; x_wconf 90' lang='lat' dir='ltr'><strong>Zeit</strong></span> <span class='ocrx_word' id='word_1_288' title='bbox 2434 3523 2613 3576; x_wconf 79' lang='lat' dir='ltr'><strong>wiirde</strong></span> <span class='ocrx_word' id='word_1_289' title='bbox 2647 3524 2747 3591; x_wconf 86' lang='lat' dir='ltr'><strong>gut</strong></span> 
     </span>
     <span class='ocr_line' id='line_1_37' title="bbox 502 3590 2743 3663; baseline -0.001 -14"><span class='ocrx_word' id='word_1_290' title='bbox 502 3596 762 3649; x_wconf 87' lang='lat' dir='ltr'><strong>stimmeu.</strong></span> <span class='ocrx_word' id='word_1_291' title='bbox 905 3598 920 3626; x_wconf 89' lang='lat'>¹</span> <span class='ocrx_word' id='word_1_292' title='bbox 957 3593 1074 3663; x_wconf 87' lang='lat' dir='ltr'><strong>Vgl.</strong></span> <span class='ocrx_word' id='word_1_293' title='bbox 1113 3592 1201 3648; x_wconf 91' lang='lat' dir='ltr'><strong>Br.</strong></span> <span class='ocrx_word' id='word_1_294' title='bbox 1238 3593 1338 3647; x_wconf 83' lang='lat'><strong>305</strong></span> <span class='ocrx_word' id='word_1_295' title='bbox 1376 3608 1471 3647; x_wconf 89' lang='lat' dir='ltr'><strong>aus</strong></span> <span class='ocrx_word' id='word_1_296' title='bbox 1506 3592 1646 3660; x_wconf 86' lang='lat' dir='ltr'><strong>Sept.</strong></span> <span class='ocrx_word' id='word_1_297' title='bbox 1688 3593 1833 3647; x_wconf 90' lang='lat'><strong>1513.</strong></span> <span class='ocrx_word' id='word_1_298' title='bbox 1974 3594 1995 3625; x_wconf 78' lang='lat'><strong>¹</strong></span> <span class='ocrx_word' id='word_1_299' title='bbox 2028 3592 2093 3647; x_wconf 90' lang='lat' dir='ltr'><strong>H.</strong></span> <span class='ocrx_word' id='word_1_300' title='bbox 2130 3591 2262 3647; x_wconf 83' lang='lat' dir='ltr'><strong>Stoll</strong></span> <span class='ocrx_word' id='word_1_301' title='bbox 2295 3609 2345 3647; x_wconf 81' lang='lat' dir='ltr'><strong>v.</strong></span> <span class='ocrx_word' id='word_1_302' title='bbox 2383 3591 2633 3645; x_wconf 87' lang='lat' dir='ltr'><strong>Diebach.</strong></span> <span class='ocrx_word' id='word_1_303' title='bbox 2689 3590 2743 3646; x_wconf 87' lang='lat' dir='ltr'><strong>S.</strong></span> 
     </span>
     <span class='ocr_line' id='line_1_38' title="bbox 501 3660 2741 3731; baseline -0.001 -14"><span class='ocrx_word' id='word_1_304' title='bbox 501 3664 601 3717; x_wconf 89' lang='lat'><strong>389</strong></span> <span class='ocrx_word' id='word_1_305' title='bbox 626 3667 687 3716; x_wconf 90' lang='lat' dir='ltr'><strong>A.</strong></span> <span class='ocrx_word' id='word_1_306' title='bbox 712 3664 758 3716; x_wconf 86' lang='lat'><strong>1.</strong></span> <span class='ocrx_word' id='word_1_307' title='bbox 897 3662 918 3695; x_wconf 78' lang='lat'><strong>³</strong></span> <span class='ocrx_word' id='word_1_308' title='bbox 951 3662 1072 3731; x_wconf 89' lang='lat' dir='ltr'><strong>Vgl.</strong></span> <span class='ocrx_word' id='word_1_309' title='bbox 1110 3661 1159 3715; x_wconf 80' lang='lat' dir='ltr'><strong>S.</strong></span> <span class='ocrx_word' id='word_1_310' title='bbox 1202 3661 1293 3715; x_wconf 88' lang='grc'><strong>191</strong></span> <span class='ocrx_word' id='word_1_311' title='bbox 1334 3664 1395 3715; x_wconf 89' lang='lat' dir='ltr'><strong>A.</strong></span> <span class='ocrx_word' id='word_1_312' title='bbox 1435 3662 1486 3714; x_wconf 93' lang='lat'><strong>7.</strong></span> <span class='ocrx_word' id='word_1_313' title='bbox 1626 3661 1647 3693; x_wconf 73' lang='lat'>⁴</span> <span class='ocrx_word' id='word_1_314' title='bbox 1681 3660 1787 3714; x_wconf 73' lang='lat' dir='ltr'><strong>Far</strong></span> <span class='ocrx_word' id='word_1_315' title='bbox 1822 3661 1907 3712; x_wconf 88' lang='lat' dir='ltr'><strong>die</strong></span> <span class='ocrx_word' id='word_1_316' title='bbox 1939 3660 1997 3713; x_wconf 88' lang='lat' dir='ltr'><strong>E.</strong></span> <span class='ocrx_word' id='word_1_317' title='bbox 2038 3661 2169 3715; x_wconf 88' lang='grc'><strong>1513</strong></span> <span class='ocrx_word' id='word_1_318' title='bbox 2204 3660 2479 3729; x_wconf 84' lang='lat' dir='ltr'><strong>gekauften</strong></span> <span class='ocrx_word' id='word_1_319' title='bbox 2514 3660 2741 3715; x_wconf 81' lang='lat' dir='ltr'><strong>Biicher.</strong></span> 
     </span>
     <span class='ocr_line' id='line_1_39' title="bbox 499 3728 2747 3787; baseline -0.002 -1"><span class='ocrx_word' id='word_1_320' title='bbox 499 3732 584 3787; x_wconf 92' lang='lat' dir='ltr'><strong>Br.</strong></span> <span class='ocrx_word' id='word_1_321' title='bbox 623 3732 740 3787; x_wconf 83' lang='lat'><strong>321.</strong></span> <span class='ocrx_word' id='word_1_322' title='bbox 881 3734 902 3763; x_wconf 81' lang='lat'><strong>⁶</strong></span> <span class='ocrx_word' id='word_1_323' title='bbox 936 3730 986 3785; x_wconf 87' lang='lat' dir='ltr'><strong>S.</strong></span> <span class='ocrx_word' id='word_1_324' title='bbox 1025 3730 1126 3784; x_wconf 87' lang='lat'><strong>360</strong></span> <span class='ocrx_word' id='word_1_325' title='bbox 1160 3733 1220 3785; x_wconf 93' lang='lat' dir='ltr'><strong>A.</strong></span> <span class='ocrx_word' id='word_1_326' title='bbox 1259 3732 1306 3784; x_wconf 89' lang='lat'><strong>5.</strong></span> <span class='ocrx_word' id='word_1_327' title='bbox 1377 3731 1448 3784; x_wconf 83' lang='lat' dir='ltr'><strong>Er</strong></span> <span class='ocrx_word' id='word_1_328' title='bbox 1482 3728 1657 3782; x_wconf 85' lang='lat' dir='ltr'><strong>wollte</strong></span> <span class='ocrx_word' id='word_1_329' title='bbox 1691 3730 1867 3783; x_wconf 88' lang='lat' dir='ltr'><strong>nichts</strong></span> <span class='ocrx_word' id='word_1_330' title='bbox 1911 3730 2208 3784; x_wconf 86' lang='lat' dir='ltr'><strong>auszahlen.</strong></span> <span class='ocrx_word' id='word_1_331' title='bbox 2349 3730 2371 3761; x_wconf 80' lang='lat'><strong>⁶</strong></span> <span class='ocrx_word' id='word_1_332' title='bbox 2405 3728 2747 3782; x_wconf 86' lang='lat' dir='ltr'><strong>Hausmieter</strong></span> 
     </span>
     <span class='ocr_line' id='line_1_40' title="bbox 499 3794 2743 3857; baseline -0.003 -2"><span class='ocrx_word' id='word_1_333' title='bbox 499 3802 748 3857; x_wconf 85' lang='lat' dir='ltr'><strong>Dietmar.</strong></span> <span class='ocrx_word' id='word_1_334' title='bbox 786 3800 835 3853; x_wconf 87' lang='lat' dir='ltr'><strong>S.</strong></span> <span class='ocrx_word' id='word_1_335' title='bbox 858 3800 959 3853; x_wconf 87' lang='lat'><strong>390</strong></span> <span class='ocrx_word' id='word_1_336' title='bbox 978 3802 1039 3852; x_wconf 89' lang='lat' dir='ltr'><strong>A.</strong></span> <span class='ocrx_word' id='word_1_337' title='bbox 1061 3798 1140 3853; x_wconf 84' lang='lat'><strong>12.</strong></span> <span class='ocrx_word' id='word_1_338' title='bbox 1249 3800 1267 3831; x_wconf 78' lang='lat'>⁷</span> <span class='ocrx_word' id='word_1_339' title='bbox 1302 3799 1400 3851; x_wconf 89' lang='lat' dir='ltr'><strong>Die</strong></span> <span class='ocrx_word' id='word_1_340' title='bbox 1435 3815 1538 3851; x_wconf 85' lang='lat' dir='ltr'><strong>von</strong></span> <span class='ocrx_word' id='word_1_341' title='bbox 1578 3798 1677 3850; x_wconf 89' lang='lat' dir='ltr'><strong>den</strong></span> <span class='ocrx_word' id='word_1_342' title='bbox 1712 3794 1940 3851; x_wconf 84' lang='lat' dir='ltr'><strong>K&#39;olnern</strong></span> <span class='ocrx_word' id='word_1_343' title='bbox 1959 3797 2037 3851; x_wconf 89' lang='lat' dir='ltr'><strong>als</strong></span> <span class='ocrx_word' id='word_1_344' title='bbox 2056 3797 2345 3851; x_wconf 85' lang='lat' dir='ltr'><strong>ketzerisch</strong></span> <span class='ocrx_word' id='word_1_345' title='bbox 2364 3797 2743 3851; x_wconf 87' lang='lat' dir='ltr'><strong>bezeichneten</strong></span> 
     </span>
     <span class='ocr_line' id='line_1_41' title="bbox 499 3865 2739 3937; baseline -0.001 -14"><span class='ocrx_word' id='word_1_346' title='bbox 499 3870 692 3923; x_wconf 81' lang='lat' dir='ltr'><strong>Stellcn</strong></span> <span class='ocrx_word' id='word_1_347' title='bbox 731 3870 821 3922; x_wconf 81' lang='lat' dir='ltr'><strong>des</strong></span> <span class='ocrx_word' id='word_1_348' title='bbox 859 3868 1283 3937; x_wconf 80' lang='lat' dir='ltr'><strong>AugenspiegeIS,</strong></span> <span class='ocrx_word' id='word_1_349' title='bbox 1321 3884 1422 3920; x_wconf 78' lang='lat' dir='ltr'><strong>von</strong></span> <span class='ocrx_word' id='word_1_350' title='bbox 1459 3866 1715 3920; x_wconf 84' lang='lat' dir='ltr'><strong>Schalbus</strong></span> <span class='ocrx_word' id='word_1_351' title='bbox 1751 3883 1815 3919; x_wconf 86' lang='lat' dir='ltr'><strong>an</strong></span> <span class='ocrx_word' id='word_1_352' title='bbox 1852 3865 2056 3919; x_wconf 85' lang='lat' dir='ltr'><strong>Mutian</strong></span> <span class='ocrx_word' id='word_1_353' title='bbox 2082 3866 2311 3933; x_wconf 78' lang='lat' dir='ltr'><strong>gesandt.</strong></span> <span class='ocrx_word' id='word_1_354' title='bbox 2374 3866 2486 3934; x_wconf 84' lang='lat' dir='ltr'><strong>Vgl.</strong></span> <span class='ocrx_word' id='word_1_355' title='bbox 2508 3866 2595 3919; x_wconf 68' lang='grc' dir='ltr'><strong>ΒΥ.</strong></span> <span class='ocrx_word' id='word_1_356' title='bbox 2621 3865 2739 3920; x_wconf 84' lang='grc'><strong>342.</strong></span> 
     </span>
     <span class='ocr_line' id='line_1_42' title="bbox 501 3934 2744 4003; baseline -0.002 -12"><span class='ocrx_word' id='word_1_357' title='bbox 501 3942 521 3972; x_wconf 82' lang='lat'>⁸</span> <span class='ocrx_word' id='word_1_358' title='bbox 559 3940 615 3991; x_wconf 83' lang='lat' dir='ltr'><strong>P.</strong></span> <span class='ocrx_word' id='word_1_359' title='bbox 653 3938 942 3993; x_wconf 76' lang='lat' dir='ltr'><strong>Eberbach.</strong></span> <span class='ocrx_word' id='word_1_360' title='bbox 980 3938 1115 3989; x_wconf 85' lang='lat' dir='ltr'><strong>nach</strong></span> <span class='ocrx_word' id='word_1_361' title='bbox 1151 3936 1336 3989; x_wconf 84' lang='lat' dir='ltr'><strong>ltalien</strong></span> <span class='ocrx_word' id='word_1_362' title='bbox 1373 3939 1502 4003; x_wconf 85' lang='lat' dir='ltr'><strong>Aug.</strong></span> <span class='ocrx_word' id='word_1_363' title='bbox 1545 3936 1690 3988; x_wconf 84' lang='lat'><strong>1513.</strong></span> <span class='ocrx_word' id='word_1_364' title='bbox 1744 3936 1779 3987; x_wconf 84' lang='lat' dir='ltr'>S</span> <span class='ocrx_word' id='word_1_365' title='bbox 1818 3935 1912 3987; x_wconf 88' lang='grc'><strong>391</strong></span> <span class='ocrx_word' id='word_1_366' title='bbox 1938 3937 1997 3989; x_wconf 89' lang='lat' dir='ltr'><strong>A.</strong></span> <span class='ocrx_word' id='word_1_367' title='bbox 2021 3936 2099 3990; x_wconf 84' lang='lat'><strong>12.</strong></span> <span class='ocrx_word' id='word_1_368' title='bbox 2208 3936 2231 3967; x_wconf 80' lang='lat'><strong>⁹</strong></span> <span class='ocrx_word' id='word_1_369' title='bbox 2264 3934 2491 3987; x_wconf 87' lang='lat' dir='ltr'><strong>Urbicus</strong></span> <span class='ocrx_word' id='word_1_370' title='bbox 2530 3934 2744 3987; x_wconf 81' lang='lat' dir='ltr'><strong>machte</strong></span> 
     </span>
     <span class='ocr_line' id='line_1_43' title="bbox 499 3994 2741 4072; baseline -0.002 -12"><span class='ocrx_word' id='word_1_371' title='bbox 499 4009 613 4060; x_wconf 83' lang='lat' dir='ltr'><strong>eine</strong></span> <span class='ocrx_word' id='word_1_372' title='bbox 650 4006 1053 4059; x_wconf 59' lang='lat' dir='ltr'><strong>Geschssiftsreise</strong></span> <span class='ocrx_word' id='word_1_373' title='bbox 1086 4006 1140 4057; x_wconf 89' lang='lat' dir='ltr'><strong>in</strong></span> <span class='ocrx_word' id='word_1_374' title='bbox 1171 4005 1400 4057; x_wconf 85' lang='lat' dir='ltr'><strong>Mutians</strong></span> <span class='ocrx_word' id='word_1_375' title='bbox 1439 4004 1672 4072; x_wconf 76' lang='lat' dir='ltr'><strong>Austrag.</strong></span> <span class='ocrx_word' id='word_1_376' title='bbox 1744 3994 1889 4057; x_wconf 83' lang='lat' dir='ltr'><strong>Uber</strong></span> <span class='ocrx_word' id='word_1_377' title='bbox 1924 4002 2038 4056; x_wconf 89' lang='lat' dir='ltr'><strong>eine</strong></span> <span class='ocrx_word' id='word_1_378' title='bbox 2072 4004 2281 4057; x_wconf 76' lang='lat' dir='ltr'><strong>friihere</strong></span> <span class='ocrx_word' id='word_1_379' title='bbox 2315 4002 2425 4055; x_wconf 78' lang='lat' dir='ltr'><strong>Juh</strong></span> <span class='ocrx_word' id='word_1_380' title='bbox 2462 4004 2595 4056; x_wconf 87' lang='lat'>1513</span> <span class='ocrx_word' id='word_1_381' title='bbox 2631 4002 2741 4071; x_wconf 86' lang='lat' dir='ltr'><strong>vgl.</strong></span> 
     </span>
     <span class='ocr_line' id='line_1_44' title="bbox 497 4071 2741 4141; baseline -0.003 -12"><span class='ocrx_word' id='word_1_382' title='bbox 497 4076 548 4130; x_wconf 87' lang='lat' dir='ltr'><strong>S.</strong></span> <span class='ocrx_word' id='word_1_383' title='bbox 587 4076 686 4129; x_wconf 82' lang='lat'><strong>342</strong></span> <span class='ocrx_word' id='word_1_384' title='bbox 724 4078 782 4130; x_wconf 90' lang='lat' dir='ltr'><strong>A.</strong></span> <span class='ocrx_word' id='word_1_385' title='bbox 821 4077 867 4127; x_wconf 86' lang='lat'><strong>3.</strong></span> <span class='ocrx_word' id='word_1_386' title='bbox 1012 4077 1052 4106; x_wconf 87' lang='lat'><strong>¹⁰</strong></span> <span class='ocrx_word' id='word_1_387' title='bbox 1085 4074 1191 4126; x_wconf 87' lang='lat' dir='ltr'><strong>Der</strong></span> <span class='ocrx_word' id='word_1_388' title='bbox 1224 4074 1510 4141; x_wconf 86' lang='lat' dir='ltr'><strong>Weinberg</strong></span> <span class='ocrx_word' id='word_1_389' title='bbox 1544 4072 1791 4135; x_wconf 81' lang='lat' dir='ltr'><strong>MutianS,</strong></span> <span class='ocrx_word' id='word_1_390' title='bbox 1826 4088 1928 4124; x_wconf 82' lang='lat' dir='ltr'><strong>von</strong></span> <span class='ocrx_word' id='word_1_391' title='bbox 1964 4072 2083 4124; x_wconf 90' lang='lat' dir='ltr'><strong>dem</strong></span> <span class='ocrx_word' id='word_1_392' title='bbox 2120 4072 2203 4125; x_wconf 86' lang='lat' dir='ltr'><strong>die</strong></span> <span class='ocrx_word' id='word_1_393' title='bbox 2237 4071 2356 4139; x_wconf 84' lang='lat' dir='ltr'><strong>folg.</strong></span> <span class='ocrx_word' id='word_1_394' title='bbox 2395 4071 2566 4133; x_wconf 83' lang='lat' dir='ltr'><strong>Briefe</strong></span> <span class='ocrx_word' id='word_1_395' title='bbox 2603 4072 2741 4123; x_wconf 87' lang='lat' dir='ltr'><strong>noch</strong></span> 
     </span>
     <span class='ocr_line' id='line_1_45' title="bbox 497 4140 2737 4212; baseline -0.003 -15"><span class='ocrx_word' id='word_1_396' title='bbox 497 4146 570 4197; x_wconf 76' lang='lat' dir='ltr'><strong>oft</strong></span> <span class='ocrx_word' id='word_1_397' title='bbox 603 4145 776 4207; x_wconf 83' lang='lat' dir='ltr'><strong>roden,</strong></span> <span class='ocrx_word' id='word_1_398' title='bbox 813 4144 899 4212; x_wconf 83' lang='lat' dir='ltr'><strong>lag</strong></span> <span class='ocrx_word' id='word_1_399' title='bbox 935 4142 988 4194; x_wconf 90' lang='lat' dir='ltr'><strong>in</strong></span> <span class='ocrx_word' id='word_1_400' title='bbox 1022 4143 1209 4196; x_wconf 80' lang='lat' dir='ltr'><strong>Erfurt.</strong></span> <span class='ocrx_word' id='word_1_401' title='bbox 1283 4142 1433 4195; x_wconf 88' lang='lat' dir='ltr'><strong>Nach</strong></span> <span class='ocrx_word' id='word_1_402' title='bbox 1469 4142 1877 4195; x_wconf 85' lang='lat' dir='ltr'><strong>verschiedenen</strong></span> <span class='ocrx_word' id='word_1_403' title='bbox 1914 4140 2414 4207; x_wconf 80' lang='lat' dir='ltr'><strong>Unterhandlungen</strong></span> <span class='ocrx_word' id='word_1_404' title='bbox 2451 4140 2549 4191; x_wconf 88' lang='lat' dir='ltr'><strong>mit</strong></span> <span class='ocrx_word' id='word_1_405' title='bbox 2582 4140 2737 4193; x_wconf 76' lang='lat' dir='ltr'><strong>kaus-</strong></span> 
     </span>
     <span class='ocr_line' id='line_1_46' title="bbox 497 4208 2737 4281; baseline -0.003 -14"><span class='ocrx_word' id='word_1_406' title='bbox 497 4214 721 4281; x_wconf 81' lang='lat' dir='ltr'><strong>lustigen</strong></span> <span class='ocrx_word' id='word_1_407' title='bbox 775 4214 1040 4265; x_wconf 73' lang='lat' dir='ltr'><strong>Erfuttern</strong></span> <span class='ocrx_word' id='word_1_408' title='bbox 1093 4212 1304 4265; x_wconf 87' lang='lat' dir='ltr'><strong>kauften</strong></span> <span class='ocrx_word' id='word_1_409' title='bbox 1358 4212 1449 4263; x_wconf 88' lang='lat' dir='ltr'><strong>ihn</strong></span> <span class='ocrx_word' id='word_1_410' title='bbox 1507 4210 1715 4263; x_wconf 87' lang='lat' dir='ltr'><strong>endlich</strong></span> <span class='ocrx_word' id='word_1_411' title='bbox 1775 4211 1904 4261; x_wconf 75' lang='lat'>1515</span> <span class='ocrx_word' id='word_1_412' title='bbox 1958 4210 2041 4261; x_wconf 88' lang='lat' dir='ltr'><strong>dio</strong></span> <span class='ocrx_word' id='word_1_413' title='bbox 2096 4208 2418 4262; x_wconf 73' lang='lat' dir='ltr'><strong>Kartliiiuser</strong></span> <span class='ocrx_word' id='word_1_414' title='bbox 2451 4209 2503 4260; x_wconf 88' lang='lat' dir='ltr'><strong>in</strong></span> <span class='ocrx_word' id='word_1_415' title='bbox 2540 4208 2737 4261; x_wconf 82' lang='lat' dir='ltr'><strong>Erfurt.</strong></span> 
     </span>
     <span class='ocr_line' id='line_1_47' title="bbox 497 4274 2741 4348; baseline -0.003 -13"><span class='ocrx_word' id='word_1_416' title='bbox 497 4274 640 4335; x_wconf 79' lang='lat' dir='ltr'><strong>Uber</strong></span> <span class='ocrx_word' id='word_1_417' title='bbox 675 4282 824 4334; x_wconf 85' lang='lat' dir='ltr'><strong>einen</strong></span> <span class='ocrx_word' id='word_1_418' title='bbox 861 4282 913 4333; x_wconf 88' lang='lat' dir='ltr'><strong>in</strong></span> <span class='ocrx_word' id='word_1_419' title='bbox 953 4281 1122 4333; x_wconf 81' lang='lat' dir='ltr'><strong>Gotha</strong></span> <span class='ocrx_word' id='word_1_420' title='bbox 1157 4280 1436 4348; x_wconf 84' lang='lat' dir='ltr'><strong>gelegenen</strong></span> <span class='ocrx_word' id='word_1_421' title='bbox 1486 4278 1769 4346; x_wconf 81' lang='lat' dir='ltr'><strong>Weinberg</strong></span> <span class='ocrx_word' id='word_1_422' title='bbox 1812 4277 2057 4337; x_wconf 75' lang='lat' dir='ltr'><strong>Mutians.</strong></span> <span class='ocrx_word' id='word_1_423' title='bbox 2095 4278 2190 4329; x_wconf 88' lang='lat' dir='ltr'><strong>mit</strong></span> <span class='ocrx_word' id='word_1_424' title='bbox 2224 4278 2410 4331; x_wconf 86' lang='lat' dir='ltr'><strong>dessen</strong></span> <span class='ocrx_word' id='word_1_425' title='bbox 2447 4277 2605 4329; x_wconf 86' lang='lat' dir='ltr'><strong>Emte</strong></span> <span class='ocrx_word' id='word_1_426' title='bbox 2640 4276 2741 4329; x_wconf 88' lang='lat' dir='ltr'><strong>ihn</strong></span> 
     </span>
     <span class='ocr_line' id='line_1_48' title="bbox 497 4345 2741 4417; baseline -0.003 -13"><span class='ocrx_word' id='word_1_427' title='bbox 497 4352 580 4405; x_wconf 89' lang='lat' dir='ltr'><strong>die</strong></span> <span class='ocrx_word' id='word_1_428' title='bbox 616 4351 787 4403; x_wconf 76' lang='lat' dir='ltr'><strong>Briefe</strong></span> <span class='ocrx_word' id='word_1_429' title='bbox 833 4350 1088 4403; x_wconf 79' lang='lat' dir='ltr'><strong>zuweilen</strong></span> <span class='ocrx_word' id='word_1_430' title='bbox 1141 4349 1450 4417; x_wconf 67' lang='lat' dir='ltr'><strong>beschiiftigt</strong></span> <span class='ocrx_word' id='word_1_431' title='bbox 1504 4349 1700 4415; x_wconf 83' lang='lat' dir='ltr'><strong>zeigeu,</strong></span> <span class='ocrx_word' id='word_1_432' title='bbox 1739 4346 1847 4415; x_wconf 82' lang='lat' dir='ltr'><strong>vgl.</strong></span> <span class='ocrx_word' id='word_1_433' title='bbox 1883 4346 1932 4399; x_wconf 86' lang='lat' dir='ltr'><strong>S.</strong></span> <span class='ocrx_word' id='word_1_434' title='bbox 1972 4347 2036 4399; x_wconf 81' lang='lat'><strong>27</strong></span> <span class='ocrx_word' id='word_1_435' title='bbox 2073 4349 2135 4401; x_wconf 93' lang='lat' dir='ltr'><strong>A.</strong></span> <span class='ocrx_word' id='word_1_436' title='bbox 2177 4348 2219 4398; x_wconf 94' lang='lat' dir='ltr'><strong>l.</strong></span> <span class='ocrx_word' id='word_1_437' title='bbox 2365 4348 2403 4377; x_wconf 83' lang='lat'><strong>¹¹</strong></span> <span class='ocrx_word' id='word_1_438' title='bbox 2439 4345 2741 4412; x_wconf 83' lang='lat' dir='ltr'><strong>Pfeffinger,</strong></span> 
     </span>
     <span class='ocr_line' id='line_1_49' title="bbox 495 4413 2741 4484; baseline -0.003 -11"><span class='ocrx_word' id='word_1_439' title='bbox 495 4421 759 4477; x_wconf 75' lang='lat' dir='ltr'><strong>kursiichs.</strong></span> <span class='ocrx_word' id='word_1_440' title='bbox 815 4420 931 4472; x_wconf 76' lang='lat' dir='ltr'><strong>Rat.</strong></span> <span class='ocrx_word' id='word_1_441' title='bbox 1003 4418 1053 4472; x_wconf 83' lang='lat' dir='ltr'><strong>S.</strong></span> <span class='ocrx_word' id='word_1_442' title='bbox 1089 4418 1190 4472; x_wconf 80' lang='lat'><strong>320</strong></span> <span class='ocrx_word' id='word_1_443' title='bbox 1236 4422 1297 4471; x_wconf 90' lang='lat' dir='ltr'><strong>A.</strong></span> <span class='ocrx_word' id='word_1_444' title='bbox 1334 4419 1382 4473; x_wconf 91' lang='lat'><strong>4.</strong></span> <span class='ocrx_word' id='word_1_445' title='bbox 1527 4418 1567 4449; x_wconf 74' lang='lat'><strong>¹²</strong></span> <span class='ocrx_word' id='word_1_446' title='bbox 1601 4416 1798 4469; x_wconf 84' lang='lat' dir='ltr'><strong>Lehrer</strong></span> <span class='ocrx_word' id='word_1_447' title='bbox 1849 4415 1905 4467; x_wconf 91' lang='lat' dir='ltr'><strong>in</strong></span> <span class='ocrx_word' id='word_1_448' title='bbox 1960 4414 2320 4484; x_wconf 82' lang='lat' dir='ltr'><strong>Georgenthal.</strong></span> <span class='ocrx_word' id='word_1_449' title='bbox 2391 4414 2507 4483; x_wconf 79' lang='lat' dir='ltr'><strong>Vgl.</strong></span> <span class='ocrx_word' id='word_1_450' title='bbox 2544 4413 2594 4468; x_wconf 88' lang='lat' dir='ltr'><strong>S.</strong></span> <span class='ocrx_word' id='word_1_451' title='bbox 2634 4416 2741 4467; x_wconf 78' lang='lat'><strong>354</strong></span> 
     </span>
    </p>
   </div>
   <div class='ocr_carea' id='block_1_6' title="bbox 494 4484 1883 4556">
    <p class='ocr_par' dir='ltr' id='par_1_6' title="bbox 494 4484 1883 4556">
     <span class='ocr_line' id='line_1_50' title="bbox 494 4484 1883 4556; baseline -0.005 -13"><span class='ocrx_word' id='word_1_452' title='bbox 494 4492 556 4543; x_wconf 91' lang='lat' dir='ltr'><strong>A.</strong></span> <span class='ocrx_word' id='word_1_453' title='bbox 598 4488 675 4541; x_wconf 84' lang='lat'><strong>12.</strong></span> <span class='ocrx_word' id='word_1_454' title='bbox 819 4489 863 4523; x_wconf 78' lang='lat'><strong>²³</strong></span> <span class='ocrx_word' id='word_1_455' title='bbox 895 4487 1099 4556; x_wconf 81' lang='lat' dir='ltr'><strong>»Parce,</strong></span> <span class='ocrx_word' id='word_1_456' title='bbox 1134 4488 1318 4555; x_wconf 76' lang='lat' dir='ltr'><strong>pater«.</strong></span> <span class='ocrx_word' id='word_1_457' title='bbox 1391 4484 1612 4540; x_wconf 77' lang='lat' dir='ltr'><strong>Martial.</strong></span> <span class='ocrx_word' id='word_1_458' title='bbox 1649 4486 1714 4554; x_wconf 91' lang='lat' dir='ltr'><strong>V,</strong></span> <span class='ocrx_word' id='word_1_459' title='bbox 1752 4486 1799 4553; x_wconf 89' lang='lat'><strong>7,</strong></span> <span class='ocrx_word' id='word_1_460' title='bbox 1836 4486 1883 4537; x_wconf 89' lang='lat'><strong>7.</strong></span> 
     </span>
    </p>
   </div>
  </div>
 </body>
</html>
