3084 4895
491 395 621 481 368
1327 393 1499 468 Bfiefe
1535 391 1627 466 des
1664 409 1715 468 J.
1754 393 1901 466 1513.

503 594 568 654 et
609 588 730 652 fori
773 590 1031 670 ignarus
1075 588 1354 665 miretur,
1402 608 1530 669 qua
1574 587 1677 652 via
1720 587 2119 669 potissimum
2165 586 2389 652 mulier
2428 585 2743 650 forensem

497 675 673 739 illum
737 673 1052 740 turbinem
1111 674 1398 750 evaserit,
1456 693 1597 736 cum
1658 674 1857 757 prima
1912 672 2072 737 facie
2114 673 2407 737 videatur
2450 673 2623 737 laesa
2669 695 2743 736 ac

498 763 734 826 violata
805 760 974 824 bona
1039 761 1224 824 fides:
1293 761 1494 824 dicam
1569 760 1860 832 breviter,
1926 760 2093 841 quod
2142 762 2204 822 in
2256 765 2523 822 mentem
2584 759 2745 822 mihi

500 847 692 911 venit.
785 847 937 910 Erat
993 846 1173 910 heres
1229 869 1306 909 ex
1362 843 1545 909 asse.'
1640 845 2067 910 Universitate
2132 845 2500 909 hereditatis
2564 845 2742 908 adita

497 933 967 1012 religiosissime
1009 933 1322 996 custodire
1369 933 1579 996 mariti
1624 932 2015 998 voluntatem
2063 931 2299 995 debuit.
2389 931 2537 995 Jure
2598 953 2741 1012 pro-

499 1020 704 1082 ditum
752 1026 847 1081 est
891 1020 954 1080 in
1004 1017 1344 1082 Pandectis
1389 1024 1451 1081 et
1497 1017 1729 1081 Codice
1773 1017 2123 1081 ,Iustiniani
2188 1018 2405 1081 multis
2460 1020 2739 1080 auctori-

501 1104 766 1182 tatibus,
811 1105 1260 1186 aequissimum
1295 1127 1433 1167 esse
1464 1125 1788 1185 supremas
1834 1126 2081 1166 servare
2130 1104 2505 1179 voluntates,
2554 1110 2617 1166 et
2664 1103 2741 1165 de

502 1191 704 1274 pactis
750 1190 1150 1272 disputantes
1203 1189 1641 1272 jurisconsulti
1700 1211 2045 1270 congruum
2094 1213 2231 1253 esse
2272 1189 2536 1253 tradunt
2592 1189 2739 1252 fidei

501 1277 836 1348 humanae,
884 1281 956 1339 ut
1001 1299 1092 1352 ea,
1141 1298 1302 1357 quae
1349 1276 1657 1358 placuere,
1703 1281 2046 1338 serventur.
2141 1275 2364 1340 Dolum
2408 1275 2636 1338 malum
2671 1275 2738 1337 in

504 1363 706 1427 bonae
752 1362 899 1425 fidei
945 1363 1378 1426 contractibus
1423 1362 1523 1424 lex
1572 1361 1825 1444 Aquilia
1858 1363 2098 1425 etitem
2138 1361 2308 1426 Julia
2338 1362 2736 1425 submovent..

500 1449 689 1512 Forte
736 1447 975 1529 placuit
1018 1449 1200 1512 uxori
1262 1448 1490 1512 marito
1554 1447 1871 1528 quondam
1936 1470 2048 1510 suo
2113 1448 2442 1531 astipulari
2504 1469 2737 1510 renun-

504 1533 722 1598 tiando
799 1533 1106 1598 beneficio
1182 1533 1486 1617 Bellejani
1568 1531 2169 1597 Senatusconsulti.²
2288 1533 2356 1597 Si
2423 1533 2485 1595 id
2547 1533 2736 1610 semel

501 1619 762 1703 placuit,
813 1641 976 1700 quae
1021 1617 1284 1682 malum³
1331 1619 1594 1701 perfidia
1640 1625 1757 1698 est,
1790 1618 2068 1682 defuncti
2104 1619 2335 1701 placita
2366 1619 2737 1694 rescindere,

503 1729 666 1788 quae
713 1705 895 1769 bonis
939 1705 1276 1770 heredibus
1334 1705 1724 1770 intellexisse
1785 1726 1894 1787 pro
1946 1705 2086 1788 jure
2138 1707 2269 1770 sit?
2357 1705 2499 1768 Non
2568 1705 2737 1768 favet

505 1792 718 1856 clienti
741 1798 892 1855 tuae
910 1791 1318 1869 Innocentius
1347 1804 1374 1832 ⁸
1403 1792 1504 1855 ΙΙΙ.
1544 1793 1747 1874 capite
1781 1789 1973 1872 „Cum
2002 1793 2336 1874 contingat
2357 1791 2734 1868 interdum“,

500 1878 592 1942 De
650 1877 1108 1960 jurajuranda*
1198 1877 1318 1942 Sed
1389 1900 1514 1942 non
1584 1877 1820 1960 profuit
1880 1878 1985 1959 jus
2050 1879 2421 1941 canonicum
2487 1879 2548 1940 in
2619 1877 2736 1940 hac

504 1973 682 2046 parte
746 1964 884 2027 tuis·
941 1964 1333 2028 adversariis,
1373 2018 1381 2028 .
1424 1964 1644 2044 Neque
1703 1964 1766 2026 in
1827 1963 2061 2027 bonum
2110 1970 2185 2026 -et
2242 1985 2509 2044 aequum
2572 1964 2737 2026 actio

501 2051 624 2114 fuit
668 2055 988 2132 concepta,
1051 2073 1256 2132 neque
1317 2049 1614 2113 heredum
1663 2048 1870 2112 officia
1915 2053 1977 2113 et
2019 2050 2225 2131 pietas
2288 2050 2429 2132 plus
2492 2049 2737 2112 valuere

503 2158 692 2218 quam
759 2135 1198 2199 Authenticab
1270 2134 1378 2218 „Si
1445 2134 1641 2218 qua“⁵
1713 2139 1777 2198 et
1820 2135 1883 2199 id
1928 2157 2127 2216 genus
2194 2137 2467 2218 propitia
2528 2135 2737 2216 legum

502 2243 650 2304 erga
695 2220 962 2284 feminas
1008 2223 1412 2304 praescripta,
1459 2243 1622 2303 quae
1682 2221 1911 2284 studiis
1966 2222 2127 2285 bene
2182 2228 2335 2285 nota
2390 2223 2737 2285 recitantur

506 2309 573 2371 in
619 2309 792 2371 omni
839 2307 1010 2370 foro.'
1082 2307 1242 2372 Nam
1287 2307 1679 2388 legislatores
1712 2312 1774 2370 et
1798 2307 2147 2389 jurisperiti
2178 2308 2450 2371 dotalem
2483 2329 2735 2370 causam

503 2393 810 2476 singulari
855 2393 1060 2477 gratia
1106 2393 1204 2457 vel
1248 2395 1462 2476 potius
1508 2392 1681 2457 molli
1727 2392 2120 2475 indulgentia
2162 2398 2630 2477 prosequuntur
2674 2397 2739 2457 et

504 2484 724 2546 vetant
789 2501 902 2562 pro
973 2480 1218 2544 maritis
1286 2502 1516 2543 uxores
1586 2479 1937 2561 obligatum
1999 2481 2095 2558 iri,
2156 2481 2289 2544 sive
2355 2482 2505 2563 quia
2569 2481 2737 2543 dotis

503 2588 712 2639 causa,
761 2570 834 2629 ut
877 2564 1036 2631 libro
1081 2565 1210 2629 XV.
1257 2566 1338 2629 ad
1383 2565 1689 2629 Sabinum
1737 2566 1957 2629 scribit
2002 2564 2440 2647 Pomponius,⁶
2496 2587 2739 2647 semper

504 2657 566 2716 et
611 2652 846 2734 ubique
907 2653 1244 2735 praecipua
1287 2656 1386 2715 est
1451 2652 1739 2727 (interest
1800 2652 1965 2718 enim
2017 2652 2395 2735 reipublicae
2450 2652 2738 2715 mulieres

503 2739 709 2803 salvas
764 2737 998 2802 habere
1052 2737 1251 2812 dote8‚
1309 2760 1451 2801 cum
1507 2738 1759 2801 dotatas
1820 2760 1953 2801 esse
2011 2738 2277 2803 feminas
2321 2739 2403 2802 ad
2456 2737 2736 2801 sobolem

510 2823 958 2908 procreandam
1049 2823 1537 2905 replendamque
1610 2823 1824 2886 liberis
1898 2825 2217 2887 civitatem
2304 2824 2579 2887 maxime
2652 2824 2737 2886 sit

505 2910 973 2991 necessarium),
1041 2910 1173 2971 sive
1240 2910 1390 2990 quia
1454 2909 1846 2991 simplicitati
1910 2933 2101 2973 sexus
2159 2910 2301 2992 jura
2362 2911 2597 2986 favent,
2659 2931 2738 2971 ne

505 3001 758 3061 astutus
801 3003 865 3058 et
893 2994 1080 3059 'vafer
1125 2997 1390 3058 maritus
1436 2996 1755 3057 incautam
1802 3000 1865 3058 et
1910 2996 2255 3077 simplicem
2309 2996 2574 3059 bestiam
2622 3017 2739 3057 sua

506 3082 974 3147 machinatione
1023 3080 1318 3163 decipiat.
1403 3080 1702 3155 Quamvis
1746 3081 1864 3144 hoc
1896 3104 2049 3145 aevo
2082 3082 2282 3145 multo
2315 3083 2397 3145 sit
2430 3080 2740 3145 Galathea

505 3191 693 3251 quam
741 3168 1088 3231 Meliboeus
1134 3166 1424 3230 solertior
1467 3174 1530 3229 et
1576 3166 1847 3230 stolatus
1893 3167 2145 3251 Ulysses
2205 3167 2487 3237 callidior
2546 3189 2737 3247 quam

510 3259 787 3336 sagatus,
875 3253 1035 3317 Illud
1082 3258 1294 3316 autem
1342 3274 1638 3335 perquam
1687 3258 1867 3315 acute
1913 3255 2397 3331 consideratum,
2460 3254 2627 3335 quod
2674 3257 2739 3316 te

509 3349 775 3423 patrono
820 3339 1026 3403 fuerat
1068 3338 1314 3402 heredis
1361 3361 1629 3422 persona
1673 3344 1917 3403 mutata
1973 3362 2114 3403 cum
2175 3341 2411 3416 uxoriS,
2458 3340 2519 3401 id
2567 3339 2737 3419 quod

507 3449 633 3491 non
707 3426 909 3490 solum
968 3426 1032 3487 in
1097 3430 1440 3488 mercatore
1493 3430 1557 3487 et
1616 3427 1955 3489 exercitore
2022 3426 2367 3489 stabulario
2432 3446 2737 3506 caupone,

508 3514 614 3577 sed
674 3513 737 3575 in
803 3512 969 3575 mille
1035 3510 1175 3574 aliis
1240 3510 1492 3574 casibus
1563 3510 1763 3573 locum
1832 3511 2062 3574 habere
2128 3517 2354 3593 potest.
2444 3510 2738 3591 Exempli

509 3600 749 3681 gratia:
796 3599 903 3680 qui
949 3596 1184 3677 allegat
1227 3620 1294 3661 se
1339 3597 1603 3660 coluisse
1650 3595 1921 3661 locatum
1962 3597 2226 3660 fundum
2260 3604 2322 3661 et
2353 3618 2476 3660 non
2515 3597 2743 3679 probat

510 3686 844 3751 locationis
908 3687 1324 3761 contractum,
1389 3686 1539 3761 agat
1606 3685 1851 3748 actione
1913 3684 2307 3764 negotiorum
2382 3690 2735 3765 gestorum:

518 3771 641 3853 „Ut
709 3770 970 3834 fundum
1034 3773 1214 3833 tuum
1284 3769 1468 3846 colui,
1534 3790 1801 3850 aequum
1848 3775 1943 3833 est
1987 3770 2329 3833 mercedem
2391 3791 2590 3832 meam
2641 3792 2740 3831 me

512 3855 870 3937 consequi.“
966 3854 1084 3931 Qui
1132 3856 1494 3918 societatem
1548 3876 1669 3917 non
1716 3855 1955 3937 probat,
2002 3862 2151 3935 agat
2199 3856 2514 3919 communi
2576 3856 2739 3918 divi-

511 3943 746 4021 dundo,
805 3942 955 4024 quia
1009 3964 1105 4004 res
1159 3946 1255 4003 est
1313 3941 1679 4005 comlnuniS.
1771 3941 2143 4004 Permissum
2210 3948 2325 4019 est,
2394 3948 2463 4004 ut
2530 3942 2741 4024 inquit

646 4180 673 4207 a
700 4166 811 4219 Inn.
951 4166 979 4203 b
1007 4162 1216 4217 authen.

652 4238 668 4266 ¹
705 4232 1124 4287 Universalerbe.
1233 4233 1252 4263 ⁹
1286 4230 1393 4284 Das
1421 4234 1631 4283 senatus
1660 4232 1950 4285 consultum
1969 4231 2299 4299 Vellejanum
2316 4235 2469 4283 unter
2492 4231 2743 4284 Claudius

517 4304 702 4357 verbot
754 4304 838 4355 die
891 4301 1001 4354 Biir
1035 4302 1269 4354 schaften
1327 4301 1418 4353 der
1470 4299 1686 4353 Frauen.
1758 4340 1761 4345 .
1825 4303 1845 4333 ³
1879 4302 2073 4355 malum
2130 4301 2271 4353 hier:
2330 4317 2452 4353 zum
2504 4300 2743 4353 Henker!

438 4372 446 4389 ⁸
519 4373 654 4425 Gern
693 4389 794 4424 von
832 4372 900 4425 M.
937 4388 1000 4439 ge
1037 4370 1238 4423 raucht.
1359 4372 1379 4401 ⁴
1413 4369 1614 4422 Decret.
1653 4370 1799 4438 Greg.
1836 4370 1929 4424 IX.
1967 4370 1999 4423 l.
2036 4371 2103 4431 ll.
2140 4371 2218 4424 tit.
2258 4370 2339 4432 24,
2375 4369 2454 4423 28.
2561 4372 2581 4401 ⁵
2617 4369 2741 4421 Cod.

518 4442 654 4494 Just.
691 4441 782 4497 IV.
821 4440 902 4507 29,
940 4439 1032 4493 22:
1070 4439 1148 4491 »Sl
1187 4454 1290 4506 qua
1325 4438 1534 4490 mulier«
1571 4440 1664 4490 etc.
1803 4440 1824 4471 ⁰
1858 4440 2051 4507 Digest.
2089 4438 2289 4505 XXIV,
2326 4440 2373 4493 3.
2416 4441 2458 4491 1.
