<?xml version="1.0" encoding="UTF-8"?>
<!DOCTYPE html PUBLIC "-//W3C//DTD XHTML 1.0 Transitional//EN"
    "http://www.w3.org/TR/xhtml1/DTD/xhtml1-transitional.dtd">
<html xmlns="http://www.w3.org/1999/xhtml" xml:lang="en" lang="en">
 <head>
  <title>
</title>
<meta http-equiv="Content-Type" content="text/html;charset=utf-8" />
  <meta name='ocr-system' content='tesseract 3.04.00' />
  <meta name='ocr-capabilities' content='ocr_page ocr_carea ocr_par ocr_line ocrx_word'/>
</head>
<body>
  <div class='ocr_page' id='page_1' title='image "./derbriefwechsel02kraugoog_0523.png"; bbox 0 0 3084 4895; ppageno 0'>
   <div class='ocr_carea' id='block_1_1' title="bbox 1260 360 2673 433">
    <p class='ocr_par' dir='ltr' id='par_1_1' title="bbox 1260 360 2673 433">
     <span class='ocr_line' id='line_1_1' title="bbox 1260 360 2673 433; baseline 0.013 -18"><span class='ocrx_word' id='word_1_1' title='bbox 1260 364 1472 416; x_wconf 77' lang='lat' dir='ltr'>Mutian</span> <span class='ocrx_word' id='word_1_2' title='bbox 1509 379 1579 418; x_wconf 83' lang='lat' dir='ltr'>an</span> <span class='ocrx_word' id='word_1_3' title='bbox 1617 360 1821 418; x_wconf 83' lang='lat' dir='ltr'>Urban.</span> <span class='ocrx_word' id='word_1_4' title='bbox 2548 369 2673 433; x_wconf 82' lang='lat'>437</span> 
     </span>
    </p>
   </div>
   <div class='ocr_carea' id='block_1_2' title="bbox 403 538 2676 963">
    <p class='ocr_par' dir='ltr' id='par_1_2' title="bbox 403 538 2676 963">
     <span class='ocr_line' id='line_1_2' title="bbox 403 538 2676 621; baseline 0.002 -22"><span class='ocrx_word' id='word_1_5' title='bbox 403 557 549 600; x_wconf 90' lang='lat' dir='ltr'>mea</span> <span class='ocrx_word' id='word_1_6' title='bbox 595 538 752 603; x_wconf 88' lang='lat' dir='ltr'>fides</span> <span class='ocrx_word' id='word_1_7' title='bbox 799 543 865 604; x_wconf 82' lang='lat' dir='ltr'>et</span> <span class='ocrx_word' id='word_1_8' title='bbox 909 538 1124 604; x_wconf 83' lang='lat' dir='ltr'>studia</span> <span class='ocrx_word' id='word_1_9' title='bbox 1170 538 1534 602; x_wconf 84' lang='lat' dir='ltr'>eommunia</span> <span class='ocrx_word' id='word_1_10' title='bbox 1580 539 1931 620; x_wconf 84' lang='lat' dir='ltr'>postulant,</span> <span class='ocrx_word' id='word_1_11' title='bbox 1980 539 2150 602; x_wconf 88' lang='lat' dir='ltr'>intra</span> <span class='ocrx_word' id='word_1_12' title='bbox 2194 539 2475 621; x_wconf 84' lang='lat' dir='ltr'>spatium</span> <span class='ocrx_word' id='word_1_13' title='bbox 2520 543 2676 604; x_wconf 89' lang='lat' dir='ltr'>anni</span> 
     </span>
     <span class='ocr_line' id='line_1_3' title="bbox 413 621 2671 703; baseline 0.002 -19"><span class='ocrx_word' id='word_1_14' title='bbox 413 621 530 685; x_wconf 91' lang='lat' dir='ltr'>deo</span> <span class='ocrx_word' id='word_1_15' title='bbox 576 623 854 703; x_wconf 87' lang='lat' dir='ltr'>volente,</span> <span class='ocrx_word' id='word_1_16' title='bbox 901 628 958 688; x_wconf 89' lang='lat' dir='ltr'>si</span> <span class='ocrx_word' id='word_1_17' title='bbox 1002 627 1242 701; x_wconf 84' lang='lat' dir='ltr'>vixero,</span> <span class='ocrx_word' id='word_1_18' title='bbox 1287 623 1635 703; x_wconf 82' lang='lat' dir='ltr'>retradam3</span> <span class='ocrx_word' id='word_1_19' title='bbox 1685 624 1782 687; x_wconf 89' lang='lat' dir='ltr'>sin</span> <span class='ocrx_word' id='word_1_20' title='bbox 1830 627 2043 688; x_wconf 89' lang='lat' dir='ltr'>autem</span> <span class='ocrx_word' id='word_1_21' title='bbox 2092 645 2219 687; x_wconf 89' lang='lat' dir='ltr'>non</span> <span class='ocrx_word' id='word_1_22' title='bbox 2270 646 2395 702; x_wconf 85' lang='lat' dir='ltr'>ero,</span> <span class='ocrx_word' id='word_1_23' title='bbox 2458 628 2671 690; x_wconf 88' lang='lat' dir='ltr'>tamen</span> 
     </span>
     <span class='ocr_line' id='line_1_4' title="bbox 403 708 2673 792; baseline 0.003 -22"><span class='ocrx_word' id='word_1_24' title='bbox 403 708 560 784; x_wconf 88' lang='lat' dir='ltr'>erit‚·</span> <span class='ocrx_word' id='word_1_25' title='bbox 612 711 721 791; x_wconf 88' lang='lat' dir='ltr'>qui</span> <span class='ocrx_word' id='word_1_26' title='bbox 789 711 948 774; x_wconf 80' lang='lat' dir='ltr'>satis</span> <span class='ocrx_word' id='word_1_27' title='bbox 1015 731 1155 773; x_wconf 89' lang='lat' dir='ltr'>meo</span> <span class='ocrx_word' id='word_1_28' title='bbox 1222 710 1478 773; x_wconf 88' lang='lat' dir='ltr'>nomine</span> <span class='ocrx_word' id='word_1_29' title='bbox 1544 709 1757 773; x_wconf 84' lang='lat' dir='ltr'>faciat.</span> <span class='ocrx_word' id='word_1_30' title='bbox 1849 710 1921 774; x_wconf 91' lang='lat' dir='ltr'>Id</span> <span class='ocrx_word' id='word_1_31' title='bbox 1968 709 2137 792; x_wconf 91' lang='lat' dir='ltr'>quod</span> <span class='ocrx_word' id='word_1_32' title='bbox 2195 709 2397 774; x_wconf 84' lang='lat' dir='ltr'>literis</span> <span class='ocrx_word' id='word_1_33' title='bbox 2444 715 2506 775; x_wconf 80' lang='lat' dir='ltr'>et</span> <span class='ocrx_word' id='word_1_34' title='bbox 2551 709 2673 776; x_wconf 87' lang='lat' dir='ltr'>hoc</span> 
     </span>
     <span class='ocr_line' id='line_1_5' title="bbox 409 793 2672 877; baseline 0.002 -22"><span class='ocrx_word' id='word_1_35' title='bbox 409 793 592 874; x_wconf 87' lang='lat' dir='ltr'>signo</span> <span class='ocrx_word' id='word_1_36' title='bbox 640 799 948 860; x_wconf 71' lang='lat' dir='ltr'>testatum</span> <span class='ocrx_word' id='word_1_37' title='bbox 999 796 1140 859; x_wconf 90' lang='lat' dir='ltr'>volo</span> <span class='ocrx_word' id='word_1_38' title='bbox 1188 795 1502 876; x_wconf 88' lang='lat' dir='ltr'>deumque</span> <span class='ocrx_word' id='word_1_39' title='bbox 1548 799 1775 858; x_wconf 85' lang='lat' dir='ltr'>testem</span> <span class='ocrx_word' id='word_1_40' title='bbox 1838 816 2137 877; x_wconf 82' lang='lat' dir='ltr'>nuncupo</span> <span class='ocrx_word' id='word_1_41' title='bbox 2200 796 2394 859; x_wconf 86' lang='lat' dir='ltr'>veluti</span> <span class='ocrx_word' id='word_1_42' title='bbox 2452 798 2672 877; x_wconf 83' lang='lat' dir='ltr'>cogni-</span> 
     </span>
     <span class='ocr_line' id='line_1_6' title="bbox 407 880 2671 963; baseline 0.002 -22"><span class='ocrx_word' id='word_1_43' title='bbox 407 884 606 942; x_wconf 77' lang='lat' dir='ltr'>torem</span> <span class='ocrx_word' id='word_1_44' title='bbox 653 881 1048 946; x_wconf 72' lang='lat' dir='ltr'>sinceritatis</span> <span class='ocrx_word' id='word_1_45' title='bbox 1097 885 1160 944; x_wconf 89' lang='lat' dir='ltr'>et</span> <span class='ocrx_word' id='word_1_46' title='bbox 1203 880 1368 944; x_wconf 91' lang='lat' dir='ltr'>fidei.</span> <span class='ocrx_word' id='word_1_47' title='bbox 1461 880 1633 958; x_wconf 84' lang='lat' dir='ltr'>Vale,</span> <span class='ocrx_word' id='word_1_48' title='bbox 1680 885 1861 963; x_wconf 85' lang='lat' dir='ltr'>pater</span> <span class='ocrx_word' id='word_1_49' title='bbox 1906 881 2311 963; x_wconf 83' lang='lat' dir='ltr'><strong>amplissime.</strong></span> <span class='ocrx_word' id='word_1_50' title='bbox 2406 882 2671 948; x_wconf 89' lang='lat' dir='ltr'>Eidibus</span> 
     </span>
    </p>
   </div>
   <div class='ocr_carea' id='block_1_3' title="bbox 407 964 1162 1106">
    <p class='ocr_par' dir='ltr' id='par_1_3' title="bbox 407 964 1162 1106">
     <span class='ocr_line' id='line_1_7' title="bbox 407 964 988 1031; baseline 0.003 -4"><span class='ocrx_word' id='word_1_51' title='bbox 407 964 622 1030; x_wconf 83' lang='lat' dir='ltr'><strong>Juniis</strong></span> <span class='ocrx_word' id='word_1_52' title='bbox 667 967 988 1031; x_wconf 86' lang='lat' dir='ltr'><strong>MDXIIII.</strong></span> 
     </span>
     <span class='ocr_line' id='line_1_8' title="bbox 709 1050 1162 1106; baseline -0.011 0"><span class='ocrx_word' id='word_1_53' title='bbox 709 1050 835 1106; x_wconf 80' lang='lat' dir='ltr'>Cod.</span> <span class='ocrx_word' id='word_1_54' title='bbox 869 1051 1004 1105; x_wconf 83' lang='lat' dir='ltr'><strong>Frof.</strong></span> <span class='ocrx_word' id='word_1_55' title='bbox 1045 1051 1162 1102; x_wconf 81' lang='lat'>177.</span> 
     </span>
    </p>
   </div>
   <div class='ocr_carea' id='block_1_4' title="bbox 397 1169 2666 1257">
    <p class='ocr_par' dir='ltr' id='par_1_4' title="bbox 397 1169 2666 1257">
     <span class='ocr_line' id='line_1_9' title="bbox 397 1169 2666 1257; baseline 0.001 -19"><span class='ocrx_word' id='word_1_56' title='bbox 397 1184 636 1255; x_wconf 68' lang='lat' dir='ltr'>(eutha.)</span> <span class='ocrx_word' id='word_1_57' title='bbox 1453 1169 1599 1233; x_wconf 78' lang='lat'><strong>36¹7.</strong></span> <span class='ocrx_word' id='word_1_58' title='bbox 2187 1187 2270 1241; x_wconf 90' lang='lat'>15.</span> <span class='ocrx_word' id='word_1_59' title='bbox 2308 1187 2435 1239; x_wconf 88' lang='lat' dir='ltr'>Juni</span> <span class='ocrx_word' id='word_1_60' title='bbox 2472 1189 2666 1257; x_wconf 84' lang='lat'>(1514).</span> 
     </span>
    </p>
   </div>
   <div class='ocr_carea' id='block_1_5' title="bbox 464 1279 2597 1461">
    <p class='ocr_par' dir='ltr' id='par_1_5' title="bbox 464 1279 2597 1461">
     <span class='ocr_line' id='line_1_10' title="bbox 1155 1279 1915 1352; baseline -0.004 0"><span class='ocrx_word' id='word_1_61' title='bbox 1155 1281 1448 1352; x_wconf 83' lang='lat' dir='ltr'>Mutian</span> <span class='ocrx_word' id='word_1_62' title='bbox 1492 1301 1592 1350; x_wconf 87' lang='lat' dir='ltr'>an</span> <span class='ocrx_word' id='word_1_63' title='bbox 1636 1279 1915 1350; x_wconf 84' lang='lat' dir='ltr'>Urban.</span> 
     </span>
     <span class='ocr_line' id='line_1_11' title="bbox 464 1391 2597 1461; baseline -0 -16"><span class='ocrx_word' id='word_1_64' title='bbox 464 1393 491 1458; x_wconf 89' lang='lat'><em>(</em></span> <span class='ocrx_word' id='word_1_65' title='bbox 501 1391 684 1446; x_wconf 62' lang='lat' dir='ltr'><strong><em>Urbem</em></strong></span> <span class='ocrx_word' id='word_1_66' title='bbox 716 1408 843 1461; x_wconf 69' lang='lat' dir='ltr'>may</span> <span class='ocrx_word' id='word_1_67' title='bbox 877 1391 998 1445; x_wconf 66' lang='lat' dir='ltr'>sem</span> <span class='ocrx_word' id='word_1_68' title='bbox 1038 1393 1168 1446; x_wconf 78' lang='lat' dir='ltr'>Geld</span> <span class='ocrx_word' id='word_1_69' title='bbox 1201 1393 1452 1448; x_wconf 76' lang='lat' dir='ltr'>behalcen.</span> <span class='ocrx_word' id='word_1_70' title='bbox 1522 1392 1686 1446; x_wconf 59' lang='lat' dir='ltr'>Buta</span> <span class='ocrx_word' id='word_1_71' title='bbox 1719 1409 1817 1445; x_wconf 78' lang='lat' dir='ltr'>um</span> <span class='ocrx_word' id='word_1_72' title='bbox 1850 1392 1949 1445; x_wconf 77' lang='lat' dir='ltr'>das</span> <span class='ocrx_word' id='word_1_73' title='bbox 1984 1392 2317 1445; x_wconf 76' lang='lat' dir='ltr'>Psalterium</span> <span class='ocrx_word' id='word_1_74' title='bbox 2362 1391 2597 1459; x_wconf 65' lang='lat' dir='ltr'>Fabam.)</span> 
     </span>
    </p>
   </div>
   <div class='ocr_carea' id='block_1_6' title="bbox 385 1475 2663 2936">
    <p class='ocr_par' dir='ltr' id='par_1_6' title="bbox 534 1475 2526 1626">
     <span class='ocr_line' id='line_1_12' title="bbox 534 1475 2526 1550; baseline -0.001 -11"><span class='ocrx_word' id='word_1_75' title='bbox 534 1488 784 1550; x_wconf 78' lang='lat' dir='ltr'>optimo</span> <span class='ocrx_word' id='word_1_76' title='bbox 822 1475 994 1549; x_wconf 76' lang='lat' dir='ltr'>pa&#39;tri</span> <span class='ocrx_word' id='word_1_77' title='bbox 1027 1488 1108 1540; x_wconf 85' lang='lat' dir='ltr'>H.</span> <span class='ocrx_word' id='word_1_78' title='bbox 1145 1490 1422 1549; x_wconf 78' lang='lat' dir='ltr'>Urbano,</span> <span class='ocrx_word' id='word_1_79' title='bbox 1458 1489 1732 1540; x_wconf 78' lang='lat' dir='ltr'>antistiti</span> <span class='ocrx_word' id='word_1_80' title='bbox 1767 1491 2181 1547; x_wconf 76' lang='lat' dir='ltr'><strong>oeconomice,</strong></span> <span class='ocrx_word' id='word_1_81' title='bbox 2228 1501 2342 1540; x_wconf 78' lang='lat' dir='ltr'>suo</span> <span class='ocrx_word' id='word_1_82' title='bbox 2376 1490 2526 1539; x_wconf 79' lang='lat' dir='ltr'>ami-</span> 
     </span>
     <span class='ocr_line' id='line_1_13' title="bbox 1195 1551 1872 1626; baseline -0.003 -16"><span class='ocrx_word' id='word_1_83' title='bbox 1195 1560 1440 1610; x_wconf 80' lang='lat' dir='ltr'>cissimo</span> <span class='ocrx_word' id='word_1_84' title='bbox 1479 1556 1590 1624; x_wconf 78' lang='lat' dir='ltr'>(M.</span> <span class='ocrx_word' id='word_1_85' title='bbox 1623 1551 1872 1626; x_wconf 72' lang='lat' dir='ltr'>Rufus).</span> 
     </span>
    </p>

    <p class='ocr_par' dir='ltr' id='par_1_7' title="bbox 385 1648 2663 2936">
     <span class='ocr_line' id='line_1_14' title="bbox 599 1648 2663 1735; baseline 0.001 -21"><span class='ocrx_word' id='word_1_86' title='bbox 599 1648 671 1715; x_wconf 89' lang='lat' dir='ltr'>Si</span> <span class='ocrx_word' id='word_1_87' title='bbox 700 1651 890 1728; x_wconf 86' lang='lat' dir='ltr'>vales,</span> <span class='ocrx_word' id='word_1_88' title='bbox 949 1651 1231 1734; x_wconf 83' lang='lat' dir='ltr'>gaude03</span> <span class='ocrx_word' id='word_1_89' title='bbox 1277 1653 1572 1735; x_wconf 84' lang='lat' dir='ltr'>equidem</span> <span class='ocrx_word' id='word_1_90' title='bbox 1603 1651 1801 1716; x_wconf 87' lang='lat' dir='ltr'>valeo.</span> <span class='ocrx_word' id='word_1_91' title='bbox 1878 1650 2141 1732; x_wconf 78' lang='lat' dir='ltr'>Impulit</span> <span class='ocrx_word' id='word_1_92' title='bbox 2170 1672 2269 1714; x_wconf 91' lang='lat' dir='ltr'>me</span> <span class='ocrx_word' id='word_1_93' title='bbox 2300 1651 2398 1714; x_wconf 88' lang='lat' dir='ltr'>tui</span> <span class='ocrx_word' id='word_1_94' title='bbox 2432 1652 2663 1718; x_wconf 82' lang='lat' dir='ltr'>caritas</span> 
     </span>
     <span class='ocr_line' id='line_1_15' title="bbox 393 1735 2663 1819; baseline 0.001 -21"><span class='ocrx_word' id='word_1_95' title='bbox 393 1737 459 1798; x_wconf 87' lang='lat' dir='ltr'>et</span> <span class='ocrx_word' id='word_1_96' title='bbox 503 1735 650 1800; x_wconf 85' lang='lat' dir='ltr'>fidei</span> <span class='ocrx_word' id='word_1_97' title='bbox 698 1741 848 1800; x_wconf 86' lang='lat' dir='ltr'>tuae</span> <span class='ocrx_word' id='word_1_98' title='bbox 893 1743 1090 1819; x_wconf 87' lang='lat' dir='ltr'>atque</span> <span class='ocrx_word' id='word_1_99' title='bbox 1135 1738 1559 1802; x_wconf 85' lang='lat' dir='ltr'>humanitatis</span> <span class='ocrx_word' id='word_1_100' title='bbox 1614 1738 1867 1814; x_wconf 83' lang='lat' dir='ltr'>notitia,</span> <span class='ocrx_word' id='word_1_101' title='bbox 1926 1743 2017 1813; x_wconf 86' lang='lat' dir='ltr'>ut,</span> <span class='ocrx_word' id='word_1_102' title='bbox 2079 1738 2250 1818; x_wconf 89' lang='lat' dir='ltr'>quod</span> <span class='ocrx_word' id='word_1_103' title='bbox 2309 1737 2466 1800; x_wconf 89' lang='lat' dir='ltr'>mihi</span> <span class='ocrx_word' id='word_1_104' title='bbox 2510 1759 2663 1800; x_wconf 87' lang='lat' dir='ltr'>con-</span> 
     </span>
     <span class='ocr_line' id='line_1_16' title="bbox 392 1821 2659 1907; baseline 0 -21"><span class='ocrx_word' id='word_1_105' title='bbox 392 1821 670 1886; x_wconf 85' lang='lat' dir='ltr'>ducibile</span> <span class='ocrx_word' id='word_1_106' title='bbox 747 1830 935 1901; x_wconf 85' lang='lat' dir='ltr'>esset,</span> <span class='ocrx_word' id='word_1_107' title='bbox 1007 1846 1045 1888; x_wconf 90' lang='lat' dir='ltr'>a</span> <span class='ocrx_word' id='word_1_108' title='bbox 1115 1829 1182 1888; x_wconf 91' lang='lat' dir='ltr'>te</span> <span class='ocrx_word' id='word_1_109' title='bbox 1245 1828 1553 1907; x_wconf 79' lang='lat' dir='ltr'>peterem3</span> <span class='ocrx_word' id='word_1_110' title='bbox 1628 1827 1691 1886; x_wconf 88' lang='lat' dir='ltr'>et</span> <span class='ocrx_word' id='word_1_111' title='bbox 1758 1830 1828 1887; x_wconf 88' lang='lat' dir='ltr'>tu</span> <span class='ocrx_word' id='word_1_112' title='bbox 1896 1822 2167 1887; x_wconf 81' lang='lat' dir='ltr'>fortasse</span> <span class='ocrx_word' id='word_1_113' title='bbox 2244 1823 2396 1886; x_wconf 89' lang='lat' dir='ltr'>mihi</span> <span class='ocrx_word' id='word_1_114' title='bbox 2472 1823 2659 1886; x_wconf 90' lang='lat' dir='ltr'>fidem</span> 
     </span>
     <span class='ocr_line' id='line_1_17' title="bbox 391 1906 2657 1992; baseline 0 -23"><span class='ocrx_word' id='word_1_115' title='bbox 391 1906 676 1973; x_wconf 80' lang='lat' dir='ltr'>habebas</span> <span class='ocrx_word' id='word_1_116' title='bbox 723 1909 1033 1988; x_wconf 82' lang='lat' dir='ltr'>(habuisti</span> <span class='ocrx_word' id='word_1_117' title='bbox 1082 1910 1248 1972; x_wconf 87' lang='lat' dir='ltr'>enim</span> <span class='ocrx_word' id='word_1_118' title='bbox 1295 1908 1589 1992; x_wconf 83' lang='lat' dir='ltr'>semper),</span> <span class='ocrx_word' id='word_1_119' title='bbox 1650 1909 1759 1972; x_wconf 85' lang='lat' dir='ltr'>sed</span> <span class='ocrx_word' id='word_1_120' title='bbox 1822 1909 1992 1992; x_wconf 91' lang='lat' dir='ltr'>quod</span> <span class='ocrx_word' id='word_1_121' title='bbox 2057 1911 2279 1990; x_wconf 88' lang='lat' dir='ltr'>optato</span> <span class='ocrx_word' id='word_1_122' title='bbox 2347 1908 2471 1972; x_wconf 85' lang='lat' dir='ltr'>frui</span> <span class='ocrx_word' id='word_1_123' title='bbox 2532 1929 2657 1972; x_wconf 90' lang='lat' dir='ltr'>non</span> 
     </span>
     <span class='ocr_line' id='line_1_18' title="bbox 390 1992 2659 2112; baseline 0 -56"><span class='ocrx_word' id='word_1_124' title='bbox 390 1992 712 2075; x_wconf 82' lang='lat' dir='ltr'>contigit‚¹</span> <span class='ocrx_word' id='word_1_125' title='bbox 777 2016 906 2059; x_wconf 88' lang='lat' dir='ltr'>non</span> <span class='ocrx_word' id='word_1_126' title='bbox 969 1994 1092 2059; x_wconf 88' lang='lat' dir='ltr'>tibi</span> <span class='ocrx_word' id='word_1_127' title='bbox 1152 2001 1482 2112; x_wconf 84' lang='lat' dir='ltr'>acceptum</span> <span class='ocrx_word' id='word_1_128' title='bbox 1540 1993 1764 2071; x_wconf 72' lang='lat' dir='ltr'>msere,</span> <span class='ocrx_word' id='word_1_129' title='bbox 1826 1994 1935 2058; x_wconf 89' lang='lat' dir='ltr'>sed</span> <span class='ocrx_word' id='word_1_130' title='bbox 1992 1995 2237 2076; x_wconf 88' lang='lat' dir='ltr'>imputo</span> <span class='ocrx_word' id='word_1_131' title='bbox 2282 1995 2516 2059; x_wconf 75' lang='lat' dir='ltr'>tricis⁸</span> <span class='ocrx_word' id='word_1_132' title='bbox 2559 1995 2659 2058; x_wconf 89' lang='lat' dir='ltr'>in-</span> 
     </span>
     <span class='ocr_line' id='line_1_19' title="bbox 388 2078 2660 2179; baseline 0 -37"><span class='ocrx_word' id='word_1_133' title='bbox 388 2081 790 2162; x_wconf 88' lang='lat' dir='ltr'>tempestivis</span> <span class='ocrx_word' id='word_1_134' title='bbox 853 2103 890 2144; x_wconf 88' lang='lat' dir='ltr'>a</span> <span class='ocrx_word' id='word_1_135' title='bbox 954 2078 1266 2146; x_wconf 83' lang='lat' dir='ltr'>Duronio²</span> <span class='ocrx_word' id='word_1_136' title='bbox 1332 2080 1619 2179; x_wconf 78' lang='lat' dir='ltr'>objectis,</span> <span class='ocrx_word' id='word_1_137' title='bbox 1729 2080 2070 2162; x_wconf 86' lang='lat' dir='ltr'>Reliquum</span> <span class='ocrx_word' id='word_1_138' title='bbox 2139 2083 2238 2144; x_wconf 88' lang='lat' dir='ltr'>est</span> <span class='ocrx_word' id='word_1_139' title='bbox 2304 2081 2519 2161; x_wconf 83' lang='lat' dir='ltr'>igitur,</span> <span class='ocrx_word' id='word_1_140' title='bbox 2587 2084 2660 2144; x_wconf 86' lang='lat' dir='ltr'>ut</span> 
     </span>
     <span class='ocr_line' id='line_1_20' title="bbox 388 2165 2655 2254; baseline 0.001 -26"><span class='ocrx_word' id='word_1_141' title='bbox 388 2166 716 2230; x_wconf 82' lang='lat' dir='ltr'>custodias</span> <span class='ocrx_word' id='word_1_142' title='bbox 789 2167 1142 2248; x_wconf 84' lang='lat' dir='ltr'>pecuniam,</span> <span class='ocrx_word' id='word_1_143' title='bbox 1217 2167 1375 2231; x_wconf 92' lang='lat' dir='ltr'>nihil</span> <span class='ocrx_word' id='word_1_144' title='bbox 1442 2169 1506 2230; x_wconf 90' lang='lat' dir='ltr'>in</span> <span class='ocrx_word' id='word_1_145' title='bbox 1580 2189 1707 2230; x_wconf 87' lang='lat' dir='ltr'>rem</span> <span class='ocrx_word' id='word_1_146' title='bbox 1780 2188 1985 2230; x_wconf 88' lang='lat' dir='ltr'>meam</span> <span class='ocrx_word' id='word_1_147' title='bbox 2020 2166 2402 2254; x_wconf 81' lang='lat' dir='ltr'>impendas,</span> <span class='ocrx_word' id='word_1_148' title='bbox 2495 2165 2655 2233; x_wconf 86' lang='lat' dir='ltr'>Nam</span> 
     </span>
     <span class='ocr_line' id='line_1_21' title="bbox 393 2238 2657 2334; baseline 0 -20"><span class='ocrx_word' id='word_1_149' title='bbox 393 2251 522 2315; x_wconf 88' lang='lat' dir='ltr'>alia</span> <span class='ocrx_word' id='word_1_150' title='bbox 565 2252 672 2315; x_wconf 87' lang='lat' dir='ltr'>via</span> <span class='ocrx_word' id='word_1_151' title='bbox 717 2253 983 2334; x_wconf 87' lang='lat' dir='ltr'>capiam,</span> <span class='ocrx_word' id='word_1_152' title='bbox 1032 2253 1131 2316; x_wconf 88' lang='lat' dir='ltr'>vel</span> <span class='ocrx_word' id='word_1_153' title='bbox 1177 2253 1348 2334; x_wconf 89' lang='lat' dir='ltr'>quod</span> <span class='ocrx_word' id='word_1_154' title='bbox 1380 2253 1614 2334; x_wconf 84' lang='lat' dir='ltr'>largiar</span> <span class='ocrx_word' id='word_1_155' title='bbox 1644 2253 1867 2316; x_wconf 86' lang='lat' dir='ltr'>amicis</span> <span class='ocrx_word' id='word_1_156' title='bbox 1900 2253 1993 2316; x_wconf 89' lang='lat' dir='ltr'>vel</span> <span class='ocrx_word' id='word_1_157' title='bbox 2020 2238 2197 2333; x_wconf 90' lang='lat' dir='ltr'>quod</span> <span class='ocrx_word' id='word_1_158' title='bbox 2233 2251 2657 2315; x_wconf 79' lang='lat' dir='ltr'>bibliothecae</span> 
     </span>
     <span class='ocr_line' id='line_1_22' title="bbox 387 2336 2655 2413; baseline 0 -12"><span class='ocrx_word' id='word_1_159' title='bbox 387 2336 688 2401; x_wconf 84' lang='lat' dir='ltr'>inferam:</span> <span class='ocrx_word' id='word_1_160' title='bbox 759 2342 1102 2403; x_wconf 88' lang='lat' dir='ltr'>contentus</span> <span class='ocrx_word' id='word_1_161' title='bbox 1169 2343 1284 2402; x_wconf 88' lang='lat' dir='ltr'>tua</span> <span class='ocrx_word' id='word_1_162' title='bbox 1353 2339 1523 2403; x_wconf 88' lang='lat' dir='ltr'>bona</span> <span class='ocrx_word' id='word_1_163' title='bbox 1594 2338 1938 2402; x_wconf 84' lang='lat' dir='ltr'>voluntate.</span> <span class='ocrx_word' id='word_1_164' title='bbox 2031 2337 2221 2402; x_wconf 83' lang='lat' dir='ltr'>Mitto</span> <span class='ocrx_word' id='word_1_165' title='bbox 2289 2338 2655 2413; x_wconf 78' lang='lat' dir='ltr'>manticam,</span> 
     </span>
     <span class='ocr_line' id='line_1_23' title="bbox 387 2421 2655 2508; baseline -0 -20"><span class='ocrx_word' id='word_1_166' title='bbox 387 2423 453 2488; x_wconf 91' lang='lat' dir='ltr'>in</span> <span class='ocrx_word' id='word_1_167' title='bbox 503 2429 630 2505; x_wconf 87' lang='lat' dir='ltr'>qu&#39;a</span> <span class='ocrx_word' id='word_1_168' title='bbox 677 2423 1021 2489; x_wconf 87' lang='lat' dir='ltr'>vilissimas</span> <span class='ocrx_word' id='word_1_169' title='bbox 1067 2446 1305 2489; x_wconf 83' lang='lat' dir='ltr'>meroes</span> <span class='ocrx_word' id='word_1_170' title='bbox 1350 2423 1723 2490; x_wconf 77' lang='lat' dir='ltr'>clitellarius</span> <span class='ocrx_word' id='word_1_171' title='bbox 1779 2421 2215 2508; x_wconf 81' lang='lat' dir='ltr'>hirquitallus³</span> <span class='ocrx_word' id='word_1_172' title='bbox 2272 2423 2655 2508; x_wconf 83' lang='lat' dir='ltr'>apportavit,</span> 
     </span>
     <span class='ocr_line' id='line_1_24' title="bbox 387 2510 2656 2593; baseline 0 -20"><span class='ocrx_word' id='word_1_173' title='bbox 387 2514 462 2573; x_wconf 90' lang='lat' dir='ltr'>ut</span> <span class='ocrx_word' id='word_1_174' title='bbox 529 2516 642 2574; x_wconf 85' lang='lat' dir='ltr'>tua</span> <span class='ocrx_word' id='word_1_175' title='bbox 711 2510 970 2575; x_wconf 80' lang='lat' dir='ltr'>solertia</span> <span class='ocrx_word' id='word_1_176' title='bbox 1045 2512 1332 2575; x_wconf 84' lang='lat' dir='ltr'>remittat</span> <span class='ocrx_word' id='word_1_177' title='bbox 1406 2533 1547 2575; x_wconf 85' lang='lat' dir='ltr'>cum</span> <span class='ocrx_word' id='word_1_178' title='bbox 1616 2533 1691 2574; x_wconf 89' lang='lat' dir='ltr'>ea</span> <span class='ocrx_word' id='word_1_179' title='bbox 1760 2510 1899 2593; x_wconf 86' lang='lat' dir='ltr'>ipsa</span> <span class='ocrx_word' id='word_1_180' title='bbox 1974 2510 2314 2574; x_wconf 84' lang='lat' dir='ltr'>Davidicos</span> <span class='ocrx_word' id='word_1_181' title='bbox 2389 2510 2656 2591; x_wconf 86' lang='lat' dir='ltr'>hymnos</span> 
     </span>
     <span class='ocr_line' id='line_1_25' title="bbox 392 2594 2652 2677; baseline 0 -18"><span class='ocrx_word' id='word_1_182' title='bbox 392 2594 849 2677; x_wconf 77' lang='lat' dir='ltr'>StapulensiS.‘</span> <span class='ocrx_word' id='word_1_183' title='bbox 939 2595 1124 2673; x_wconf 82' lang='lat' dir='ltr'>Cura,</span> <span class='ocrx_word' id='word_1_184' title='bbox 1172 2600 1246 2661; x_wconf 80' lang='lat' dir='ltr'>ut</span> <span class='ocrx_word' id='word_1_185' title='bbox 1291 2596 1520 2661; x_wconf 70' lang='lat' dir='ltr'>valeas</span> <span class='ocrx_word' id='word_1_186' title='bbox 1614 2596 1848 2660; x_wconf 75' lang='lat' dir='ltr'>Datum</span> <span class='ocrx_word' id='word_1_187' title='bbox 1907 2596 2007 2659; x_wconf 88' lang='lat' dir='ltr'>die</span> <span class='ocrx_word' id='word_1_188' title='bbox 2053 2594 2225 2659; x_wconf 88' lang='lat' dir='ltr'>Vithi</span> <span class='ocrx_word' id='word_1_189' title='bbox 2272 2600 2337 2660; x_wconf 85' lang='lat' dir='ltr'>et</span> <span class='ocrx_word' id='word_1_190' title='bbox 2383 2596 2652 2659; x_wconf 79' lang='lat' dir='ltr'>Modesti</span> 
     </span>
     <span class='ocr_line' id='line_1_26' title="bbox 391 2680 2649 2763; baseline 0 -20"><span class='ocrx_word' id='word_1_191' title='bbox 391 2684 452 2743; x_wconf 81' lang='lat' dir='ltr'>et</span> <span class='ocrx_word' id='word_1_192' title='bbox 491 2680 911 2746; x_wconf 84' lang='lat' dir='ltr'>Crescentiae.</span> <span class='ocrx_word' id='word_1_193' title='bbox 991 2681 1212 2746; x_wconf 77' lang='lat' dir='ltr'>Petam</span> <span class='ocrx_word' id='word_1_194' title='bbox 1259 2682 1402 2747; x_wconf 88' lang='lat' dir='ltr'>dedi</span> <span class='ocrx_word' id='word_1_195' title='bbox 1448 2682 1728 2747; x_wconf 79' lang='lat' dir='ltr'>Publio.⁵</span> <span class='ocrx_word' id='word_1_196' title='bbox 1805 2681 1948 2746; x_wconf 87' lang='lat' dir='ltr'>Tibi</span> <span class='ocrx_word' id='word_1_197' title='bbox 1992 2686 2203 2745; x_wconf 90' lang='lat' dir='ltr'>tamen</span> <span class='ocrx_word' id='word_1_198' title='bbox 2237 2703 2359 2762; x_wconf 85' lang='lat' dir='ltr'>ago</span> <span class='ocrx_word' id='word_1_199' title='bbox 2391 2682 2649 2763; x_wconf 75' lang='lat' dir='ltr'>gratias.</span> 
     </span>
     <span class='ocr_line' id='line_1_27' title="bbox 385 2766 2652 2849; baseline 0 -19"><span class='ocrx_word' id='word_1_200' title='bbox 385 2767 639 2831; x_wconf 77' lang='lat' dir='ltr'>Putasti</span> <span class='ocrx_word' id='word_1_201' title='bbox 686 2790 786 2832; x_wconf 93' lang='lat' dir='ltr'>me</span> <span class='ocrx_word' id='word_1_202' title='bbox 848 2790 985 2833; x_wconf 88' lang='lat' dir='ltr'>esse</span> <span class='ocrx_word' id='word_1_203' title='bbox 1039 2773 1170 2833; x_wconf 86' lang='lat' dir='ltr'>tam</span> <span class='ocrx_word' id='word_1_204' title='bbox 1230 2790 1658 2847; x_wconf 88' lang='lat' dir='ltr'>nummosum,</span> <span class='ocrx_word' id='word_1_205' title='bbox 1720 2772 1792 2832; x_wconf 90' lang='lat' dir='ltr'>ut</span> <span class='ocrx_word' id='word_1_206' title='bbox 1845 2767 2188 2849; x_wconf 84' lang='lat' dir='ltr'>implerem.</span> <span class='ocrx_word' id='word_1_207' title='bbox 2279 2766 2421 2831; x_wconf 91' lang='lat' dir='ltr'>Non</span> <span class='ocrx_word' id='word_1_208' title='bbox 2480 2767 2652 2833; x_wconf 85' lang='lat' dir='ltr'>soleo</span> 
     </span>
     <span class='ocr_line' id='line_1_28' title="bbox 387 2851 2655 2936; baseline 0 -21"><span class='ocrx_word' id='word_1_209' title='bbox 387 2852 550 2917; x_wconf 83' lang='lat' dir='ltr'>ferre</span> <span class='ocrx_word' id='word_1_210' title='bbox 600 2854 663 2916; x_wconf 90' lang='lat' dir='ltr'>in</span> <span class='ocrx_word' id='word_1_211' title='bbox 713 2875 876 2917; x_wconf 89' lang='lat' dir='ltr'>zona</span> <span class='ocrx_word' id='word_1_212' title='bbox 920 2853 1066 2935; x_wconf 89' lang='lat' dir='ltr'>plus</span> <span class='ocrx_word' id='word_1_213' title='bbox 1111 2876 1298 2936; x_wconf 87' lang='lat' dir='ltr'>quam</span> <span class='ocrx_word' id='word_1_214' title='bbox 1349 2858 1626 2936; x_wconf 86' lang='lat' dir='ltr'>quatuor</span> <span class='ocrx_word' id='word_1_215' title='bbox 1672 2851 1959 2917; x_wconf 64' lang='lat' dir='ltr'>striatosss</span> <span class='ocrx_word' id='word_1_216' title='bbox 2021 2854 2404 2931; x_wconf 76' lang='lat' dir='ltr'>nummUIOS,</span> <span class='ocrx_word' id='word_1_217' title='bbox 2453 2858 2525 2917; x_wconf 90' lang='lat' dir='ltr'>ut</span> <span class='ocrx_word' id='word_1_218' title='bbox 2570 2854 2655 2917; x_wconf 81' lang='lat' dir='ltr'>sit</span> 
     </span>
    </p>
   </div>
   <div class='ocr_carea' id='block_1_7' title="bbox 390 2938 2649 3077">
    <p class='ocr_par' dir='ltr' id='par_1_8' title="bbox 390 2938 2649 3077">
     <span class='ocr_line' id='line_1_29' title="bbox 390 2938 2649 3077; baseline -0 -75"><span class='ocrx_word' id='word_1_219' title='bbox 390 2938 471 3002; x_wconf 91' lang='lat' dir='ltr'>ad</span> <span class='ocrx_word' id='word_1_220' title='bbox 518 2960 800 3077; x_wconf 57' lang='lat' dir='ltr'>manucm(i</span> <span class='ocrx_word' id='word_1_221' title='bbox 849 2940 1368 3077; x_wconf 49' lang='lat' dir='ltr'>fflicod238fferatur</span> <span class='ocrx_word' id='word_1_222' title='bbox 1413 2940 1511 3003; x_wconf 89' lang='lat' dir='ltr'>vel</span> <span class='ocrx_word' id='word_1_223' title='bbox 1557 2939 1673 3004; x_wconf 89' lang='lat' dir='ltr'>deo</span> <span class='ocrx_word' id='word_1_224' title='bbox 1706 2940 1805 3003; x_wconf 87' lang='lat' dir='ltr'>vel</span> <span class='ocrx_word' id='word_1_225' title='bbox 1836 2944 2149 3021; x_wconf 60' lang='lat' dir='ltr'>egestosa</span> <span class='ocrx_word' id='word_1_226' title='bbox 2226 2940 2457 3003; x_wconf 77' lang='lat' dir='ltr'>lterum</span> <span class='ocrx_word' id='word_1_227' title='bbox 2497 2940 2649 3003; x_wconf 86' lang='lat' dir='ltr'>vale.</span> 
     </span>
     <span class='ocr_line' id='line_1_30' title="bbox 733 3038 1140 3077; baseline -0.005 0"><span class='ocrx_word' id='word_1_228' title='bbox 733 3038 764 3077; x_wconf 92' lang='lat' dir='ltr'>o</span> <span class='ocrx_word' id='word_1_229' title='bbox 803 3063 814 3075; x_wconf 93' lang='lat'><strong>.</strong></span> <span class='ocrx_word' id='word_1_230' title='bbox 973 3063 985 3075; x_wconf 87' lang='lat'><strong>.</strong></span> <span class='ocrx_word' id='word_1_231' title='bbox 1129 3064 1140 3075; x_wconf 92' lang='lat'><strong>.</strong></span> 
     </span>
    </p>
   </div>
   <div class='ocr_carea' id='block_1_8' title="bbox 385 3142 2648 3226">
    <p class='ocr_par' dir='ltr' id='par_1_9' title="bbox 385 3142 2648 3226">
     <span class='ocr_line' id='line_1_31' title="bbox 385 3142 2648 3226; baseline 0 -17"><span class='ocrx_word' id='word_1_232' title='bbox 385 3156 621 3226; x_wconf 78' lang='lat' dir='ltr'>(eotha.)</span> <span class='ocrx_word' id='word_1_233' title='bbox 1438 3142 1583 3206; x_wconf 82' lang='lat'><strong>368.</strong></span> <span class='ocrx_word' id='word_1_234' title='bbox 2221 3158 2299 3209; x_wconf 89' lang='lat'>15.</span> <span class='ocrx_word' id='word_1_235' title='bbox 2336 3156 2463 3208; x_wconf 86' lang='lat' dir='ltr'>Juni</span> <span class='ocrx_word' id='word_1_236' title='bbox 2503 3157 2648 3211; x_wconf 82' lang='lat'>1514.</span> 
     </span>
    </p>
   </div>
   <div class='ocr_carea' id='block_1_9' title="bbox 1141 3250 1900 3322">
    <p class='ocr_par' dir='ltr' id='par_1_10' title="bbox 1141 3250 1900 3322">
     <span class='ocr_line' id='line_1_32' title="bbox 1141 3250 1900 3322; baseline -0.001 -1"><span class='ocrx_word' id='word_1_237' title='bbox 1141 3251 1433 3322; x_wconf 82' lang='lat' dir='ltr'>Mutian</span> <span class='ocrx_word' id='word_1_238' title='bbox 1478 3272 1578 3321; x_wconf 85' lang='lat' dir='ltr'>an</span> <span class='ocrx_word' id='word_1_239' title='bbox 1621 3250 1900 3321; x_wconf 83' lang='lat' dir='ltr'>Urban.</span> 
     </span>
    </p>
   </div>
   <div class='ocr_carea' id='block_1_10' title="bbox 381 3360 2653 3431">
    <p class='ocr_par' dir='ltr' id='par_1_11' title="bbox 381 3360 2653 3431">
     <span class='ocr_line' id='line_1_33' title="bbox 381 3360 2653 3431; baseline -0.001 -16"><span class='ocrx_word' id='word_1_240' title='bbox 381 3362 631 3429; x_wconf 76' lang='lat' dir='ltr'>(Publius</span> <span class='ocrx_word' id='word_1_241' title='bbox 665 3362 758 3415; x_wconf 75' lang='lat' dir='ltr'>hat</span> <span class='ocrx_word' id='word_1_242' title='bbox 796 3380 914 3415; x_wconf 72' lang='lat' dir='ltr'>wem</span> <span class='ocrx_word' id='word_1_243' title='bbox 913 3379 991 3429; x_wconf 73' lang='lat'>296</span> <span class='ocrx_word' id='word_1_244' title='bbox 1025 3362 1233 3416; x_wconf 74' lang='lat' dir='ltr'>Bu’cker</span> <span class='ocrx_word' id='word_1_245' title='bbox 1266 3380 1368 3415; x_wconf 81' lang='lat' dir='ltr'>vcm</span> <span class='ocrx_word' id='word_1_246' title='bbox 1402 3362 1597 3429; x_wconf 75' lang='lat' dir='ltr'>Erfurt</span> <span class='ocrx_word' id='word_1_247' title='bbox 1632 3362 2091 3431; x_wconf 68' lang='lat' dir='ltr'>xuriielcqebraeht,</span> <span class='ocrx_word' id='word_1_248' title='bbox 2141 3360 2299 3413; x_wconf 81' lang='lat' dir='ltr'>leider</span> <span class='ocrx_word' id='word_1_249' title='bbox 2346 3361 2483 3413; x_wconf 76' lang='lat' dir='ltr'>auch</span> <span class='ocrx_word' id='word_1_250' title='bbox 2530 3360 2653 3413; x_wconf 79' lang='lat' dir='ltr'>Icein</span> 
     </span>
    </p>
   </div>
   <div class='ocr_carea' id='block_1_11' title="bbox 387 3379 2651 3567">
    <p class='ocr_par' dir='ltr' id='par_1_12' title="bbox 387 3379 2651 3567">
     <span class='ocr_line' id='line_1_34' title="bbox 387 3379 2648 3510; baseline -0.002 -25"><span class='ocrx_word' id='word_1_251' title='bbox 387 3431 650 3485; x_wconf 73' lang='lat' dir='ltr'>Gesolzenlo</span> <span class='ocrx_word' id='word_1_252' title='bbox 707 3436 778 3483; x_wconf 73' lang='lat' dir='ltr'>ilfr</span> <span class='ocrx_word' id='word_1_253' title='bbox 809 3379 965 3483; x_wconf 49' lang='lat' dir='ltr'>donzy</span> <span class='ocrx_word' id='word_1_254' title='bbox 930 3431 1138 3500; x_wconf 74' lang='lat' dir='ltr'>junym</span> <span class='ocrx_word' id='word_1_255' title='bbox 1184 3431 1441 3499; x_wconf 80' lang='lat' dir='ltr'>Hersfeld.</span> <span class='ocrx_word' id='word_1_256' title='bbox 1517 3432 1673 3510; x_wconf 74' lang='lat' dir='ltr'>Soryt</span> <span class='ocrx_word' id='word_1_257' title='bbox 1719 3430 1836 3483; x_wconf 75' lang='lat' dir='ltr'>sich</span> <span class='ocrx_word' id='word_1_258' title='bbox 1882 3430 2009 3483; x_wconf 75' lang='lat' dir='ltr'>iiber</span> <span class='ocrx_word' id='word_1_259' title='bbox 2056 3430 2261 3483; x_wconf 76' lang='lat' dir='ltr'>Schilos</span> <span class='ocrx_word' id='word_1_260' title='bbox 2322 3428 2648 3496; x_wconf 66' lang='lat' dir='ltr'>Weiqerzmy.</span> 
     </span>
     <span class='ocr_line' id='line_1_35' title="bbox 390 3497 2651 3567; baseline -0.002 -14"><span class='ocrx_word' id='word_1_261' title='bbox 390 3500 596 3553; x_wconf 75' lang='lat' dir='ltr'>Orotus’</span> <span class='ocrx_word' id='word_1_262' title='bbox 775 3516 842 3553; x_wconf 79' lang='lat' dir='ltr'>en</span> <span class='ocrx_word' id='word_1_263' title='bbox 892 3500 1023 3553; x_wconf 68' lang='lat' dir='ltr'>tiber</span> <span class='ocrx_word' id='word_1_264' title='bbox 1069 3500 1314 3554; x_wconf 68' lang='lat' dir='ltr'>Harbord</span> <span class='ocrx_word' id='word_1_265' title='bbox 1356 3500 1472 3553; x_wconf 81' lang='lat' dir='ltr'>und</span> <span class='ocrx_word' id='word_1_266' title='bbox 1523 3499 1678 3552; x_wconf 78' lang='lat' dir='ltr'>einen</span> <span class='ocrx_word' id='word_1_267' title='bbox 1730 3500 1934 3553; x_wconf 71' lang='lat' dir='ltr'>andern</span> <span class='ocrx_word' id='word_1_268' title='bbox 1971 3498 2345 3567; x_wconf 70' lang='lat' dir='ltr'>juyendlieken</span> <span class='ocrx_word' id='word_1_269' title='bbox 2396 3497 2651 3565; x_wconf 73' lang='lat' dir='ltr'>Ratyeber</span> 
     </span>
    </p>
   </div>
   <div class='ocr_carea' id='block_1_12' title="bbox 1389 3568 1651 3635">
    <p class='ocr_par' dir='ltr' id='par_1_13' title="bbox 1389 3568 1651 3635">
     <span class='ocr_line' id='line_1_36' title="bbox 1389 3568 1651 3635; baseline -0.008 -14"><span class='ocrx_word' id='word_1_270' title='bbox 1389 3568 1614 3635; x_wconf 69' lang='lat' dir='ltr'>Erfurts</span> <span class='ocrx_word' id='word_1_271' title='bbox 1618 3569 1651 3635; x_wconf 85' lang='lat'><em>)</em></span> 
     </span>
    </p>
   </div>
   <div class='ocr_carea' id='block_1_13' title="bbox 447 3661 2591 3796">
    <p class='ocr_par' dir='ltr' id='par_1_14' title="bbox 447 3661 2591 3796">
     <span class='ocr_line' id='line_1_37' title="bbox 447 3661 2591 3725; baseline -0.001 -12"><span class='ocrx_word' id='word_1_272' title='bbox 447 3663 826 3715; x_wconf 83' lang='lat' dir='ltr'>Venerando</span> <span class='ocrx_word' id='word_1_273' title='bbox 861 3665 1030 3725; x_wconf 80' lang='lat' dir='ltr'>patri</span> <span class='ocrx_word' id='word_1_274' title='bbox 1065 3665 1324 3715; x_wconf 80' lang='lat' dir='ltr'>Urbano</span> <span class='ocrx_word' id='word_1_275' title='bbox 1359 3664 1721 3715; x_wconf 79' lang='lat' dir='ltr'>christianis</span> <span class='ocrx_word' id='word_1_276' title='bbox 1756 3663 1957 3712; x_wconf 81' lang='lat' dir='ltr'>literis</span> <span class='ocrx_word' id='word_1_277' title='bbox 1992 3661 2429 3720; x_wconf 74' lang='lat' dir='ltr'>eruditissimo,</span> <span class='ocrx_word' id='word_1_278' title='bbox 2463 3674 2591 3711; x_wconf 85' lang='lat' dir='ltr'>non</span> 
     </span>
     <span class='ocr_line' id='line_1_38' title="bbox 539 3727 2495 3796; baseline -0.002 -14"><span class='ocrx_word' id='word_1_279' title='bbox 539 3732 804 3783; x_wconf 77' lang='lat' dir='ltr'>amando</span> <span class='ocrx_word' id='word_1_280' title='bbox 843 3732 1042 3783; x_wconf 77' lang='lat' dir='ltr'>solum</span> <span class='ocrx_word' id='word_1_281' title='bbox 1077 3733 1188 3783; x_wconf 80' lang='lat' dir='ltr'>sed</span> <span class='ocrx_word' id='word_1_282' title='bbox 1224 3735 1287 3784; x_wconf 83' lang='lat' dir='ltr'>et</span> <span class='ocrx_word' id='word_1_283' title='bbox 1323 3731 1671 3784; x_wconf 78' lang='lat' dir='ltr'>reverendo</span> <span class='ocrx_word' id='word_1_284' title='bbox 1708 3735 1771 3781; x_wconf 79' lang='lat' dir='ltr'>et</span> <span class='ocrx_word' id='word_1_285' title='bbox 1806 3730 2067 3781; x_wconf 89' lang='lat' dir='ltr'>eolendo</span> <span class='ocrx_word' id='word_1_286' title='bbox 2106 3728 2215 3796; x_wconf 76' lang='lat' dir='ltr'>(M.</span> <span class='ocrx_word' id='word_1_287' title='bbox 2251 3727 2495 3795; x_wconf 78' lang='lat' dir='ltr'>Rufus).</span> 
     </span>
    </p>
   </div>
   <div class='ocr_carea' id='block_1_14' title="bbox 589 3822 2644 3909">
    <p class='ocr_par' dir='ltr' id='par_1_15' title="bbox 589 3822 2644 3909">
     <span class='ocr_line' id='line_1_39' title="bbox 589 3822 2644 3909; baseline -0.002 -20"><span class='ocrx_word' id='word_1_288' title='bbox 589 3823 652 3889; x_wconf 91' lang='lat' dir='ltr'>S.</span> <span class='ocrx_word' id='word_1_289' title='bbox 744 3824 833 3889; x_wconf 89' lang='lat' dir='ltr'>Ut</span> <span class='ocrx_word' id='word_1_290' title='bbox 875 3824 1174 3890; x_wconf 88' lang='lat' dir='ltr'>Publius⁷</span> <span class='ocrx_word' id='word_1_291' title='bbox 1224 3827 1476 3909; x_wconf 84' lang='lat' dir='ltr'>aspexit</span> <span class='ocrx_word' id='word_1_292' title='bbox 1521 3846 1735 3889; x_wconf 82' lang='lat' dir='ltr'>sacras</span> <span class='ocrx_word' id='word_1_293' title='bbox 1780 3844 1973 3887; x_wconf 77' lang='lat' dir='ltr'>urnas</span> <span class='ocrx_word' id='word_1_294' title='bbox 2006 3822 2644 3899; x_wconf 82' lang='lat' dir='ltr'>semiustulat01·um,⁸</span> 
     </span>
    </p>
   </div>
   <div class='ocr_carea' id='block_1_15' title="bbox 375 3930 790 3939">
    <p class='ocr_par' dir='ltr' id='par_1_16' title="bbox 375 3930 790 3939">
     <span class='ocr_line' id='line_1_40' title="bbox 375 3930 790 3939; baseline 0 956"><span class='ocrx_word' id='word_1_295' title='bbox 375 3930 790 3939; x_wconf 95' lang='lat' dir='ltr'> </span> 
     </span>
    </p>
   </div>
   <div class='ocr_carea' id='block_1_16' title="bbox 373 3959 2644 4385">
    <p class='ocr_par' dir='ltr' id='par_1_17' title="bbox 373 3959 2644 4357">
     <span class='ocr_line' id='line_1_41' title="bbox 517 3959 773 4013; baseline 0.004 -1"><span class='ocrx_word' id='word_1_296' title='bbox 517 3974 546 4003; x_wconf 76' lang='lat' dir='ltr'>a</span> <span class='ocrx_word' id='word_1_297' title='bbox 577 3959 773 4013; x_wconf 71' lang='lat' dir='ltr'>trichis</span> 
     </span>
     <span class='ocr_line' id='line_1_42' title="bbox 379 4025 2641 4083; baseline -0.001 -1"><span class='ocrx_word' id='word_1_298' title='bbox 379 4029 602 4083; x_wconf 84' lang='lat' dir='ltr'>sondere</span> <span class='ocrx_word' id='word_1_299' title='bbox 635 4028 732 4082; x_wconf 83' lang='lat' dir='ltr'>Nr.</span> <span class='ocrx_word' id='word_1_300' title='bbox 770 4044 839 4081; x_wconf 86' lang='lat' dir='ltr'>an</span> <span class='ocrx_word' id='word_1_301' title='bbox 876 4030 990 4081; x_wconf 88' lang='lat'><strong>177.</strong></span> <span class='ocrx_word' id='word_1_302' title='bbox 1047 4028 1097 4081; x_wconf 81' lang='lat' dir='ltr'>S.</span> <span class='ocrx_word' id='word_1_303' title='bbox 1135 4030 1236 4083; x_wconf 83' lang='lat'>435</span> <span class='ocrx_word' id='word_1_304' title='bbox 1272 4031 1334 4082; x_wconf 90' lang='lat' dir='ltr'>A.</span> <span class='ocrx_word' id='word_1_305' title='bbox 1374 4030 1420 4082; x_wconf 89' lang='lat'>7.</span> <span class='ocrx_word' id='word_1_306' title='bbox 1531 4030 1547 4059; x_wconf 82' lang='lat'>¹</span> <span class='ocrx_word' id='word_1_307' title='bbox 1584 4028 1691 4080; x_wconf 88' lang='lat' dir='ltr'>Das</span> <span class='ocrx_word' id='word_1_308' title='bbox 1710 4025 1972 4081; x_wconf 87' lang='lat' dir='ltr'>Darlehen</span> <span class='ocrx_word' id='word_1_309' title='bbox 2012 4044 2115 4078; x_wconf 86' lang='lat' dir='ltr'>von</span> <span class='ocrx_word' id='word_1_310' title='bbox 2156 4026 2221 4079; x_wconf 90' lang='lat'>10</span> <span class='ocrx_word' id='word_1_311' title='bbox 2258 4025 2335 4079; x_wconf 88' lang='lat' dir='ltr'>Gl.</span> <span class='ocrx_word' id='word_1_312' title='bbox 2374 4025 2460 4078; x_wconf 88' lang='lat' dir='ltr'>Br.</span> <span class='ocrx_word' id='word_1_313' title='bbox 2489 4027 2589 4079; x_wconf 86' lang='lat'>365</span> <span class='ocrx_word' id='word_1_314' title='bbox 2610 4026 2641 4079; x_wconf 91' lang='lat' dir='ltr'>s.</span> 
     </span>
     <span class='ocr_line' id='line_1_43' title="bbox 448 4094 2644 4159; baseline -0.001 -10"><span class='ocrx_word' id='word_1_315' title='bbox 448 4098 468 4129; x_wconf 76' lang='lat'>²</span> <span class='ocrx_word' id='word_1_316' title='bbox 503 4097 611 4149; x_wconf 88' lang='lat' dir='ltr'>Der</span> <span class='ocrx_word' id='word_1_317' title='bbox 643 4097 766 4149; x_wconf 81' lang='lat' dir='ltr'>A.bt</span> <span class='ocrx_word' id='word_1_318' title='bbox 805 4096 855 4151; x_wconf 78' lang='lat' dir='ltr'>S.</span> <span class='ocrx_word' id='word_1_319' title='bbox 879 4097 978 4151; x_wconf 88' lang='lat'>108</span> <span class='ocrx_word' id='word_1_320' title='bbox 998 4100 1058 4149; x_wconf 93' lang='lat' dir='ltr'>A.</span> <span class='ocrx_word' id='word_1_321' title='bbox 1084 4099 1127 4149; x_wconf 93' lang='lat'>1.</span> <span class='ocrx_word' id='word_1_322' title='bbox 1237 4100 1258 4130; x_wconf 81' lang='lat'>³</span> <span class='ocrx_word' id='word_1_323' title='bbox 1291 4098 1422 4150; x_wconf 75' lang='lat' dir='ltr'>»Der</span> <span class='ocrx_word' id='word_1_324' title='bbox 1457 4096 1838 4150; x_wconf 82' lang='lat' dir='ltr'>bookduftende</span> <span class='ocrx_word' id='word_1_325' title='bbox 1874 4095 2271 4159; x_wconf 53' lang='lat' dir='ltr'>Paekkneohtoq</span> <span class='ocrx_word' id='word_1_326' title='bbox 2308 4094 2392 4146; x_wconf 85' lang='lat' dir='ltr'>hir</span> <span class='ocrx_word' id='word_1_327' title='bbox 2428 4094 2644 4147; x_wconf 84' lang='lat' dir='ltr'>uitallus</span> 
     </span>
     <span class='ocr_line' id='line_1_44' title="bbox 382 4136 2641 4243; baseline -0.002 -24"><span class='ocrx_word' id='word_1_328' title='bbox 382 4168 457 4220; x_wconf 84' lang='lat' dir='ltr'>oft</span> <span class='ocrx_word' id='word_1_329' title='bbox 491 4188 560 4204; x_wconf 86' lang='lat'><strong><em>=</em></strong></span> <span class='ocrx_word' id='word_1_330' title='bbox 595 4165 904 4243; x_wconf 82' lang='lat' dir='ltr'>pubescens.</span> <span class='ocrx_word' id='word_1_331' title='bbox 1047 4167 1068 4197; x_wconf 77' lang='lat'>⁴</span> <span class='ocrx_word' id='word_1_332' title='bbox 1102 4165 1220 4234; x_wconf 88' lang='lat' dir='ltr'>Vgl.</span> <span class='ocrx_word' id='word_1_333' title='bbox 1250 4165 1299 4219; x_wconf 82' lang='lat' dir='ltr'>S.</span> <span class='ocrx_word' id='word_1_334' title='bbox 1327 4166 1430 4218; x_wconf 84' lang='lat'>434</span> <span class='ocrx_word' id='word_1_335' title='bbox 1467 4167 1528 4218; x_wconf 88' lang='lat' dir='ltr'><strong>A</strong></span> <span class='ocrx_word' id='word_1_336' title='bbox 1558 4166 1603 4217; x_wconf 75' lang='lat'>2.</span> <span class='ocrx_word' id='word_1_337' title='bbox 1748 4167 1768 4197; x_wconf 79' lang='lat'>⁵</span> <span class='ocrx_word' id='word_1_338' title='bbox 1802 4164 2034 4217; x_wconf 86' lang='lat' dir='ltr'>Mutians</span> <span class='ocrx_word' id='word_1_339' title='bbox 2070 4136 2277 4215; x_wconf 65' lang='lat' dir='ltr'>Diener&#39;.</span> <span class='ocrx_word' id='word_1_340' title='bbox 2317 4162 2366 4215; x_wconf 84' lang='lat' dir='ltr'>S.</span> <span class='ocrx_word' id='word_1_341' title='bbox 2424 4164 2488 4216; x_wconf 89' lang='lat'>07</span> <span class='ocrx_word' id='word_1_342' title='bbox 2511 4166 2571 4214; x_wconf 83' lang='lat' dir='ltr'>A.</span> <span class='ocrx_word' id='word_1_343' title='bbox 2594 4163 2641 4214; x_wconf 75' lang='lat'>⁶2.</span> 
     </span>
     <span class='ocr_line' id='line_1_45' title="bbox 444 4231 2643 4299; baseline -0.002 -12"><span class='ocrx_word' id='word_1_344' title='bbox 444 4234 468 4266; x_wconf 56' lang='grc' dir='ltr'>ὖ</span> <span class='ocrx_word' id='word_1_345' title='bbox 499 4233 793 4299; x_wconf 79' lang='lat' dir='ltr'>»Gerieste«,</span> <span class='ocrx_word' id='word_1_346' title='bbox 831 4234 932 4287; x_wconf 87' lang='lat' dir='ltr'>wie</span> <span class='ocrx_word' id='word_1_347' title='bbox 968 4250 1024 4287; x_wconf 88' lang='lat' dir='ltr'>es</span> <span class='ocrx_word' id='word_1_348' title='bbox 1061 4235 1145 4287; x_wconf 91' lang='lat' dir='ltr'>die</span> <span class='ocrx_word' id='word_1_349' title='bbox 1180 4234 1389 4287; x_wconf 87' lang='lat' dir='ltr'>kleinen</span> <span class='ocrx_word' id='word_1_350' title='bbox 1413 4233 1841 4299; x_wconf 83' lang='lat' dir='ltr'>Kupfermiinzen</span> <span class='ocrx_word' id='word_1_351' title='bbox 1866 4248 2056 4286; x_wconf 86' lang='lat' dir='ltr'>waren</span> <span class='ocrx_word' id='word_1_352' title='bbox 2114 4234 2145 4285; x_wconf 92' lang='lat'><strong>3</strong></span> <span class='ocrx_word' id='word_1_353' title='bbox 2173 4231 2643 4298; x_wconf 75' lang='lat' dir='ltr'>»Striehpfennige«</span> 
     </span>
     <span class='ocr_line' id='line_1_46' title="bbox 373 4300 2640 4385; baseline -0.001 -31"><span class='ocrx_word' id='word_1_354' title='bbox 373 4326 443 4344; x_wconf 94' lang='lat'>==</span> <span class='ocrx_word' id='word_1_355' title='bbox 481 4303 508 4354; x_wconf 89' lang='lat'>1</span> <span class='ocrx_word' id='word_1_356' title='bbox 549 4301 633 4355; x_wconf 84' lang='lat' dir='ltr'>Gr.</span> <span class='ocrx_word' id='word_1_357' title='bbox 764 4302 783 4333; x_wconf 83' lang='lat'>⁷</span> <span class='ocrx_word' id='word_1_358' title='bbox 821 4302 1054 4357; x_wconf 87' lang='lat' dir='ltr'>Mutiaus</span> <span class='ocrx_word' id='word_1_359' title='bbox 1089 4302 1298 4357; x_wconf 90' lang='lat' dir='ltr'>Diener.</span> <span class='ocrx_word' id='word_1_360' title='bbox 1371 4302 1458 4357; x_wconf 85' lang='lat' dir='ltr'>Br.</span> <span class='ocrx_word' id='word_1_361' title='bbox 1497 4303 1613 4357; x_wconf 83' lang='lat'><strong>357.</strong></span> <span class='ocrx_word' id='word_1_362' title='bbox 1742 4302 1762 4332; x_wconf 78' lang='lat'><strong>⁸</strong></span> <span class='ocrx_word' id='word_1_363' title='bbox 1796 4300 1949 4353; x_wconf 90' lang='lat' dir='ltr'>Beim</span> <span class='ocrx_word' id='word_1_364' title='bbox 1986 4300 2419 4385; x_wconf 84' lang='lat' dir='ltr'>Bonifaziusfeste</span> <span class='ocrx_word' id='word_1_365' title='bbox 2455 4300 2507 4351; x_wconf 88' lang='lat' dir='ltr'>in</span> <span class='ocrx_word' id='word_1_366' title='bbox 2546 4300 2640 4351; x_wconf 85' lang='lat' dir='ltr'>Er-</span> 
     </span>
    </p>
   </div>
   <div class='ocr_carea' id='block_1_17' title="bbox 371 4370 747 4425">
    <p class='ocr_par' dir='ltr' id='par_1_18' title="bbox 371 4370 747 4425">
     <span class='ocr_line' id='line_1_47' title="bbox 371 4370 747 4425; baseline -0.006 -1"><span class='ocrx_word' id='word_1_367' title='bbox 371 4372 482 4425; x_wconf 87' lang='lat' dir='ltr'>furt</span> <span class='ocrx_word' id='word_1_368' title='bbox 520 4372 569 4424; x_wconf 86' lang='lat'>5.</span> <span class='ocrx_word' id='word_1_369' title='bbox 605 4370 747 4425; x_wconf 84' lang='lat' dir='ltr'>Juni.</span> 
     </span>
    </p>
   </div>
  </div>
 </body>
</html>
