3084 4895
474 438 555 514 18
900 443 909 453 ’
1146 432 1321 502 Briei'e
1357 447 1439 501 bis
1474 463 1592 500 zum
1629 445 1830 500 Herbst
1869 445 2014 500 1505.

476 619 710 684 dixerit
756 641 891 684 esse
949 618 1347 703 sapientem?
1437 619 1590 695 Quis
1652 641 1777 682 non
1841 619 2044 700 magis
2106 617 2337 681 coleret
2403 618 2714 681 eruditum

473 705 859 788 Pygmaeum
926 727 1115 788 quam
1186 706 1592 770 rudissimum
1662 705 2020 786 Gigantem,
2090 726 2280 786 quum
2352 705 2716 785 praesertim

476 813 603 855 non
648 792 840 856 robur
883 792 948 855 in
994 793 1298 876 magistro
1346 791 1454 855 sed
1486 792 1814 856 literatura
1847 791 2232 871 quaeratur?
2323 789 2418 852 An
2463 790 2717 870 ignoras

476 879 655 959 parvi
678 879 955 961 corporis
989 900 1126 942 esse
1158 899 1459 960 gemmae,
1484 879 1862 958 margaritas
1892 882 1956 941 et
1986 877 2488 959 pretiosissima*
2528 897 2718 956 quae-

475 963 657 1046 que‘?
744 963 915 1028 Satis
983 969 1175 1028 notus
1238 969 1335 1027 est
1393 965 1740 1027 versiculus
1799 963 1930 1026 ille:
1990 963 2269 1042 ,Ingenio
2338 962 2548 1043 pollet,
2618 963 2718 1024 cui

478 1049 605 1114 vim
653 1055 882 1114 natura
928 1048 1227 1131 negavit',
1238 1049 1254 1080 ¹
1304 1054 1368 1114 et
1413 1050 1645 1113 dicitur
1693 1051 1901 1113 nescio
1949 1049 2024 1111 de
2069 1069 2222 1130 quo:
2273 1047 2554 1128 ,Ingenio
2601 1069 2715 1129 pu-

474 1156 665 1217 gnax,
739 1157 995 1234 corpore
1058 1157 1289 1218 parvus
1353 1135 1522 1198 erat!
1613 1135 1682 1198 Si
1728 1135 1809 1198 ob
1854 1136 1919 1197 id
1965 1133 2360 1217 Spalatinum
2429 1134 2714 1216 despiciS,

476 1221 645 1302 quod
691 1222 815 1303 ipsi
870 1223 1080 1286 minus
1136 1222 1300 1286 celsa
1363 1223 1702 1302 contigerit
1755 1225 2018 1298 statura,
2077 1220 2216 1282 vide
2263 1243 2340 1280 ne
2386 1221 2572 1282 simul
2621 1243 2756 1304 me·

476 1308 651 1388 parvi
683 1308 943 1389 pendas,
964 1310 992 1347 ¹³
1058 1309 1158 1371 cui
1194 1307 1316 1372 duo
1350 1328 1579 1388 magna
1614 1307 1918 1370 beneficia
1950 1306 2122 1370 dedit
2144 1307 2518 1368 immortalis
2545 1307 2716 1383 deuS,

476 1397 549 1457 ut
595 1415 791 1457 essem
839 1396 1104 1459 idoneus
1150 1394 1337 1456 rebus
1383 1393 1902 1456 administrandis
1949 1398 2012 1455 et
2056 1415 2093 1453 a
2136 1393 2364 1455 studiis
2398 1392 2713 1456 literarum

475 1479 967 1561 haudquaquam
1023 1502 1298 1544 aversus
1390 1479 1572 1555 Quod
1627 1485 1835 1542 autem
1893 1484 1955 1542 te
2011 1478 2215 1562 jactas
2261 1479 2340 1540 ob
2388 1479 2712 1558 antiquam

475 1564 869 1645 fidelitatem,
915 1568 1163 1648 agimus
1210 1566 1328 1628 tibi
1373 1566 1612 1646 gratias
1659 1570 1721 1627 et
1751 1565 2082 1628 laudamus
2119 1569 2182 1627 et
2214 1569 2423 1644 patres
2469 1570 2718 1627 nostros

476 1653 539 1714 in
588 1652 827 1716 coelum
879 1652 1263 1728 extollimuS,
1312 1652 1483 1732 quod
1524 1651 1698 1714 nulla
1731 1653 1862 1714 sint
1889 1651 2350 1731 ingratitudine
2384 1651 2712 1712 notabiles

476 1737 568 1800 Tu
615 1739 808 1801 verba
875 1738 1321 1815 disseminasti,
1383 1759 1602 1802 aurum
1665 1737 1994 1818 collegisti,
2057 1759 2165 1818 pro
2213 1737 2565 1800 Alexandro
2614 1737 2717 1798 de—

475 1822 753 1888 mortuo²
800 1847 1026 1906 panem
1074 1829 1137 1886 et
1182 1825 1396 1886 vinum
1446 1825 1763 1906 accepisti.
1858 1823 2104 1898 Fecisti,
2140 1823 2525 1898 mihicrede,
2559 1823 2716 1885 satis

477 1909 729 1974 uberem
775 1911 1175 1987 vindemiam,
1223 1911 1382 1972 sat-is
1433 1909 1816 1972 fructuosam
1875 1931 2154 1972 messem.
2233 1909 2540 1990 Relinque
2573 1909 2718 1970 huic

468 1995 689 2076 juveni
721 1997 943 2060 saltem
981 1998 1469 2059 racemationem
1515 2004 1579 2057 et
1625 1997 2037 2076 spicilegium.
2117 1995 2384 2057 Cautum
2421 2000 2518 2057 est
2551 1995 2715 2056 enim

472 2081 609 2162 lege
656 2081 955 2160 Mosaica,
1005 2105 1081 2144 ne
1128 2083 1269 2165 quis
1314 2104 1533 2162 agrum
1583 2103 1767 2143 suum
1812 2086 2018 2144 totum
2077 2082 2453 2163 penitusque
2508 2082 2716 2142 deme-

471 2171 654 2244 teret,
713 2169 822 2231 sed
878 2169 1231 2250 portionem
1296 2169 1576 2248 aliquam
1639 2169 1944 2248 egestosis
1997 2165 2429 2250 relinqueret.³
2513 2166 2716 2248 Hujus

472 2253 633 2334 legis
679 2257 747 2317 tu
795 2255 1087 2318 sacerdos
1132 2254 1423 2317 oblivisci
1469 2274 1596 2316 non
1647 2253 1855 2327 debes,
1904 2260 1967 2316 et
2012 2254 2065 2316 si
2109 2254 2190 2316 ob
2239 2259 2506 2316 aetatem
2557 2252 2716 2315 obli-

471 2339 745 2418 visceris,
808 2362 926 2404 nos
982 2346 1045 2403 te
1092 2361 1579 2403 commonemus
1593 2338 1618 2368 “
1713 2339 2036 2403 Hactenus
2095 2345 2184 2418 tu,
2248 2339 2513 2414 Urbane,
2575 2361 2716 2402 cum

477 2426 691 2490 vetulo
747 2427 913 2509 gallo
975 2426 1333 2491 contendes,
1424 2425 1608 2489 Nunc
1671 2449 1748 2489 ne
1803 2447 2113 2490 moremur
2174 2431 2284 2490 aut
2321 2431 2384 2489 te
2431 2429 2541 2489 aut
2603 2424 2716 2487 ab·-

474 2512 705 2590 batem,
754 2517 872 2577 aut
914 2514 1209 2595 prodesse
1256 2513 1357 2575 cui
1404 2512 1548 2575 volo
1595 2535 1672 2575 ne
1719 2513 1973 2589 obsim,⁴
2021 2514 2239 2576 demus
2287 2514 2464 2593 equis
2509 2513 2718 2575 frenos

472 2600 644 2661 etin
690 2600 1062 2663 coenobium
1122 2601 1358 2662 alacres
1414 2599 1822 2681 pervolemus
1915 2600 2065 2662 Vale
2119 2606 2182 2663 et
2238 2599 2493 2681 ignosce
2555 2598 2716 2679 jocis

474 2690 540 2748 et
584 2685 846 2750 cavilliS.
939 2686 1216 2767 Raptim.

788 2784 910 2837 Cod.
947 2784 1079 2839 Frcf.
1116 2785 1197 2839 35.

473 2936 656 2991 Gotha.
1555 2923 1648 2986 17.
2251 2938 2510 3008 (Sommer
2546 2939 2715 3008 1505.)

1227 3050 1512 3120 Mutian
1559 3069 1656 3118 an
1701 3049 1973 3119 Urban.

507 3175 745 3243 (Mutian
780 3175 895 3229 will
924 3176 1028 3229 mit
1065 3176 1317 3245 Spa-latin
1351 3195 1479 3231 xum
1514 3178 1657 3231 Abte.
1729 3178 1930 3231 Fb-eude
1963 3178 2089 3231 iiber
2122 3178 2300 3231 dessen
2335 3178 2680 3246 Austellum.)

595 3290 842 3366 Optimo
880 3293 942 3340 et
980 3291 1395 3342 eruditissimo
1431 3293 1703 3343 Enricho
1740 3293 2016 3351 Urbano,
2051 3295 2269 3351 penori
2304 3297 2368 3343 et
2401 3294 2594 3343 facul-

878 3377 1116 3427 tatibus
1153 3378 1521 3439 Georgianis
1557 3377 1894 3438 praefecto,
1930 3380 2017 3428 Μ.
2056 3375 2320 3446 (Rufus).

679 3486 741 3553 S.
829 3488 912 3552 Et
957 3511 1072 3571 ego
1124 3490 1322 3554 laetor
1368 3491 1429 3553 in
1480 3489 1598 3569 his,
1647 3512 1808 3571 quae
1854 3492 2086 3574 scripta
2141 3495 2293 3555 sunt
2354 3490 2524 3553 mihi
2616 3491 2717 3553 Dii

474 3573 703 3652 faxint,
730 3581 802 3637 ut
828 3576 989 3639 citra
1011 3577 1477 3639 incommodum
1504 3542 1905 3658 peienniter⁰
1946 3578 2265 3641 laetemur.
2317 3577 2712 3659 Spalatinum

473 3661 536 3722 in
585 3625 966 3743 colloquium
1030 3663 1385 3745 postulabo,
1478 3663 1601 3727 Ubi
1647 3664 1725 3725 ad
1772 3685 1869 3726 me
1917 3664 2356 3738 decucurrerit,
2418 3664 2602 3726 simul
2649 3664 2712 3725 in

472 3746 725 3809 domum
796 3747 1035 3811 domini
1105 3749 1339 3813 ibimus
1420 3750 1764 3813 salutatum
1831 3749 2126 3812 abbatem
2196 3750 2712 3812 sacratissimum.

472 3833 768 3897 Gratulor
800 3835 923 3916 piis
953 3836 1272 3898 tironibus
1318 3836 1740 3916 auspicaturis
1785 3835 1983 3898 latina
2016 3836 2228 3898 studia
2261 3835 2377 3897 sub
2413 3835 2714 3931 magistro

474 3922 571 3999 (ut
596 3940 778 4000 parce
802 3918 1078 4000 laudem)
1114 3921 1566 3984 literatissimo.
1617 3920 1913 3984 Gratulor
1944 3922 2093 3984 item
2121 3930 2266 3985 tuae
2295 3922 2587 3996 bonitati,
2615 3922 2714 3983 cui

470 4004 815 4069 fidissimus
846 4007 1055 4069 socius
1087 4007 1360 4071 accedet.
1433 4007 1574 4071 Non
1611 4008 1778 4070 enim
1815 4008 1878 4069 in
1915 4008 2200 4070 oratione
2234 4012 2482 4069 tantum
2518 4008 2716 4069 latina

467 4091 685 4173 pollet,
722 4092 830 4155 sed
863 4094 1051 4155 etiam
1086 4094 1455 4174 integritate
1492 4115 1731 4156 morum
1771 4094 2290 4156 commendabilis
2325 4102 2438 4155 est.
2517 4093 2714 4156 Stilus

470 4178 799 4259 utriusque
871 4184 1144 4242 vestrum
1209 4180 1451 4241 nitidus
1512 4183 1608 4242 est
1651 4184 1713 4241 et
1759 4180 2007 4243 sobrius
2053 4185 2115 4243 et
2161 4203 2287 4242 una
2348 4202 2486 4243 cum
2549 4179 2716 4241 vitae

606 4327 632 4414 ιιι
661 4313 1061 4379 preciosissima.
1202 4315 1618 4415 bgparvipendas.
1760 4316 2156 4383 c·pe1henniter.
2155 4386 2180 4421 9
2255 4386 2275 4416 a
2632 4382 2711 4435 92

532 4452 557 4482 ⁴
593 4382 973 4520 Ῡέῗῒῦῗίῗθ
981 4383 1159 4521 Idffffi,
1189 4454 1255 4503 14
1256 4383 1858 4521 ,133810811ιῇΙὲξῖἓῇθῖᾖέ
1859 4384 2215 4521 {inii-prigggsse
2239 4383 2716 4505 1013101811ῗὲ0Ξῇηᾷ
