3084 4895
512 403 638 468 386
1339 384 1520 456 Briefe
1557 378 1649 454 des
1684 378 1734 455 J.
1776 383 1923 455 1318.

513 597 642 640 non
713 595 850 640 esse
915 573 1380 642 Romanensem
1447 577 1561 638 aut
1622 571 1975 638 timendum
2042 561 2518 655 sycophantam.
2610 556 2767 644 'fam

507 663 674 726 enim
727 659 1056 737 coenobio,
1103 681 1182 724 ne
1226 659 1305 722 lis
1350 658 1565 727 futura
1624 658 1860 724 vobis⁸
1914 663 2160 735 noceat,
2204 660 2503 726 timemus
2571 683 2765 745 quam

507 749 678 812 hunc
723 745 1164 810 Findisensem
1210 744 1554 826 diligimus,
1646 743 1812 828 Vale.

809 847 934 902 Ood.
971 845 1104 902 Frof.
1147 845 1261 898 122.

506 1035 738 1106 (Gotha.)
877 989 886 996 -
1560 1017 1703 1082 314.
1995 1033 2145 1104 (kurz
2182 1050 2277 1089 vor
2313 1037 2392 1090 15.
2430 1034 2547 1091 Okt.
2588 1038 2765 1107 1513.)

1253 1143 1545 1216 Mutian
1590 1164 1688 1214 an
1732 1143 2014 1221 Urban.

505 1273 898 1342 (Eut-schaldem
941 1273 1073 1338 sich,
1111 1274 1238 1327 dass
1273 1291 1332 1327 er
1384 1274 1492 1326 ‘etat
1523 1271 1675 1325 nieht
1708 1289 1783 1326 an
1816 1273 2077 1326 Reuchlin
2120 1273 2361 1337 sehr-cibe,
2396 1275 2469 1327 da
2501 1274 2615 1339 dae,
2651 1293 2767 1329 was

503 1360 560 1398 er
617 1347 689 1414 ἅς·
721 1342 822 1396 ilm
854 1342 1210 1408 unternehme,
1247 1360 1347 1396 noc
1421 1341 1777 1478 ⁹²2}ngst
1792 1343 1884 1395 sei.
1964 1343 2151 1396 Oratus
2185 1343 2299 1396 und
2331 1343 2569 1416 Her-bom
2598 1345 2767 1410 selden

1155 1526 1238 1578 Η.
1273 1526 1529 1577 Urbano
1567 1537 1678 1576 suo
1716 1525 1827 1593 (Η.
1860 1523 2107 1592 Eume).

717 1635 780 1700 S.
892 1635 1128 1701 Hilaris
1201 1637 1510 1701 Hilarium
1588 1627 1849 1719 accepi.¹
1971 1635 2214 1716 Cetera,
2288 1659 2429 1701 cum
2505 1637 2767 1701 redierit

507 1719 916 1804 Campegus.²
1007 1722 1104 1787 Ad
1153 1721 1545 1806 Capnionem
1591 1724 1733 1788 ideo
1780 1722 1945 1788 nihil
1969 1724 2037 1788 in
2068 1725 2425 1807 praesentia
2466 1724 2763 1797 scribam,

503 1809 673 1890 quod
739 1808 1019 1872 nondum
1088 1809 1456 1891 expeditum
1518 1811 1622 1883 sit,
1680 1809 1852 1892 quod
1896 1830 2090 1872 conor
2134 1815 2198 1873 et
2242 1809 2346 1873 ille
2392 1807 2761 1874 desiderat.³

503 1893 774 1978 Impedit
840 1896 1032 1960 etiam
1098 1895 1438 1959 vindemia.
1530 1894 1624 1959 Tu
1671 1895 1911 1958 scribas
1969 1900 2082 1959 tuo
2147 1917 2339 1972 more,
2407 1917 2533 1977 quo
2602 1896 2761 1959 nihil
2852 1911 2855 1914 ’

504 1979 861 2044 absolutius
911 1981 1396 2065 perfectiusque.
1485 1981 1636 2048 Vale
1681 1986 1747 2046 et
1790 1981 1870 2044 da
1916 1983 2163 2045 veniam
2211 1981 2368 2045 nihil
2428 1982 2755 2046 scribenti.

504 2066 758 2130 Scribat
820 2065 1048 2131 Crotus
1095 2073 1159 2130 et
1203 2066 1657 2132 Herebordus⁴
1748 2066 1864 2131 Hie
1929 2069 2031 2142 sui
2094 2068 2360 2151 ‚ordinis'
2427 2090 2758 2132 assensum

506 2157 570 2216 et
613 2152 895 2217 officium
943 2155 1365 2236 repromittat,
1410 2155 1533 2218 iste
1580 2174 1726 2216 vero
1772 2153 2167 2218 Hartmanni-
2207 2152 2498 2219 1101111111.εἶ
2589 2153 2757 2218 Vale.

805 2252 927 2307 Ood.
962 2253 1095 2308 Frcf.
1135 2253 1248 2308 126.

497 2439 688 2496 Erfurt.
1550 2427 1694 2493 315.
2280 2445 2359 2499 15.
2401 2441 2517 2499 okt.
2558 2441 2757 2514 (1513).

1210 2553 1466 2636 Urban
1509 2574 1608 2625 an
1652 2555 2041 2628 Reuchlin.

498 2680 894 2751 (Entschultiiyt
929 2682 1176 2736 Mutians
1215 2684 1512 2756 Schweiqen
1544 2685 1649 2748 mit
1682 2686 1859 2751 dessezz,
1894 2684 2079 2749 Arbeit
2112 2685 2175 2737 in
2208 2684 2301 2737 der
2347 2684 2601 2738 Weinlese
2643 2685 2761 2737 und

496 2751 692 2819 beldaqt
736 2752 820 2804 die
878 2751 1306 2821 Wic‘rdelosiykeit
1341 2754 1345 2759 '
1466 2754 1719 2821 Erfurter
1756 2754 2045 2821 Theoloyen,
2093 2754 2218 2807 dass
2264 2753 2342 2807 sie
2386 2754 2486 2807 den
2520 2753 2757 2807 Kb’lnem

852 2848 858 2853 ·
1105 2890 1110 2895 ὓ
1277 2850 1282 2855 ·
1441 2822 1813 2891 bei-stimuum.)

533 2934 576 2987 J
578 2934 768 2986 oanni
801 2935 1118 2993 Reuchlin
1144 2936 1590 2997 jurisconsulto
1629 2941 1693 2991 et
1726 2938 2017 3000 theologo
2053 2949 2309 2997 summo,
2344 2938 2545 2987 nostri
2578 2949 2713 2997 sae·-

638 3019 766 3071 culi
801 3024 1164 3078 ornamento
1199 3024 1559 3085 praecipuo,
1604 3023 2001 3085 praeceptori
2037 3035 2149 3073 suo
2183 3022 2265 3078 Η.
2301 3022 2616 3084 Urbanus.

702 3132 837 3196 Pax
899 3137 1130 3213 tecum,
1198 3138 1380 3217 pater
1445 3136 1865 3202 sanctissime.
1956 3133 2283 3197 Mutianus
2350 3138 2565 3197 n‘oster
2628 3132 2749 3197 nisi

500 3216 851 3284 laborasset
913 3219 976 3283 in
1041 3220 1380 3294 vindemia,
1453 3222 1733 3286 dedisset
1800 3220 2081 3285 Statario
2150 3220 2469 3283 baculario
2533 3220 2749 3283 literas

500 3326 612 3387 pro
658 3327 772 3368 sua
816 3307 882 3369 in
929 3310 994 3369 te
1037 3307 1292 3388 pietate.
1384 3308 1667 3371 Daturus
1710 3314 1807 3371 est
1851 3308 2027 3371 brevi
2070 3307 2287 3372 oblato
2320 3306 2445 3370 alio
2479 3326 2747 3382 cursore,

498 3392 600 3454 cui
645 3396 787 3454 tuto
836 3391 1068 3457 credat.
1160 3391 1230 3455 Si
1275 3394 1405 3463 ulla
1449 3403 1618 3457 esset
1662 3395 1944 3475 gravitas
1988 3394 2053 3455 in
2100 3393 2503 3473 theologistis
2560 3391 2746 3474 hujus

499 3477 752 3544 scholae
799 3483 913 3541 aut
957 3480 1012 3547 si
1057 3480 1290 3543 scirent
1332 3481 1762 3560 ignorantiam
1828 3502 2026 3557 suam,
2092 3501 2215 3542 non
2278 3479 2748 3542 subscriberent

500 3564 998 3629 Arnobardistis.
1089 3564 1220 3629 Nos
1269 3564 1711 3648 Capnobatae⁷
1782 3588 2000 3631 sumus
2055 3570 2118 3629 et
2174 3570 2324 3629 tuae
2391 3565 2745 3646 dignitatis,

631 3715 659 3742 a
685 3700 836 3755 nobis
875 3699 1023 3753 Tem.

635 3771 652 3801 ²
687 3771 791 3821 Am
827 3768 874 3821 2.
912 3768 1046 3823 Nov.
1083 3768 1343 3822 berichtet
1377 3786 1447 3837 er,
1486 3770 1581 3823 das
1616 3769 1769 3823 Buch
1803 3768 2003 3839 gefalle.
2074 3768 2160 3821 Br.
2202 3769 2317 3822 317.
2435 3769 2455 3801 ²
2488 3767 2623 3820 War
2661 3767 2750 3819 auf

495 3838 580 3891 die
614 3836 955 3891 Frankfurter
988 3838 1161 3891 Messe
1197 3839 1402 3907 gereist.
1458 3838 1577 3907 Vgl.
1614 3838 1701 3892 ΒΓ.
1732 3839 1855 3893 297.
1928 3838 2044 3890 Den
2070 3838 2185 3891 dort
2208 3837 2485 3906 gekausten
2514 3836 2747 3889 Hilarius

494 3908 638 3961 hatte
677 3923 735 3960 er
766 3908 1195 3976 vor-ausgesandt.
1317 3908 1338 3940 ⁸
1369 3908 1857 3975 Kampschulte‚
1894 3907 1995 3961 Un.
2032 3906 2136 3961 Erf.
2172 3906 2215 3972 1.
2254 3907 2354 3959 166
2388 3905 2600 3959 bezieht
2636 3906 2747 3958 dies

497 3976 615 4029 »auf
645 3976 828 4044 irgend
867 3976 950 4028 ein
986 3992 1192 4045 grosses
1227 3976 1643 4031 Untemehmen.
1680 3978 1775 4030 das
1810 3994 1867 4029 er
1899 3977 1985 4029 fiir
2018 3974 2276 4029 Reuchlin
2314 3974 2747 4043 beabsichtigte«;

491 4044 741 4114 richtiger
794 4045 936 4098 wohl
989 4046 1244 4115 Geiger,
1297 4044 1516 4101 Reuchl.
1556 4045 1606 4099 S.
1645 4046 1747 4099 280
1780 4048 1841 4100 A.
1882 4048 1913 4097 2
1948 4045 2041 4097 auf
2073 4046 2174 4100 den
2221 4060 2386 4112 gegen
2431 4042 2618 4097 Urban
2662 4059 2746 4095 am

492 4112 572 4167 22.
609 4116 694 4167 Au
733 4156 743 4167 .
786 4114 921 4167 1513
957 4118 1291 4184 geausserten
1327 4114 1572 4167 Wunsch
1605 4114 1910 4177 ReuchlinS.
1936 4114 2171 4167 derselbe
2208 4114 2418 4167 mochte
2438 4114 2531 4165 das
2550 4112 2747 4165 kaiser-

490 4182 632 4236 liche
727 4183 885 4236 andat
922 4183 976 4235 in
1009 4182 1188 4237 Erfurt
1223 4182 1492 4237 offentlich
1528 4183 1846 4251 anschlagen
1896 4183 2085 4238 lassen.
2228 4185 2250 4213 ⁴
2286 4182 2532 4235 Gesch‘ah
2584 4180 2746 4236 nicht.

492 4252 678 4307 Crotus
721 4252 928 4305 schrieb
965 4255 1072 4305 erst
1110 4268 1194 4305 am
1233 4252 1314 4307 26.
1351 4252 1468 4305 Jan.
1509 4254 1657 4306 1514.
1728 4252 1847 4321 Vgl.
1886 4252 2142 4319 Geiger‚
2178 4250 2240 4305 R.
2291 4251 2499 4304 Briefw.
2538 4248 2589 4305 S.
2630 4249 2745 4303 211.

492 4322 514 4353 ὓ
547 4321 653 4373 Der
679 4320 850 4388 jurist.
889 4319 1144 4389 Fakulffit,
1182 4321 1265 4373 die
1289 4322 1438 4374 nicht
1457 4322 1557 4373 mit
1580 4323 1683 4373 den
1711 4321 2004 4389 Theologen
2039 4320 2306 4389 gestimmt
2324 4321 2487 4374 hatte.
2584 4320 2606 4351 ⁶
2642 4318 2749 4371 Des

491 4390 656 4511 Abitels
690 4406 794 4510 vp3n
830 4388 1011 4446 Fulda.
1121 4392 1140 4423 ⁷
1174 4389 1407 4443 Mutians
1441 4390 1719 4443 Ausdruck
1755 4390 1807 4442 in
1843 4390 1929 4444 Br.
1968 4388 2083 4445 309.
2154 4381 2301 4443 Uber
2338 4388 2750 4443 Arnobardistae

492 4473 533 4512 s,
589 4475 618 4511 o
640 4474 686 4527 g.
772 4473 810 4512 r.
