3084 4895
419 393 460 471 4
1105 399 1277 456 Briefe
1312 400 1394 455 bis
1431 418 1545 456 zum
1586 386 1787 455 Herbst
1828 396 1972 457 1505.

421 600 547 660 qua
579 600 642 641 re
673 598 877 641 coram
926 575 1317 656 locupletius
1412 574 1813 638 Benedictus'
1864 577 2026 657 petit
2070 577 2370 640 rusticum
2439 595 2655 641 canem

422 670 632 728 aetate
679 662 997 739 tenellum,
1047 662 1252 724 indole
1284 682 1677 742 generosum,
1714 663 1950 725 viribus
1984 664 2409 744 conspicuum.
2492 665 2657 727 Haec

421 756 647 831 rogatu
695 749 863 812 illius
909 750 972 811 in
1019 748 1236 811 literas
1282 748 1495 810 refero,
1593 749 1874 812 Sabbato
1939 749 2203 812 salutem
2275 749 2430 812 mihi
2494 752 2657 812 dixit

425 838 700 901 decanus
751 838 962 899 noster
1007 835 1260 896 nomine
1304 833 1704 915 Degenliardi
1750 834 2122 916 Peffingeri;
2170 835 2418 899 addidit
2456 836 2655 917 jacta-

425 923 676 985 bundus
721 944 786 985 se
833 925 1108 984 creatum
1158 918 1640 982 consiliarium.²
1730 920 1901 984 Esto.
1993 921 2153 997 Quid
2200 922 2253 983 si
2300 943 2405 983 rex
2454 922 2659 986 factus

422 1008 634 1072 esset‘?
723 1003 1062 1071 Martinus⁸
1108 1006 1302 1068 habet
1363 1005 1531 1068 domi
1589 1007 1745 1069 duos
1803 1007 1985 1083 filios,
2054 1008 2293 1069 scribas
2362 1009 2661 1090 principis

429 1096 785 1157 Hessorum.
875 1093 924 1155 li
970 1093 1267 1173 quoniam
1319 1092 1476 1154 bene
1524 1092 1736 1155 vestiti
1798 1100 1965 1169 sunt,
2029 1093 2422 1157 celebrantur
2467 1117 2503 1159 a
2548 1115 2661 1175 po-

427 1182 591 1262 pulo
691 1180 922 1259 Vulgus
967 1178 1170 1258 decipi
1217 1178 1370 1251 vult,
1401 1182 1465 1241 et
1496 1177 1705 1258 fulgor
1752 1181 2039 1252 vestium,
2088 1202 2411 1261 equorum,
2458 1180 2662 1243 famu-

424 1268 548 1331 litii
595 1271 836 1329 mentes
884 1264 1204 1327 hominum
1255 1263 1442 1326 simul
1488 1271 1551 1325 et
1596 1264 1811 1327 oculos
1873 1263 2257 1347 perstringit.
2350 1266 2514 1342 Vale,
2576 1268 2661 1329 mi

427 1353 833 1416 dilectissime
883 1350 1148 1424 Urbane,
1197 1355 1372 1431 pater
1421 1349 1827 1413 eruditorum.

731 1450 851 1504 Cod.
889 1450 1020 1502 Frcf.
1062 1450 1140 1501 12.

428 1640 655 1709 (Gotha,)
1505 1623 1565 1687 4.
2068 1638 2263 1692 Herbst
2300 1640 2455 1707 (etwa
2494 1641 2661 1709 1505).

1165 1748 1453 1819 Mutian
1498 1770 1591 1818 an
1640 1748 1913 1819 Urban.

664 1878 842 1945 (Danlc
874 1878 970 1945 fiir
1012 1878 1269 1931 Geschenlc
1302 1878 1417 1931 und
1461 1878 1836 1945 Ver-sicheruny
1880 1879 1970 1930 der
2002 1878 2427 1945 Freuudschaft.)

520 1992 893 2043 Venerando
929 1993 1097 2052 patri
1131 1993 1212 2042 Η.
1249 1992 1506 2043 Urbano
1544 1994 1825 2053 epitropo
1862 1993 2478 2052 circumspectissimo
2517 1994 2579 2041 et

1127 2079 1524 2138 integerrimo
1564 2075 1671 2144 (M.
1708 2076 1950 2145 Rufus).

634 2188 862 2254 Salvus
884 2192 989 2266 siS‚
1021 2190 1270 2255 Urbane
1295 2191 1645 2271 carissime3
1676 2203 1704 2236 »ὅ
1748 2192 1909 2255 addo
1938 2214 2051 2254 nec
2078 2192 2414 2253 immerito:
2452 2190 2671 2252 huma-

431 2276 706 2339 nissime.
797 2276 881 2340 Ut
926 2284 1173 2359 gratum
1224 2276 1415 2340 habui
1463 2299 1692 2340 munus
1738 2283 1937 2353 tuum,
1985 2278 2075 2341 ita
2109 2276 2306 2341 dolori
2341 2276 2489 2339 mihi
2528 2275 2666 2347 fuit,

429 2363 597 2442 quod
656 2364 924 2443 gratiam
995 2364 1218 2426 referre
1265 2385 1388 2426 non
1436 2365 1634 2445 potui.
1725 2364 1883 2427 Nam
1942 2368 2187 2447 praeter
2254 2363 2368 2426 has
2425 2361 2669 2425 steriles

429 2449 644 2512 literas
710 2450 865 2512 nihil
913 2473 1166 2533 possum
1216 2450 1293 2512 ad
1340 2461 1402 2512 te
1449 2453 1719 2522 mittere,
1781 2452 1950 2533 quod
2009 2452 2170 2531 grati
2233 2450 2427 2513 animi
2489 2451 2669 2511 testi-

431 2535 713 2598 monium
765 2558 911 2617 prae
957 2559 1022 2599 se
1067 2537 1245 2599 ferat.
1341 2541 1422 2599 At
1454 2536 1666 2599 forsan
1700 2539 1761 2600 in
1796 2559 1870 2600 ea
1903 2560 1968 2600 es
2000 2537 2313 2618 opinione,
2361 2556 2486 2615 qua
2518 2540 2668 2596 sunt

432 2622 782 2684 doctissimi
853 2623 990 2691 viri.
1051 2630 1122 2686 ut
1167 2622 1508 2686 amicitiam
1564 2645 1686 2687 non
1733 2625 1918 2706 pretii
1985 2623 2408 2704 mercedisque
2479 2643 2667 2684 causa

433 2706 778 2783 colendam,
807 2709 913 2772 sed
946 2708 1114 2791 quod
1149 2709 1284 2791 ipsa
1321 2731 1427 2790 per
1458 2731 1593 2771 sese
1624 2711 1651 2748 b
1699 2710 1881 2792 plena
1909 2709 2159 2773 virtutis
2193 2707 2669 2787 honestatisque

432 2793 539 2868 sit,
588 2795 1003 2876 expetendam
1054 2817 1189 2857 esse
1234 2795 1444 2858 ducas,
1536 2795 1671 2876 Ego
1728 2796 1913 2877 plane
1945 2797 2035 2859 sic
2071 2797 2275 2858 sentio
2308 2800 2495 2874 teque
2528 2814 2667 2855 amo

433 2879 513 2941 ob
563 2879 801 2959 ingenii
847 2885 911 2943 et
957 2902 1196 2944 morum
1244 2880 1647 2962 elegantiam,
1685 2884 1951 2965 primum
1988 2882 2152 2964 quod
2188 2886 2359 2943 caste
2392 2900 2669 2960 pureque

433 2965 656 3045 lingua
702 2967 896 3029 uteris
943 2968 1162 3042 latina,
1210 2967 1434 3029 deinde
1482 2967 1652 3047 quod
1705 2969 1823 3030 mei
1870 2968 2108 3031 ordinis
2154 2967 2460 3038 homines,
2511 2963 2575 3025 h..
2616 2985 2665 3024 e.

431 3051 710 3114 eruditos
755 3057 818 3114 et
863 3052 1092 3133 probos
1138 3053 1473 3135 plurimum
1533 3053 1764 3135 diligis.
1859 3054 1985 3116 Nec
2048 3055 2265 3116 metior
2327 3051 2666 3114 amicitiam

433 3158 542 3218 spe
589 3142 700 3200 aut
747 3140 1220 3219 exspectatione
1249 3151 1273 3178 ⁰
1321 3141 1617 3203 utilitatis
1664 3140 1854 3204 sicuti
1901 3140 2148 3220 vulgae,
2194 3139 2361 3219 quod
2396 3140 2667 3200 testatur

431 3223 691 3286 inclitus
726 3236 910 3304 poeta
943 3226 1128 3289 unico
1163 3247 1369 3288 versu:
1411 3224 1687 3308 „Vulgus
1712 3225 2027 3289 amicitias
2050 3225 2326 3288 utilitate
2355 3219 2669 3304 probat.“‘

433 3307 589 3371 Nam
639 3309 828 3374 etiam
875 3312 927 3372 si
977 3311 1130 3374 nihil
1177 3313 1334 3393 opiS,
1384 3311 1541 3375 nihil
1608 3313 2056 3388 emolumenti,
2099 3312 2255 3374 nihil
2316 3306 2667 3390 compendii

568 3529 596 3556 α
622 3515 942 3567 charissime.
1083 3518 1110 3555 b
1138 3531 1194 3567 se
1231 3531 1300 3568 se.
1442 3529 1466 3556 ο
1495 3517 1867 3582 expectatione.
2661 3577 2670 3587 ί

576 3586 589 3614 ¹
628 3584 687 3637 B.
726 3583 962 3642 Rufinus,
1002 3584 1283 3636 dienender
1319 3584 1501 3636 Knabe
1538 3585 1783 3646 MutianS,
1812 3585 1945 3638 iiber
1982 3585 2045 3636 10
2078 3582 2253 3637 Jahro.
2279 3585 2414 3632 etwa
2449 3580 2529 3632 bis
2565 3578 2673 3631 Juh

438 3651 570 3703 1512
609 3653 735 3721 (vgl.
774 3652 860 3706 Br.
899 3652 1019 3719 24⁴2)
1057 3653 1110 3704 in
1148 3654 1322 3704 seinen
1361 3654 1629 3710 Diensten.
1680 3655 1815 3705 dann
1853 3670 1953 3705 von
1990 3655 2105 3704 dem
2156 3651 2399 3702 ltalienor
2452 3649 2675 3716 Chryso-

437 3723 641 3772 stomus
678 3720 755 3772 als
792 3721 1053 3790 Begleiter
1089 3723 1194 3774 und
1230 3722 1595 3774 Dolmetscher
1620 3738 2009 3788 angenommen.
2069 3721 2167 3773 Die
2200 3720 2355 3771 letzte
2388 3716 2677 3789 Nachricht

413 3805 530 3844 ,aus
579 3790 699 3841 dem
735 3790 783 3843 J.
825 3792 958 3843 1515
993 3791 1048 3842 in
1086 3790 1172 3842 ΒΥ.
1210 3793 1324 3844 533.
1470 3793 1489 3822 ²
1523 3791 1585 3844 D.
1635 3790 1929 3857 Pfeffinger,
1975 3788 2253 3842 Kursiirstl.
2301 3787 2415 3850 R-at,
2452 3787 2491 3853 †
2531 3787 2675 3838 1519.

435 3857 552 3925 Vgl.
591 3858 1017 3925 Seckendorf,
1065 3859 1201 3913 Hist.
1239 3859 1452 3913 Luther.
1490 3860 1531 3924 I,
1570 3861 1650 3913 67.
1724 3860 1821 3911 Die
1858 3859 1972 3911 Zeit
2006 3859 2175 3910 sciner
2208 3857 2522 3922 Ernennung
2558 3870 2675 3905 zum

439 3925 538 3978 Rat
574 3925 700 3978 lasst
735 3928 849 3980 sich
901 3928 1049 3980 nicht
1091 3929 1242 3980 mehr
1284 3928 1603 3981 urkundlich
1652 3927 1994 3980 nachweisen.
2066 3928 2137 3979 Er
2189 3923 2464 3991 begleitete
2513 3923 2675 3974 schon

440 3995 573 4047 1493
611 3996 709 4047 den
752 3995 1066 4050 Kurfiirsten
1103 3998 1239 4050 nach
1275 3997 1555 4066 Balastina.
1611 3997 1717 4049 Der
1734 3997 1913 4049 Dekan
1932 3997 2074 4049 hiess
2101 3994 2333 4047 Gerhard
2367 3991 2677 4044 Mai-schalk.

434 4063 554 4130 Vgl.
611 4080 675 4115 zu
732 4064 816 4118 Br.
873 4066 939 4117 24
997 4066 1228 4119 Schluss
1371 4069 1392 4098 ⁸
1426 4067 1575 4119 Ohne
1629 4065 1838 4118 Zweifel
1891 4066 1983 4117 der
2038 4060 2465 4127 handelsiichtige
2508 4059 2680 4132 ,Vikar

435 4131 623 4184 Martin
659 4133 928 4198 PlattsuSS,
976 4135 1108 4186 iiber
1141 4137 1240 4187 den
1278 4136 1413 4188 auch
1449 4136 1502 4186 in
1539 4135 1625 4188 Br.
1666 4133 1731 4186 78
1768 4134 1975 4202 geklagt
2030 4134 2174 4186 wird.
2247 4130 2438 4188 Beck,
2494 4131 2676 4183 Gesch.

436 4201 644 4253 GothaS.
719 4202 887 4256 Gotha
947 4203 1078 4257 1870
1128 4205 1196 4266 II,
1253 4205 1367 4258 306.
1439 4203 1869 4256 Innnatrikuliert
1922 4202 2029 4256 Ost.
2093 4204 2222 4253 1455
2275 4200 2325 4250 in
2377 4197 2552 4248 Erfurt
2606 4199 2681 4250 als

436 4269 691 4322 Martinus
729 4271 997 4324 Placztuss
1033 4274 1097 4325 de
1136 4274 1516 4340 (iuokishagen,
1554 4272 1698 4324 seine
1737 4272 1922 4323 beiden
1958 4271 2129 4324 Soline
2165 4271 2241 4322 als
2278 4266 2542 4319 Conradus
2578 4268 2681 4319 und

437 4339 618 4390 Daniel
659 4339 923 4393 Placzfuss
961 4341 1024 4393 de
1061 4342 1230 4394 Gotha
1273 4342 1414 4396 1488.
1468 4342 1613 4393 1497.
1688 4340 2181 4402 Weissenborn,
2234 4337 2402 4388 Akten
2438 4334 2484 4388 d.
2525 4335 2679 4388 Univ.

435 4407 536 4459 Erf.
590 4407 741 4460 Halle
783 4410 908 4463 1881
949 4410 989 4478 l,
1030 4411 1142 4465 248.
1185 4412 1301 4463 421.
1339 4412 1390 4463 11
1428 4410 1623 4478 (1884),
1654 4410 1763 4462 197.
1855 4411 1875 4441 ⁴
1910 4408 2059 4461 Ovid.
2090 4407 2180 4473 Ep.
2204 4423 2269 4458 ex
2289 4405 2452 4456 Ponto
2473 4403 2607 4472 11,3,
2631 4405 2679 4460 8.
