<?xml version="1.0" encoding="UTF-8"?>
<!DOCTYPE html PUBLIC "-//W3C//DTD XHTML 1.0 Transitional//EN"
    "http://www.w3.org/TR/xhtml1/DTD/xhtml1-transitional.dtd">
<html xmlns="http://www.w3.org/1999/xhtml" xml:lang="en" lang="en">
 <head>
  <title>
</title>
<meta http-equiv="Content-Type" content="text/html;charset=utf-8" />
  <meta name='ocr-system' content='tesseract 3.04.00' />
  <meta name='ocr-capabilities' content='ocr_page ocr_carea ocr_par ocr_line ocrx_word'/>
</head>
<body>
  <div class='ocr_page' id='page_1' title='image "./derbriefwechsel02kraugoog_0521.png"; bbox 0 0 3084 4895; ppageno 0'>
   <div class='ocr_carea' id='block_1_1' title="bbox 1187 429 2603 502">
    <p class='ocr_par' dir='ltr' id='par_1_1' title="bbox 1187 429 2603 502">
     <span class='ocr_line' id='line_1_1' title="bbox 1187 429 2603 502; baseline 0.01 -14"><span class='ocrx_word' id='word_1_1' title='bbox 1187 435 1399 494; x_wconf 79' lang='lat' dir='ltr'>Mutian</span> <span class='ocrx_word' id='word_1_2' title='bbox 1438 451 1508 488; x_wconf 84' lang='lat' dir='ltr'>an</span> <span class='ocrx_word' id='word_1_3' title='bbox 1542 429 1747 490; x_wconf 82' lang='lat' dir='ltr'>Urban.</span> <span class='ocrx_word' id='word_1_4' title='bbox 2474 429 2603 502; x_wconf 76' lang='lat'>435</span> 
     </span>
    </p>
   </div>
   <div class='ocr_carea' id='block_1_2' title="bbox 339 607 2606 1207">
    <p class='ocr_par' dir='ltr' id='par_1_2' title="bbox 513 607 2027 691">
     <span class='ocr_line' id='line_1_2' title="bbox 513 607 2027 691; baseline -0.003 -15"><span class='ocrx_word' id='word_1_5' title='bbox 513 612 834 676; x_wconf 86' lang='lat' dir='ltr'>humanae</span> <span class='ocrx_word' id='word_1_6' title='bbox 877 609 1111 673; x_wconf 88' lang='lat' dir='ltr'>mentis</span> <span class='ocrx_word' id='word_1_7' title='bbox 1158 607 1413 673; x_wconf 82' lang='lat' dir='ltr'>fraudes</span> <span class='ocrx_word' id='word_1_8' title='bbox 1459 609 1845 691; x_wconf 77' lang='lat' dir='ltr'>expostulat,</span> <span class='ocrx_word' id='word_1_9' title='bbox 1893 608 2027 689; x_wconf 89' lang='lat' dir='ltr'>ipse</span> 
     </span>
    </p>

    <p class='ocr_par' dir='ltr' id='par_1_3' title="bbox 515 693 2475 777">
     <span class='ocr_line' id='line_1_3' title="bbox 515 693 2475 777; baseline -0.001 -17"><span class='ocrx_word' id='word_1_10' title='bbox 515 696 796 761; x_wconf 84' lang='lat' dir='ltr'>vindicet-</span> <span class='ocrx_word' id='word_1_11' title='bbox 839 697 905 759; x_wconf 91' lang='lat' dir='ltr'>in</span> <span class='ocrx_word' id='word_1_12' title='bbox 953 695 1222 777; x_wconf 88' lang='lat' dir='ltr'>populos</span> <span class='ocrx_word' id='word_1_13' title='bbox 1266 717 1486 776; x_wconf 85' lang='lat' dir='ltr'>regum</span> <span class='ocrx_word' id='word_1_14' title='bbox 1534 699 1608 758; x_wconf 90' lang='lat' dir='ltr'>ut</span> <span class='ocrx_word' id='word_1_15' title='bbox 1650 695 1821 758; x_wconf 88' lang='lat' dir='ltr'>facta</span> <span class='ocrx_word' id='word_1_16' title='bbox 1864 693 2173 776; x_wconf 87' lang='lat' dir='ltr'>improba,</span> <span class='ocrx_word' id='word_1_17' title='bbox 2219 693 2331 775; x_wconf 87' lang='lat' dir='ltr'>qui</span> <span class='ocrx_word' id='word_1_18' title='bbox 2378 693 2475 758; x_wconf 87' lang='lat' dir='ltr'>fas</span> 
     </span>
    </p>

    <p class='ocr_par' dir='ltr' id='par_1_4' title="bbox 512 778 2203 864">
     <span class='ocr_line' id='line_1_4' title="bbox 512 778 2203 864; baseline -0.003 -17"><span class='ocrx_word' id='word_1_19' title='bbox 512 789 705 864; x_wconf 85' lang='lat' dir='ltr'>atque</span> <span class='ocrx_word' id='word_1_20' title='bbox 753 781 934 845; x_wconf 87' lang='lat' dir='ltr'>nefas</span> <span class='ocrx_word' id='word_1_21' title='bbox 977 782 1248 844; x_wconf 88' lang='lat' dir='ltr'>miscent</span> <span class='ocrx_word' id='word_1_22' title='bbox 1293 780 1627 845; x_wconf 82' lang='lat' dir='ltr'>reddentes</span> <span class='ocrx_word' id='word_1_23' title='bbox 1671 779 1929 843; x_wconf 83' lang='lat' dir='ltr'>turbida</span> <span class='ocrx_word' id='word_1_24' title='bbox 1969 778 2203 861; x_wconf 83' lang='lat' dir='ltr'>jura.“¹</span> 
     </span>
    </p>

    <p class='ocr_par' dir='ltr' id='par_1_5' title="bbox 339 865 2606 1207">
     <span class='ocr_line' id='line_1_5' title="bbox 545 865 2603 948; baseline -0 -16"><span class='ocrx_word' id='word_1_25' title='bbox 545 869 718 932; x_wconf 88' lang='lat' dir='ltr'>Haec</span> <span class='ocrx_word' id='word_1_26' title='bbox 763 868 1078 948; x_wconf 77' lang='lat' dir='ltr'>interpres</span> <span class='ocrx_word' id='word_1_27' title='bbox 1121 866 1400 929; x_wconf 82' lang='lat' dir='ltr'>Hesiodi.</span> <span class='ocrx_word' id='word_1_28' title='bbox 1489 865 1626 929; x_wconf 86' lang='lat' dir='ltr'>Nos</span> <span class='ocrx_word' id='word_1_29' title='bbox 1671 865 1738 928; x_wconf 90' lang='lat' dir='ltr'>in</span> <span class='ocrx_word' id='word_1_30' title='bbox 1784 870 2152 929; x_wconf 85' lang='lat' dir='ltr'>transcursu</span> <span class='ocrx_word' id='word_1_31' title='bbox 2208 865 2603 946; x_wconf 82' lang='lat' dir='ltr'>signavimus</span> 
     </span>
     <span class='ocr_line' id='line_1_6' title="bbox 339 949 2606 1035; baseline -0.001 -17"><span class='ocrx_word' id='word_1_32' title='bbox 339 956 713 1019; x_wconf 80' lang='lat' dir='ltr'>relationem</span> <span class='ocrx_word' id='word_1_33' title='bbox 777 951 1072 1035; x_wconf 89' lang='lat' dir='ltr'>hospitis.</span> <span class='ocrx_word' id='word_1_34' title='bbox 1164 949 1390 1015; x_wconf 85' lang='lat' dir='ltr'>Saluta</span> <span class='ocrx_word' id='word_1_35' title='bbox 1444 973 1572 1026; x_wconf 90' lang='lat' dir='ltr'>eos,</span> <span class='ocrx_word' id='word_1_36' title='bbox 1630 951 1741 1031; x_wconf 90' lang='lat' dir='ltr'>qui</span> <span class='ocrx_word' id='word_1_37' title='bbox 1799 949 2113 1034; x_wconf 89' lang='lat' dir='ltr'>Capnioni</span> <span class='ocrx_word' id='word_1_38' title='bbox 2166 955 2232 1014; x_wconf 89' lang='lat' dir='ltr'>et</span> <span class='ocrx_word' id='word_1_39' title='bbox 2285 951 2479 1014; x_wconf 88' lang='lat' dir='ltr'>verbo</span> <span class='ocrx_word' id='word_1_40' title='bbox 2540 956 2606 1016; x_wconf 89' lang='lat' dir='ltr'>et</span> 
     </span>
     <span class='ocr_line' id='line_1_7' title="bbox 346 1035 2605 1162; baseline -0.001 -59"><span class='ocrx_word' id='word_1_41' title='bbox 346 1042 560 1104; x_wconf 87' lang='lat' dir='ltr'>animo</span> <span class='ocrx_word' id='word_1_42' title='bbox 628 1039 848 1102; x_wconf 85' lang='lat' dir='ltr'>favent</span> <span class='ocrx_word' id='word_1_43' title='bbox 907 1037 1270 1162; x_wconf 66' lang='lat' dir='ltr'>praeteritbis</span> <span class='ocrx_word' id='word_1_44' title='bbox 1330 1035 1833 1101; x_wconf 78' lang='lat' dir='ltr'>detrahentibus.</span> <span class='ocrx_word' id='word_1_45' title='bbox 1924 1037 2007 1100; x_wconf 90' lang='lat' dir='ltr'>Hi</span> <span class='ocrx_word' id='word_1_46' title='bbox 2054 1038 2185 1100; x_wconf 87' lang='lat' dir='ltr'>sint</span> <span class='ocrx_word' id='word_1_47' title='bbox 2224 1036 2365 1117; x_wconf 86' lang='lat' dir='ltr'>jure</span> <span class='ocrx_word' id='word_1_48' title='bbox 2408 1059 2605 1100; x_wconf 84' lang='lat' dir='ltr'>exau-</span> 
     </span>
     <span class='ocr_line' id='line_1_8' title="bbox 343 1121 2603 1207; baseline -0.001 -18"><span class='ocrx_word' id='word_1_49' title='bbox 343 1125 694 1207; x_wconf 65' lang='lat' dir='ltr'>gurandi,a</span> <span class='ocrx_word' id='word_1_50' title='bbox 739 1124 1013 1205; x_wconf 82' lang='lat' dir='ltr'>exlegeS,</span> <span class='ocrx_word' id='word_1_51' title='bbox 1062 1123 1225 1186; x_wconf 79' lang='lat' dir='ltr'>illeb</span> <span class='ocrx_word' id='word_1_52' title='bbox 1271 1143 1418 1186; x_wconf 86' lang='lat' dir='ltr'>vero</span> <span class='ocrx_word' id='word_1_53' title='bbox 1463 1121 1831 1185; x_wconf 85' lang='lat' dir='ltr'>valetudine</span> <span class='ocrx_word' id='word_1_54' title='bbox 1886 1123 2308 1204; x_wconf 87' lang='lat' dir='ltr'>prosperrima</span> <span class='ocrx_word' id='word_1_55' title='bbox 2354 1125 2417 1185; x_wconf 92' lang='lat' dir='ltr'>et</span> <span class='ocrx_word' id='word_1_56' title='bbox 2462 1145 2603 1205; x_wconf 85' lang='lat' dir='ltr'>per-</span> 
     </span>
    </p>
   </div>
   <div class='ocr_carea' id='block_1_3' title="bbox 345 1206 1905 1364">
    <p class='ocr_par' dir='ltr' id='par_1_6' title="bbox 345 1206 1905 1364">
     <span class='ocr_line' id='line_1_9' title="bbox 345 1206 1905 1293; baseline -0.004 -18"><span class='ocrx_word' id='word_1_57' title='bbox 345 1217 592 1293; x_wconf 80' lang='lat' dir='ltr'>petuo⁰</span> <span class='ocrx_word' id='word_1_58' title='bbox 640 1211 863 1273; x_wconf 82' lang='lat' dir='ltr'>nostri.</span> <span class='ocrx_word' id='word_1_59' title='bbox 957 1209 1085 1272; x_wconf 88' lang='lat' dir='ltr'>Vll.</span> <span class='ocrx_word' id='word_1_60' title='bbox 1133 1208 1275 1270; x_wconf 89' lang='lat' dir='ltr'>Eid.</span> <span class='ocrx_word' id='word_1_61' title='bbox 1319 1208 1466 1272; x_wconf 87' lang='lat' dir='ltr'>Jun.</span> <span class='ocrx_word' id='word_1_62' title='bbox 1516 1206 1905 1271; x_wconf 91' lang='lat' dir='ltr'>DDDXVIX.</span> 
     </span>
     <span class='ocr_line' id='line_1_10' title="bbox 653 1309 1103 1364; baseline -0.007 0"><span class='ocrx_word' id='word_1_63' title='bbox 653 1309 1103 1364; x_wconf 81' lang='lat' dir='ltr'>Cod.Frof.172.</span> 
     </span>
    </p>
   </div>
   <div class='ocr_carea' id='block_1_4' title="bbox 345 1446 2607 1533">
    <p class='ocr_par' dir='ltr' id='par_1_7' title="bbox 345 1446 2607 1533">
     <span class='ocr_line' id='line_1_11' title="bbox 345 1446 2607 1533; baseline -0.001 -15"><span class='ocrx_word' id='word_1_64' title='bbox 345 1463 579 1533; x_wconf 78' lang='lat' dir='ltr'>(Gotha.)</span> <span class='ocrx_word' id='word_1_65' title='bbox 1397 1446 1542 1511; x_wconf 83' lang='lat'>364.</span> <span class='ocrx_word' id='word_1_66' title='bbox 2118 1463 2233 1528; x_wconf 82' lang='lat' dir='ltr'>(um</span> <span class='ocrx_word' id='word_1_67' title='bbox 2266 1463 2396 1516; x_wconf 82' lang='lat' dir='ltr'>Juni</span> <span class='ocrx_word' id='word_1_68' title='bbox 2434 1461 2607 1532; x_wconf 82' lang='lat'>1514.)</span> 
     </span>
    </p>
   </div>
   <div class='ocr_carea' id='block_1_5' title="bbox 1098 1563 1855 1634">
    <p class='ocr_par' dir='ltr' id='par_1_8' title="bbox 1098 1563 1855 1634">
     <span class='ocr_line' id='line_1_12' title="bbox 1098 1563 1855 1634; baseline -0.001 0"><span class='ocrx_word' id='word_1_69' title='bbox 1098 1564 1389 1634; x_wconf 83' lang='lat' dir='ltr'>Mutian</span> <span class='ocrx_word' id='word_1_70' title='bbox 1433 1583 1532 1633; x_wconf 85' lang='lat' dir='ltr'>an</span> <span class='ocrx_word' id='word_1_71' title='bbox 1576 1563 1855 1634; x_wconf 83' lang='lat' dir='ltr'>Urban.</span> 
     </span>
    </p>
   </div>
   <div class='ocr_carea' id='block_1_6' title="bbox 343 1681 2605 1820">
    <p class='ocr_par' dir='ltr' id='par_1_9' title="bbox 343 1681 2605 1820">
     <span class='ocr_line' id='line_1_13' title="bbox 343 1681 2605 1752; baseline -0.001 -14"><span class='ocrx_word' id='word_1_72' title='bbox 343 1685 520 1751; x_wconf 76' lang='lat' dir='ltr'>(Bitte,</span> <span class='ocrx_word' id='word_1_73' title='bbox 574 1687 691 1738; x_wconf 80' lang='lat' dir='ltr'>dem</span> <span class='ocrx_word' id='word_1_74' title='bbox 742 1684 1135 1752; x_wconf 76' lang='lat' dir='ltr'>unerfahrenen</span> <span class='ocrx_word' id='word_1_75' title='bbox 1189 1685 1419 1738; x_wconf 68' lang='lat' dir='ltr'>Publius</span> <span class='ocrx_word' id='word_1_76' title='bbox 1473 1684 1612 1738; x_wconf 77' lang='lat' dir='ltr'>heim</span> <span class='ocrx_word' id='word_1_77' title='bbox 1665 1683 1937 1752; x_wconf 70' lang='lat' dir='ltr'>Elnkaufe</span> <span class='ocrx_word' id='word_1_78' title='bbox 1981 1702 2086 1738; x_wconf 68' lang='lat' dir='ltr'>zur</span> <span class='ocrx_word' id='word_1_79' title='bbox 2132 1685 2299 1738; x_wconf 80' lang='lat' dir='ltr'>Hand</span> <span class='ocrx_word' id='word_1_80' title='bbox 2341 1701 2416 1738; x_wconf 66' lang='lat' dir='ltr'>zu</span> <span class='ocrx_word' id='word_1_81' title='bbox 2494 1681 2605 1737; x_wconf 73' lang='lat' dir='ltr'>clm.</span> 
     </span>
     <span class='ocr_line' id='line_1_14' title="bbox 348 1753 2424 1820; baseline 0 -14"><span class='ocrx_word' id='word_1_82' title='bbox 348 1755 652 1807; x_wconf 72' lang='lat' dir='ltr'>Salxmann</span> <span class='ocrx_word' id='word_1_83' title='bbox 685 1755 802 1807; x_wconf 78' lang='lat' dir='ltr'>und</span> <span class='ocrx_word' id='word_1_84' title='bbox 834 1753 1112 1807; x_wconf 73' lang='lat' dir='ltr'>Matthdus</span> <span class='ocrx_word' id='word_1_85' title='bbox 1147 1755 1330 1807; x_wconf 76' lang='lat' dir='ltr'>wollen</span> <span class='ocrx_word' id='word_1_86' title='bbox 1365 1753 1587 1806; x_wconf 78' lang='lat' dir='ltr'>Mutian</span> <span class='ocrx_word' id='word_1_87' title='bbox 1635 1753 1721 1806; x_wconf 72' lang='lat' dir='ltr'>die</span> <span class='ocrx_word' id='word_1_88' title='bbox 1767 1753 2168 1820; x_wconf 77' lang='lat' dir='ltr'>Amoartschaft</span> <span class='ocrx_word' id='word_1_89' title='bbox 2200 1753 2311 1820; x_wconf 80' lang='lat' dir='ltr'>auf</span> <span class='ocrx_word' id='word_1_90' title='bbox 2334 1754 2424 1806; x_wconf 77' lang='lat' dir='ltr'>ein</span> 
     </span>
    </p>
   </div>
   <div class='ocr_carea' id='block_1_7' title="bbox 343 1781 2607 2150">
    <p class='ocr_par' dir='ltr' id='par_1_10' title="bbox 343 1781 2607 2150">
     <span class='ocr_line' id='line_1_15' title="bbox 343 1781 2607 1890; baseline -0 -15"><span class='ocrx_word' id='word_1_91' title='bbox 343 1823 539 1890; x_wconf 73' lang='lat' dir='ltr'>ficium</span> <span class='ocrx_word' id='word_1_92' title='bbox 582 1823 880 1876; x_wconf 54' lang='lat' dir='ltr'>mtrem-sen.</span> <span class='ocrx_word' id='word_1_93' title='bbox 974 1822 1104 1875; x_wconf 77' lang='lat' dir='ltr'>Was</span> <span class='ocrx_word' id='word_1_94' title='bbox 1170 1823 1353 1876; x_wconf 76' lang='lat' dir='ltr'>Lrban</span> <span class='ocrx_word' id='word_1_95' title='bbox 1403 1821 1530 1875; x_wconf 62' lang='lat' dir='ltr'>rat?</span> <span class='ocrx_word' id='word_1_96' title='bbox 1610 1822 1717 1874; x_wconf 78' lang='lat' dir='ltr'>Der</span> <span class='ocrx_word' id='word_1_97' title='bbox 1762 1822 1999 1876; x_wconf 68' lang='lat' dir='ltr'>Kanxler</span> <span class='ocrx_word' id='word_1_98' title='bbox 2050 1823 2227 1876; x_wconf 71' lang='lat' dir='ltr'>wiirde</span> <span class='ocrx_word' id='word_1_99' title='bbox 2271 1823 2405 1875; x_wconf 78' lang='lat' dir='ltr'>wohl</span> <span class='ocrx_word' id='word_1_100' title='bbox 2450 1781 2607 1874; x_wconf 64' lang='lat' dir='ltr'>etwas</span> 
     </span>
     <span class='ocr_line' id='line_1_16' title="bbox 1319 1893 1632 1959; baseline -0.003 -15"><span class='ocrx_word' id='word_1_101' title='bbox 1319 1896 1595 1959; x_wconf 78' lang='lat' dir='ltr'>verm&#39;o&#39;yen</span> <span class='ocrx_word' id='word_1_102' title='bbox 1597 1893 1632 1958; x_wconf 90' lang='lat'>.)</span> 
     </span>
     <span class='ocr_line' id='line_1_17' title="bbox 449 2003 2505 2065; baseline -0.001 -10"><span class='ocrx_word' id='word_1_103' title='bbox 449 2005 724 2055; x_wconf 70' lang='lat' dir='ltr'>Hem-ico</span> <span class='ocrx_word' id='word_1_104' title='bbox 760 2004 1017 2055; x_wconf 82' lang='lat' dir='ltr'>Urbano</span> <span class='ocrx_word' id='word_1_105' title='bbox 1052 2005 1351 2065; x_wconf 78' lang='lat' dir='ltr'>magistro</span> <span class='ocrx_word' id='word_1_106' title='bbox 1388 2009 1454 2054; x_wconf 78' lang='lat' dir='ltr'>et.</span> <span class='ocrx_word' id='word_1_107' title='bbox 1489 2015 1822 2054; x_wconf 83' lang='lat' dir='ltr'>oeconomo</span> <span class='ocrx_word' id='word_1_108' title='bbox 1858 2003 2275 2064; x_wconf 74' lang='lat' dir='ltr'>fruganssimo</span> <span class='ocrx_word' id='word_1_109' title='bbox 2312 2006 2376 2055; x_wconf 86' lang='lat' dir='ltr'>et</span> <span class='ocrx_word' id='word_1_110' title='bbox 2410 2005 2505 2054; x_wconf 86' lang='lat' dir='ltr'>in·</span> 
     </span>
     <span class='ocr_line' id='line_1_18' title="bbox 869 2089 2081 2150; baseline -0.001 -10"><span class='ocrx_word' id='word_1_111' title='bbox 869 2091 1224 2150; x_wconf 72' lang='lat' dir='ltr'>tegeri-imo,</span> <span class='ocrx_word' id='word_1_112' title='bbox 1261 2089 1458 2140; x_wconf 85' lang='lat' dir='ltr'>amico</span> <span class='ocrx_word' id='word_1_113' title='bbox 1493 2090 1695 2148; x_wconf 82' lang='lat' dir='ltr'>primo</span> <span class='ocrx_word' id='word_1_114' title='bbox 1734 2090 1823 2140; x_wconf 76' lang='lat' dir='ltr'>M.</span> <span class='ocrx_word' id='word_1_115' title='bbox 1858 2089 2081 2141; x_wconf 75' lang='lat' dir='ltr'>Rufus.</span> 
     </span>
    </p>
   </div>
   <div class='ocr_carea' id='block_1_8' title="bbox 318 2193 2699 3905">
    <p class='ocr_par' dir='ltr' id='par_1_11' title="bbox 318 2193 2699 3905">
     <span class='ocr_line' id='line_1_19' title="bbox 554 2193 2603 2281; baseline 0 -17"><span class='ocrx_word' id='word_1_116' title='bbox 554 2193 760 2264; x_wconf 85' lang='lat' dir='ltr'>Salus,</span> <span class='ocrx_word' id='word_1_117' title='bbox 854 2199 1000 2264; x_wconf 87' lang='lat' dir='ltr'>Scio</span> <span class='ocrx_word' id='word_1_118' title='bbox 1048 2201 1342 2281; x_wconf 86' lang='lat' dir='ltr'>equidem</span> <span class='ocrx_word' id='word_1_119' title='bbox 1390 2222 1428 2262; x_wconf 88' lang='lat' dir='ltr'>a</span> <span class='ocrx_word' id='word_1_120' title='bbox 1472 2203 1536 2264; x_wconf 91' lang='lat' dir='ltr'>te</span> <span class='ocrx_word' id='word_1_121' title='bbox 1582 2222 1681 2264; x_wconf 91' lang='lat' dir='ltr'>me</span> <span class='ocrx_word' id='word_1_122' title='bbox 1728 2203 1793 2264; x_wconf 88' lang='lat' dir='ltr'>et</span> <span class='ocrx_word' id='word_1_123' title='bbox 1842 2221 2012 2264; x_wconf 90' lang='lat' dir='ltr'>meos</span> <span class='ocrx_word' id='word_1_124' title='bbox 2061 2198 2339 2263; x_wconf 87' lang='lat' dir='ltr'>fraterne</span> <span class='ocrx_word' id='word_1_125' title='bbox 2385 2201 2603 2265; x_wconf 87' lang='lat' dir='ltr'>amari.</span> 
     </span>
     <span class='ocr_line' id='line_1_20' title="bbox 343 2283 2611 2368; baseline 0 -18"><span class='ocrx_word' id='word_1_126' title='bbox 343 2283 573 2368; x_wconf 80' lang='lat' dir='ltr'>Itaque</span> <span class='ocrx_word' id='word_1_127' title='bbox 616 2286 854 2350; x_wconf 87' lang='lat' dir='ltr'>fiducia</span> <span class='ocrx_word' id='word_1_128' title='bbox 898 2286 1174 2366; x_wconf 88' lang='lat' dir='ltr'>quadam</span> <span class='ocrx_word' id='word_1_129' title='bbox 1223 2286 1422 2349; x_wconf 86' lang='lat' dir='ltr'>fretus</span> <span class='ocrx_word' id='word_1_130' title='bbox 1473 2286 1650 2350; x_wconf 89' lang='lat' dir='ltr'>venit</span> <span class='ocrx_word' id='word_1_131' title='bbox 1694 2285 1775 2350; x_wconf 85' lang='lat' dir='ltr'>ad</span> <span class='ocrx_word' id='word_1_132' title='bbox 1820 2289 1884 2349; x_wconf 90' lang='lat' dir='ltr'>te</span> <span class='ocrx_word' id='word_1_133' title='bbox 1930 2283 2227 2349; x_wconf 84' lang='lat' dir='ltr'>Publius²</span> <span class='ocrx_word' id='word_1_134' title='bbox 2274 2286 2611 2366; x_wconf 85' lang='lat' dir='ltr'>gavisurus</span> 
     </span>
     <span class='ocr_line' id='line_1_21' title="bbox 345 2369 2607 2454; baseline -0 -17"><span class='ocrx_word' id='word_1_135' title='bbox 345 2369 702 2438; x_wconf 88' lang='lat' dir='ltr'>animorum</span> <span class='ocrx_word' id='word_1_136' title='bbox 751 2371 1220 2453; x_wconf 87' lang='lat' dir='ltr'>conjunctione.</span> <span class='ocrx_word' id='word_1_137' title='bbox 1313 2371 1478 2434; x_wconf 82' lang='lat' dir='ltr'>Huic</span> <span class='ocrx_word' id='word_1_138' title='bbox 1537 2370 1720 2454; x_wconf 86' lang='lat' dir='ltr'>plura</span> <span class='ocrx_word' id='word_1_139' title='bbox 1782 2371 2183 2450; x_wconf 89' lang='lat' dir='ltr'>demandavi,</span> <span class='ocrx_word' id='word_1_140' title='bbox 2244 2375 2607 2453; x_wconf 79' lang='lat' dir='ltr'>contentuS,</span> 
     </span>
     <span class='ocr_line' id='line_1_22' title="bbox 318 2456 2611 2543; baseline 0 -20"><span class='ocrx_word' id='word_1_141' title='bbox 318 2457 403 2523; x_wconf 74' lang='lat' dir='ltr'>¹si</span> <span class='ocrx_word' id='word_1_142' title='bbox 461 2462 706 2543; x_wconf 87' lang='lat' dir='ltr'>partem</span> <span class='ocrx_word' id='word_1_143' title='bbox 766 2457 965 2521; x_wconf 89' lang='lat' dir='ltr'>officii</span> <span class='ocrx_word' id='word_1_144' title='bbox 1025 2460 1430 2539; x_wconf 86' lang='lat' dir='ltr'>exsequatur.</span> <span class='ocrx_word' id='word_1_145' title='bbox 1520 2456 1638 2522; x_wconf 91' lang='lat' dir='ltr'>Est</span> <span class='ocrx_word' id='word_1_146' title='bbox 1700 2458 1960 2522; x_wconf 88' lang='lat' dir='ltr'>omnino</span> <span class='ocrx_word' id='word_1_147' title='bbox 2023 2458 2313 2541; x_wconf 83' lang='lat' dir='ltr'>egregius</span> <span class='ocrx_word' id='word_1_148' title='bbox 2370 2460 2435 2521; x_wconf 87' lang='lat' dir='ltr'>et</span> <span class='ocrx_word' id='word_1_149' title='bbox 2495 2460 2611 2523; x_wconf 89' lang='lat' dir='ltr'>ob-</span> 
     </span>
     <span class='ocr_line' id='line_1_23' title="bbox 347 2543 2609 2624; baseline -0.001 -15"><span class='ocrx_word' id='word_1_150' title='bbox 347 2544 670 2609; x_wconf 88' lang='lat' dir='ltr'>servantia</span> <span class='ocrx_word' id='word_1_151' title='bbox 717 2565 844 2608; x_wconf 89' lang='lat' dir='ltr'>non</span> <span class='ocrx_word' id='word_1_152' title='bbox 892 2543 1139 2624; x_wconf 85' lang='lat' dir='ltr'>vulgari</span> <span class='ocrx_word' id='word_1_153' title='bbox 1185 2548 1248 2606; x_wconf 91' lang='lat' dir='ltr'>te</span> <span class='ocrx_word' id='word_1_154' title='bbox 1293 2543 1466 2619; x_wconf 91' lang='lat' dir='ltr'>colit,</span> <span class='ocrx_word' id='word_1_155' title='bbox 1515 2547 1611 2607; x_wconf 91' lang='lat' dir='ltr'>est</span> <span class='ocrx_word' id='word_1_156' title='bbox 1657 2544 1849 2607; x_wconf 89' lang='lat' dir='ltr'>etiam</span> <span class='ocrx_word' id='word_1_157' title='bbox 1896 2543 2242 2607; x_wconf 85' lang='lat' dir='ltr'>moderatis</span> <span class='ocrx_word' id='word_1_158' title='bbox 2304 2543 2609 2609; x_wconf 89' lang='lat' dir='ltr'>moribus.</span> 
     </span>
     <span class='ocr_line' id='line_1_24' title="bbox 347 2628 2699 2711; baseline -0 -16"><span class='ocrx_word' id='word_1_159' title='bbox 347 2630 474 2695; x_wconf 86' lang='lat' dir='ltr'>Sed</span> <span class='ocrx_word' id='word_1_160' title='bbox 532 2630 668 2694; x_wconf 88' lang='lat' dir='ltr'>foro</span> <span class='ocrx_word' id='word_1_161' title='bbox 729 2628 891 2693; x_wconf 90' lang='lat' dir='ltr'>belle</span> <span class='ocrx_word' id='word_1_162' title='bbox 937 2630 1032 2694; x_wconf 89' lang='lat' dir='ltr'>uti</span> <span class='ocrx_word' id='word_1_163' title='bbox 1077 2630 1302 2707; x_wconf 85' lang='lat' dir='ltr'>nescit,</span> <span class='ocrx_word' id='word_1_164' title='bbox 1362 2629 1736 2711; x_wconf 86' lang='lat' dir='ltr'>praesertim</span> <span class='ocrx_word' id='word_1_165' title='bbox 1790 2628 2001 2693; x_wconf 82' lang='lat' dir='ltr'>isthic,</span> <span class='ocrx_word' id='word_1_166' title='bbox 2093 2630 2253 2693; x_wconf 85' lang='lat' dir='ltr'>Nam</span> <span class='ocrx_word' id='word_1_167' title='bbox 2312 2628 2417 2693; x_wconf 93' lang='lat' dir='ltr'>hic</span> <span class='ocrx_word' id='word_1_168' title='bbox 2474 2632 2613 2695; x_wconf 86' lang='lat' dir='ltr'>sine</span> <span class='ocrx_word' id='word_1_169' title='bbox 2695 2630 2699 2633; x_wconf 72' lang='grc'><strong>’</strong></span> 
     </span>
     <span class='ocr_line' id='line_1_25' title="bbox 348 2714 2616 2799; baseline 0 -20"><span class='ocrx_word' id='word_1_170' title='bbox 348 2716 604 2799; x_wconf 88' lang='lat' dir='ltr'>querela</span> <span class='ocrx_word' id='word_1_171' title='bbox 673 2714 1005 2797; x_wconf 86' lang='lat' dir='ltr'>dispensat</span> <span class='ocrx_word' id='word_1_172' title='bbox 1073 2718 1136 2779; x_wconf 92' lang='lat' dir='ltr'>et</span> <span class='ocrx_word' id='word_1_173' title='bbox 1199 2715 1362 2797; x_wconf 84' lang='lat' dir='ltr'>regit</span> <span class='ocrx_word' id='word_1_174' title='bbox 1427 2736 1555 2777; x_wconf 87' lang='lat' dir='ltr'>rem</span> <span class='ocrx_word' id='word_1_175' title='bbox 1627 2714 2019 2778; x_wconf 86' lang='lat' dir='ltr'>familiarem.</span> <span class='ocrx_word' id='word_1_176' title='bbox 2131 2714 2327 2778; x_wconf 85' lang='lat' dir='ltr'>Isthic</span> <span class='ocrx_word' id='word_1_177' title='bbox 2398 2715 2616 2780; x_wconf 86' lang='lat' dir='ltr'>callidi</span> 
     </span>
     <span class='ocr_line' id='line_1_26' title="bbox 350 2799 2612 2881; baseline -0.001 -15"><span class='ocrx_word' id='word_1_178' title='bbox 350 2806 503 2866; x_wconf 89' lang='lat' dir='ltr'>sunt</span> <span class='ocrx_word' id='word_1_179' title='bbox 546 2823 752 2864; x_wconf 88' lang='lat' dir='ltr'>rerum</span> <span class='ocrx_word' id='word_1_180' title='bbox 801 2801 1263 2863; x_wconf 83' lang='lat' dir='ltr'>aestimatores.</span> <span class='ocrx_word' id='word_1_181' title='bbox 1353 2799 1447 2862; x_wconf 88' lang='lat' dir='ltr'>Ne</span> <span class='ocrx_word' id='word_1_182' title='bbox 1480 2799 1677 2881; x_wconf 86' lang='lat' dir='ltr'>igitur</span> <span class='ocrx_word' id='word_1_183' title='bbox 1712 2800 1985 2877; x_wconf 84' lang='lat' dir='ltr'>vacillet,</span> <span class='ocrx_word' id='word_1_184' title='bbox 2018 2800 2369 2881; x_wconf 81' lang='lat' dir='ltr'>provideas,</span> <span class='ocrx_word' id='word_1_185' title='bbox 2446 2802 2612 2878; x_wconf 85' lang='lat' dir='ltr'>Quid</span> 
     </span>
     <span class='ocr_line' id='line_1_27' title="bbox 351 2882 2614 2961; baseline -0.001 -10"><span class='ocrx_word' id='word_1_186' title='bbox 351 2887 430 2951; x_wconf 90' lang='lat' dir='ltr'>de</span> <span class='ocrx_word' id='word_1_187' title='bbox 476 2907 641 2949; x_wconf 92' lang='lat' dir='ltr'>novo</span> <span class='ocrx_word' id='word_1_188' title='bbox 687 2886 885 2950; x_wconf 91' lang='lat' dir='ltr'>habes</span> <span class='ocrx_word' id='word_1_189' title='bbox 951 2882 1320 2949; x_wconf 78' lang='lat' dir='ltr'>antistite‘?³</span> <span class='ocrx_word' id='word_1_190' title='bbox 1411 2885 1575 2961; x_wconf 84' lang='lat' dir='ltr'>Quid</span> <span class='ocrx_word' id='word_1_191' title='bbox 1622 2886 1781 2949; x_wconf 91' lang='lat' dir='ltr'>mihi</span> <span class='ocrx_word' id='word_1_192' title='bbox 1826 2886 2190 2950; x_wconf 87' lang='lat' dir='ltr'>faciundum</span> <span class='ocrx_word' id='word_1_193' title='bbox 2254 2885 2614 2950; x_wconf 75' lang='lat' dir='ltr'>arbitrare?</span> 
     </span>
     <span class='ocr_line' id='line_1_28' title="bbox 355 2970 2615 3054; baseline 0 -19"><span class='ocrx_word' id='word_1_194' title='bbox 355 2972 559 3035; x_wconf 81' lang='lat' dir='ltr'>Audio</span> <span class='ocrx_word' id='word_1_195' title='bbox 607 2972 916 3053; x_wconf 85' lang='lat' dir='ltr'>quosdam</span> <span class='ocrx_word' id='word_1_196' title='bbox 965 2972 1069 3035; x_wconf 89' lang='lat' dir='ltr'>hic</span> <span class='ocrx_word' id='word_1_197' title='bbox 1116 2976 1410 3052; x_wconf 88' lang='lat' dir='ltr'>expetere</span> <span class='ocrx_word' id='word_1_198' title='bbox 1457 2992 1693 3053; x_wconf 79' lang='lat' dir='ltr'>preceS,</span> <span class='ocrx_word' id='word_1_199' title='bbox 1742 2972 1960 3054; x_wconf 85' lang='lat' dir='ltr'>quales</span> <span class='ocrx_word' id='word_1_200' title='bbox 1993 2993 2108 3052; x_wconf 86' lang='lat' dir='ltr'>ego</span> <span class='ocrx_word' id='word_1_201' title='bbox 2142 2970 2358 3034; x_wconf 88' lang='lat' dir='ltr'>habui.</span> <span class='ocrx_word' id='word_1_202' title='bbox 2448 2970 2615 3036; x_wconf 85' lang='lat' dir='ltr'>Sali-</span> 
     </span>
     <span class='ocr_line' id='line_1_29' title="bbox 352 3056 2611 3139; baseline -0 -17"><span class='ocrx_word' id='word_1_203' title='bbox 352 3057 655 3122; x_wconf 76' lang='lat' dir='ltr'>mannus‘</span> <span class='ocrx_word' id='word_1_204' title='bbox 734 3063 796 3121; x_wconf 75' lang='lat' dir='ltr'>et.</span> <span class='ocrx_word' id='word_1_205' title='bbox 871 3056 1266 3121; x_wconf 85' lang='lat' dir='ltr'>Matthaeus⁵</span> <span class='ocrx_word' id='word_1_206' title='bbox 1343 3056 1730 3120; x_wconf 84' lang='lat' dir='ltr'>insidiantur</span> <span class='ocrx_word' id='word_1_207' title='bbox 1806 3061 1869 3121; x_wconf 90' lang='lat' dir='ltr'>et</span> <span class='ocrx_word' id='word_1_208' title='bbox 1941 3058 2295 3139; x_wconf 75' lang='lat' dir='ltr'>praeripere</span> <span class='ocrx_word' id='word_1_209' title='bbox 2369 3058 2611 3121; x_wconf 90' lang='lat' dir='ltr'>volunt.</span> 
     </span>
     <span class='ocr_line' id='line_1_30' title="bbox 350 3142 2614 3225; baseline -0.001 -18"><span class='ocrx_word' id='word_1_210' title='bbox 350 3144 540 3207; x_wconf 88' lang='lat' dir='ltr'>Nosti</span> <span class='ocrx_word' id='word_1_211' title='bbox 608 3146 842 3207; x_wconf 88' lang='lat' dir='ltr'>sectam</span> <span class='ocrx_word' id='word_1_212' title='bbox 914 3144 1124 3207; x_wconf 86' lang='lat' dir='ltr'>istam.</span> <span class='ocrx_word' id='word_1_213' title='bbox 1219 3142 1285 3205; x_wconf 89' lang='lat' dir='ltr'>Si</span> <span class='ocrx_word' id='word_1_214' title='bbox 1352 3142 1449 3204; x_wconf 90' lang='lat' dir='ltr'>vis</span> <span class='ocrx_word' id='word_1_215' title='bbox 1516 3145 1590 3205; x_wconf 89' lang='lat' dir='ltr'>ut</span> <span class='ocrx_word' id='word_1_216' title='bbox 1657 3143 1997 3225; x_wconf 82' lang='lat' dir='ltr'>quiescam,</span> <span class='ocrx_word' id='word_1_217' title='bbox 2068 3143 2446 3221; x_wconf 85' lang='lat' dir='ltr'>dormitabo,</span> <span class='ocrx_word' id='word_1_218' title='bbox 2514 3146 2614 3207; x_wconf 86' lang='lat' dir='ltr'>sin</span> 
     </span>
     <span class='ocr_line' id='line_1_31' title="bbox 351 3227 2616 3310; baseline 0 -17"><span class='ocrx_word' id='word_1_219' title='bbox 351 3234 566 3293; x_wconf 87' lang='lat' dir='ltr'>autem</span> <span class='ocrx_word' id='word_1_220' title='bbox 612 3233 685 3292; x_wconf 88' lang='lat' dir='ltr'>ut</span> <span class='ocrx_word' id='word_1_221' title='bbox 730 3229 1008 3310; x_wconf 87' lang='lat' dir='ltr'>vigilem,</span> <span class='ocrx_word' id='word_1_222' title='bbox 1070 3232 1248 3291; x_wconf 88' lang='lat' dir='ltr'>totus</span> <span class='ocrx_word' id='word_1_223' title='bbox 1303 3227 1489 3307; x_wconf 84' lang='lat' dir='ltr'>agilis</span> <span class='ocrx_word' id='word_1_224' title='bbox 1536 3250 1641 3290; x_wconf 92' lang='lat' dir='ltr'>ero</span> <span class='ocrx_word' id='word_1_225' title='bbox 1688 3233 1751 3291; x_wconf 92' lang='lat' dir='ltr'>et</span> <span class='ocrx_word' id='word_1_226' title='bbox 1796 3228 2150 3309; x_wconf 86' lang='lat' dir='ltr'>impetrabo</span> <span class='ocrx_word' id='word_1_227' title='bbox 2208 3250 2382 3310; x_wconf 90' lang='lat' dir='ltr'>spem</span> <span class='ocrx_word' id='word_1_228' title='bbox 2448 3250 2616 3294; x_wconf 90' lang='lat' dir='ltr'>more</span> 
     </span>
     <span class='ocr_line' id='line_1_32' title="bbox 350 3312 2617 3391; baseline -0 -12"><span class='ocrx_word' id='word_1_229' title='bbox 350 3314 722 3379; x_wconf 88' lang='lat' dir='ltr'>ambitionis</span> <span class='ocrx_word' id='word_1_230' title='bbox 791 3319 854 3377; x_wconf 91' lang='lat' dir='ltr'>et</span> <span class='ocrx_word' id='word_1_231' title='bbox 921 3314 1133 3378; x_wconf 82' lang='lat' dir='ltr'>studio</span> <span class='ocrx_word' id='word_1_232' title='bbox 1209 3312 1555 3390; x_wconf 83' lang='lat' dir='ltr'>candidati,</span> <span class='ocrx_word' id='word_1_233' title='bbox 1633 3313 1742 3377; x_wconf 88' lang='lat' dir='ltr'>sed</span> <span class='ocrx_word' id='word_1_234' title='bbox 1816 3314 1953 3377; x_wconf 89' lang='lat' dir='ltr'>sine</span> <span class='ocrx_word' id='word_1_235' title='bbox 2027 3313 2341 3378; x_wconf 83' lang='lat' dir='ltr'>sordibus,</span> <span class='ocrx_word' id='word_1_236' title='bbox 2462 3315 2617 3391; x_wconf 83' lang='lat' dir='ltr'>Quis</span> 
     </span>
     <span class='ocr_line' id='line_1_33' title="bbox 351 3396 2617 3482; baseline -0 -18"><span class='ocrx_word' id='word_1_237' title='bbox 351 3402 518 3464; x_wconf 87' lang='lat' dir='ltr'>enim</span> <span class='ocrx_word' id='word_1_238' title='bbox 589 3404 823 3463; x_wconf 86' lang='lat' dir='ltr'>emeret</span> <span class='ocrx_word' id='word_1_239' title='bbox 889 3400 1113 3482; x_wconf 88' lang='lat' dir='ltr'>spem‘?</span> <span class='ocrx_word' id='word_1_240' title='bbox 1203 3396 1440 3461; x_wconf 89' lang='lat' dir='ltr'>Tamen</span> <span class='ocrx_word' id='word_1_241' title='bbox 1487 3402 1563 3461; x_wconf 90' lang='lat' dir='ltr'>ut</span> <span class='ocrx_word' id='word_1_242' title='bbox 1609 3420 1777 3461; x_wconf 90' lang='lat' dir='ltr'>nunc</span> <span class='ocrx_word' id='word_1_243' title='bbox 1844 3404 1995 3463; x_wconf 89' lang='lat' dir='ltr'>sunt</span> <span class='ocrx_word' id='word_1_244' title='bbox 2060 3399 2329 3477; x_wconf 87' lang='lat' dir='ltr'>saecula,</span> <span class='ocrx_word' id='word_1_245' title='bbox 2402 3421 2617 3482; x_wconf 88' lang='lat' dir='ltr'>preces</span> 
     </span>
     <span class='ocr_line' id='line_1_34' title="bbox 351 3482 2616 3567; baseline -0 -17"><span class='ocrx_word' id='word_1_246' title='bbox 351 3490 507 3551; x_wconf 88' lang='lat' dir='ltr'>sunt</span> <span class='ocrx_word' id='word_1_247' title='bbox 550 3486 785 3561; x_wconf 87' lang='lat' dir='ltr'>irritae,</span> <span class='ocrx_word' id='word_1_248' title='bbox 833 3485 957 3548; x_wconf 87' lang='lat' dir='ltr'>nisi</span> <span class='ocrx_word' id='word_1_249' title='bbox 1003 3484 1230 3548; x_wconf 86' lang='lat' dir='ltr'>altaria</span> <span class='ocrx_word' id='word_1_250' title='bbox 1277 3485 1553 3547; x_wconf 89' lang='lat' dir='ltr'>nummis</span> <span class='ocrx_word' id='word_1_251' title='bbox 1600 3506 1790 3547; x_wconf 88' lang='lat' dir='ltr'>emas.</span> <span class='ocrx_word' id='word_1_252' title='bbox 1885 3482 2223 3567; x_wconf 87' lang='lat' dir='ltr'>Utcunque</span> <span class='ocrx_word' id='word_1_253' title='bbox 2271 3486 2381 3548; x_wconf 88' lang='lat' dir='ltr'>sit:</span> <span class='ocrx_word' id='word_1_254' title='bbox 2451 3487 2616 3549; x_wconf 86' lang='lat' dir='ltr'>vati-</span> 
     </span>
     <span class='ocr_line' id='line_1_35' title="bbox 353 3567 2615 3651; baseline 0 -16"><span class='ocrx_word' id='word_1_255' title='bbox 353 3573 532 3636; x_wconf 88' lang='lat' dir='ltr'>cinor</span> <span class='ocrx_word' id='word_1_256' title='bbox 577 3570 820 3651; x_wconf 84' lang='lat' dir='ltr'>aliquid</span> <span class='ocrx_word' id='word_1_257' title='bbox 865 3571 926 3633; x_wconf 90' lang='lat' dir='ltr'>in</span> <span class='ocrx_word' id='word_1_258' title='bbox 974 3592 1040 3633; x_wconf 90' lang='lat' dir='ltr'>re</span> <span class='ocrx_word' id='word_1_259' title='bbox 1087 3591 1230 3633; x_wconf 90' lang='lat' dir='ltr'>mea</span> <span class='ocrx_word' id='word_1_260' title='bbox 1289 3590 1473 3651; x_wconf 86' lang='lat' dir='ltr'>posse</span> <span class='ocrx_word' id='word_1_261' title='bbox 1520 3574 1585 3632; x_wconf 88' lang='lat' dir='ltr'>et</span> <span class='ocrx_word' id='word_1_262' title='bbox 1629 3569 1790 3633; x_wconf 91' lang='lat' dir='ltr'>velle</span> <span class='ocrx_word' id='word_1_263' title='bbox 1850 3567 2351 3648; x_wconf 82' lang='lat' dir='ltr'>cancellarium,⁰</span> <span class='ocrx_word' id='word_1_264' title='bbox 2410 3572 2615 3635; x_wconf 89' lang='lat' dir='ltr'>virum</span> 
     </span>
     <span class='ocr_line' id='line_1_36' title="bbox 354 3656 2612 3735; baseline -0.001 -14"><span class='ocrx_word' id='word_1_265' title='bbox 354 3657 779 3721; x_wconf 88' lang='lat' dir='ltr'>clarissimum</span> <span class='ocrx_word' id='word_1_266' title='bbox 827 3659 890 3719; x_wconf 89' lang='lat' dir='ltr'>et</span> <span class='ocrx_word' id='word_1_267' title='bbox 939 3656 1437 3731; x_wconf 84' lang='lat' dir='ltr'>ornatissimum,</span> <span class='ocrx_word' id='word_1_268' title='bbox 1485 3656 1595 3735; x_wconf 87' lang='lat' dir='ltr'>qui</span> <span class='ocrx_word' id='word_1_269' title='bbox 1642 3660 1717 3718; x_wconf 92' lang='lat' dir='ltr'>ut</span> <span class='ocrx_word' id='word_1_270' title='bbox 1760 3657 2010 3735; x_wconf 86' lang='lat' dir='ltr'>magnis</span> <span class='ocrx_word' id='word_1_271' title='bbox 2072 3656 2439 3720; x_wconf 89' lang='lat' dir='ltr'>doctoribus</span> <span class='ocrx_word' id='word_1_272' title='bbox 2487 3677 2612 3721; x_wconf 91' lang='lat' dir='ltr'>non</span> 
     </span>
     <span class='ocr_line' id='line_1_37' title="bbox 353 3740 2607 3824; baseline -0 -17"><span class='ocrx_word' id='word_1_273' title='bbox 353 3742 544 3821; x_wconf 85' lang='lat' dir='ltr'>cedit,</span> <span class='ocrx_word' id='word_1_274' title='bbox 612 3743 704 3805; x_wconf 81' lang='lat' dir='ltr'>ita</span> <span class='ocrx_word' id='word_1_275' title='bbox 769 3742 849 3805; x_wconf 90' lang='lat' dir='ltr'>ad</span> <span class='ocrx_word' id='word_1_276' title='bbox 923 3743 1247 3824; x_wconf 84' lang='lat' dir='ltr'>proximos</span> <span class='ocrx_word' id='word_1_277' title='bbox 1296 3745 1359 3803; x_wconf 90' lang='lat' dir='ltr'>et</span> <span class='ocrx_word' id='word_1_278' title='bbox 1404 3740 1935 3804; x_wconf 86' lang='lat' dir='ltr'>familiarissimos</span> <span class='ocrx_word' id='word_1_279' title='bbox 2002 3742 2275 3805; x_wconf 85' lang='lat' dir='ltr'>Mutiani</span> <span class='ocrx_word' id='word_1_280' title='bbox 2344 3743 2607 3806; x_wconf 84' lang='lat' dir='ltr'>accedit.</span> 
     </span>
     <span class='ocr_line' id='line_1_38' title="bbox 356 3824 1549 3905; baseline -0.003 -13"><span class='ocrx_word' id='word_1_281' title='bbox 356 3830 528 3893; x_wconf 90' lang='lat' dir='ltr'>Bene</span> <span class='ocrx_word' id='word_1_282' title='bbox 574 3828 832 3905; x_wconf 82' lang='lat' dir='ltr'>habeaS,</span> <span class='ocrx_word' id='word_1_283' title='bbox 877 3827 1133 3891; x_wconf 88' lang='lat' dir='ltr'>Urbane</span> <span class='ocrx_word' id='word_1_284' title='bbox 1177 3824 1549 3889; x_wconf 81' lang='lat' dir='ltr'>carissime.⁷</span> 
     </span>
    </p>
   </div>
   <div class='ocr_carea' id='block_1_9' title="bbox 667 3926 1117 3981">
    <p class='ocr_par' dir='ltr' id='par_1_12' title="bbox 667 3926 1117 3981">
     <span class='ocr_line' id='line_1_39' title="bbox 667 3926 1117 3981; baseline -0.002 0"><span class='ocrx_word' id='word_1_285' title='bbox 667 3927 789 3981; x_wconf 86' lang='lat' dir='ltr'>Cod.</span> <span class='ocrx_word' id='word_1_286' title='bbox 827 3926 960 3981; x_wconf 84' lang='lat' dir='ltr'>Frcf.</span> <span class='ocrx_word' id='word_1_287' title='bbox 1001 3929 1117 3981; x_wconf 83' lang='lat'>177.</span> 
     </span>
    </p>
   </div>
   <div class='ocr_carea' id='block_1_10' title="bbox 354 4044 2619 4529">
    <p class='ocr_par' dir='ltr' id='par_1_13' title="bbox 354 4044 2619 4529">
     <span class='ocr_line' id='line_1_40' title="bbox 492 4044 2181 4113; baseline 0 -14"><span class='ocrx_word' id='word_1_288' title='bbox 492 4063 520 4089; x_wconf 72' lang='lat' dir='ltr'>a</span> <span class='ocrx_word' id='word_1_289' title='bbox 548 4047 895 4101; x_wconf 85' lang='lat' dir='ltr'>exautorandi</span> <span class='ocrx_word' id='word_1_290' title='bbox 933 4046 1083 4101; x_wconf 75' lang='lat' dir='ltr'>Tenx.</span> <span class='ocrx_word' id='word_1_291' title='bbox 1223 4052 1252 4089; x_wconf 90' lang='lat' dir='ltr'>b</span> <span class='ocrx_word' id='word_1_292' title='bbox 1279 4047 1358 4100; x_wconf 84' lang='lat' dir='ltr'>illi</span> <span class='ocrx_word' id='word_1_293' title='bbox 1397 4047 1545 4099; x_wconf 77' lang='lat' dir='ltr'>Tenx.</span> <span class='ocrx_word' id='word_1_294' title='bbox 1688 4060 1711 4088; x_wconf 80' lang='grc' dir='ltr'><strong>ο</strong></span> <span class='ocrx_word' id='word_1_295' title='bbox 1740 4047 1995 4113; x_wconf 83' lang='lat' dir='ltr'>perpetua</span> <span class='ocrx_word' id='word_1_296' title='bbox 2033 4044 2181 4099; x_wconf 72' lang='lat' dir='ltr'>Tem.</span> 
     </span>
     <span class='ocr_line' id='line_1_41' title="bbox 505 4111 2616 4183; baseline 0 -14"><span class='ocrx_word' id='word_1_297' title='bbox 505 4119 522 4149; x_wconf 87' lang='lat'>¹</span> <span class='ocrx_word' id='word_1_298' title='bbox 557 4116 767 4170; x_wconf 88' lang='lat' dir='ltr'>Hesiod.</span> <span class='ocrx_word' id='word_1_299' title='bbox 812 4111 976 4183; x_wconf 69' lang='grc' dir='ltr'><em>’Έργα</em></span> <span class='ocrx_word' id='word_1_300' title='bbox 1013 4138 1056 4170; x_wconf 77' lang='grc' dir='ltr'>κ.</span> <span class='ocrx_word' id='word_1_301' title='bbox 1095 4115 1140 4181; x_wconf 69' lang='grc' dir='ltr'>ἡ.</span> <span class='ocrx_word' id='word_1_302' title='bbox 1179 4116 1465 4171; x_wconf 80' lang='lat'>254—260.</span> <span class='ocrx_word' id='word_1_303' title='bbox 1611 4117 1631 4148; x_wconf 74' lang='lat'><strong>2</strong></span> <span class='ocrx_word' id='word_1_304' title='bbox 1665 4116 1860 4168; x_wconf 86' lang='lat' dir='ltr'>Diener</span> <span class='ocrx_word' id='word_1_305' title='bbox 1910 4114 2156 4169; x_wconf 75' lang='lat' dir='ltr'>MutianS.</span> <span class='ocrx_word' id='word_1_306' title='bbox 2189 4152 2193 4155; x_wconf 93' lang='lat'><em>-</em></span> <span class='ocrx_word' id='word_1_307' title='bbox 2232 4115 2282 4168; x_wconf 89' lang='lat' dir='ltr'>S.</span> <span class='ocrx_word' id='word_1_308' title='bbox 2320 4116 2420 4169; x_wconf 83' lang='lat'>407</span> <span class='ocrx_word' id='word_1_309' title='bbox 2468 4121 2530 4170; x_wconf 92' lang='lat' dir='ltr'>A.</span> <span class='ocrx_word' id='word_1_310' title='bbox 2570 4118 2616 4171; x_wconf 82' lang='lat'>2.</span> 
     </span>
     <span class='ocr_line' id='line_1_42' title="bbox 427 4183 2619 4253; baseline 0 -16"><span class='ocrx_word' id='word_1_311' title='bbox 427 4188 448 4217; x_wconf 77' lang='lat'><strong>⁸</strong></span> <span class='ocrx_word' id='word_1_312' title='bbox 483 4185 738 4238; x_wconf 87' lang='lat' dir='ltr'>Albrecht</span> <span class='ocrx_word' id='word_1_313' title='bbox 776 4202 826 4239; x_wconf 90' lang='lat' dir='ltr'>v</span> <span class='ocrx_word' id='word_1_314' title='bbox 863 4184 1056 4250; x_wconf 86' lang='lat' dir='ltr'>Mainz,</span> <span class='ocrx_word' id='word_1_315' title='bbox 1105 4185 1334 4253; x_wconf 66' lang='lat' dir='ltr'>gewahlt</span> <span class='ocrx_word' id='word_1_316' title='bbox 1377 4186 1425 4237; x_wconf 94' lang='grc'>9.</span> <span class='ocrx_word' id='word_1_317' title='bbox 1475 4185 1634 4245; x_wconf 65' lang='lat' dir='ltr'>Mal-,z</span> <span class='ocrx_word' id='word_1_318' title='bbox 1685 4183 1913 4252; x_wconf 83' lang='lat' dir='ltr'>geweiht</span> <span class='ocrx_word' id='word_1_319' title='bbox 1962 4184 2040 4235; x_wconf 82' lang='lat'>14.</span> <span class='ocrx_word' id='word_1_320' title='bbox 2077 4183 2200 4237; x_wconf 86' lang='lat' dir='ltr'>Mai.</span> <span class='ocrx_word' id='word_1_321' title='bbox 2275 4184 2390 4253; x_wconf 86' lang='lat' dir='ltr'>Vgl.</span> <span class='ocrx_word' id='word_1_322' title='bbox 2429 4185 2478 4238; x_wconf 91' lang='lat' dir='ltr'>S.</span> <span class='ocrx_word' id='word_1_323' title='bbox 2515 4186 2619 4239; x_wconf 89' lang='grc'>406</span> 
     </span>
     <span class='ocr_line' id='line_1_43' title="bbox 354 4251 2615 4309; baseline -0.001 0"><span class='ocrx_word' id='word_1_324' title='bbox 354 4258 418 4309; x_wconf 88' lang='lat' dir='ltr'>A.</span> <span class='ocrx_word' id='word_1_325' title='bbox 455 4254 505 4308; x_wconf 83' lang='lat'>8.</span> <span class='ocrx_word' id='word_1_326' title='bbox 613 4256 638 4286; x_wconf 75' lang='lat'>⁴</span> <span class='ocrx_word' id='word_1_327' title='bbox 669 4254 822 4308; x_wconf 87' lang='lat' dir='ltr'>Goth.</span> <span class='ocrx_word' id='word_1_328' title='bbox 861 4254 1162 4306; x_wconf 85' lang='lat' dir='ltr'>Kanoniker</span> <span class='ocrx_word' id='word_1_329' title='bbox 1195 4254 1312 4307; x_wconf 87' lang='lat' dir='ltr'>Joh.</span> <span class='ocrx_word' id='word_1_330' title='bbox 1351 4253 1671 4307; x_wconf 84' lang='lat' dir='ltr'>Saltzmann.</span> <span class='ocrx_word' id='word_1_331' title='bbox 1732 4252 1783 4307; x_wconf 98' lang='lat' dir='ltr'>S</span> <span class='ocrx_word' id='word_1_332' title='bbox 1827 4251 1925 4304; x_wconf 86' lang='lat'>138</span> <span class='ocrx_word' id='word_1_333' title='bbox 1964 4255 2027 4305; x_wconf 89' lang='lat' dir='ltr'>A.</span> <span class='ocrx_word' id='word_1_334' title='bbox 2065 4253 2111 4305; x_wconf 89' lang='lat'>3.</span> <span class='ocrx_word' id='word_1_335' title='bbox 2221 4256 2242 4285; x_wconf 74' lang='lat'>⁵</span> <span class='ocrx_word' id='word_1_336' title='bbox 2276 4252 2325 4305; x_wconf 87' lang='lat' dir='ltr'>S.</span> <span class='ocrx_word' id='word_1_337' title='bbox 2364 4254 2433 4308; x_wconf 89' lang='lat'>60</span> <span class='ocrx_word' id='word_1_338' title='bbox 2466 4256 2529 4306; x_wconf 90' lang='lat' dir='ltr'>A.</span> <span class='ocrx_word' id='word_1_339' title='bbox 2569 4257 2615 4308; x_wconf 84' lang='lat'>3.</span> 
     </span>
     <span class='ocr_line' id='line_1_44' title="bbox 425 4320 2616 4389; baseline -0 -14"><span class='ocrx_word' id='word_1_340' title='bbox 425 4326 447 4356; x_wconf 71' lang='grc' dir='ltr'><strong>θ</strong></span> <span class='ocrx_word' id='word_1_341' title='bbox 483 4322 590 4375; x_wconf 86' lang='lat' dir='ltr'>Der</span> <span class='ocrx_word' id='word_1_342' title='bbox 633 4322 824 4375; x_wconf 85' lang='lat' dir='ltr'>Mainz.</span> <span class='ocrx_word' id='word_1_343' title='bbox 873 4321 1107 4376; x_wconf 84' lang='lat' dir='ltr'>Kanzle1</span> <span class='ocrx_word' id='word_1_344' title='bbox 1152 4322 1270 4375; x_wconf 89' lang='lat' dir='ltr'>Joh.</span> <span class='ocrx_word' id='word_1_345' title='bbox 1319 4322 1396 4375; x_wconf 87' lang='lat' dir='ltr'>En</span> <span class='ocrx_word' id='word_1_346' title='bbox 1401 4322 1627 4389; x_wconf 84' lang='lat' dir='ltr'>g.lender</span> <span class='ocrx_word' id='word_1_347' title='bbox 1702 4322 1751 4375; x_wconf 88' lang='lat' dir='ltr'>S.</span> <span class='ocrx_word' id='word_1_348' title='bbox 1792 4320 1893 4373; x_wconf 82' lang='lat'>230</span> <span class='ocrx_word' id='word_1_349' title='bbox 1928 4322 1991 4371; x_wconf 92' lang='lat' dir='ltr'>A.</span> <span class='ocrx_word' id='word_1_350' title='bbox 2032 4322 2075 4372; x_wconf 89' lang='lat'>1.</span> <span class='ocrx_word' id='word_1_351' title='bbox 2218 4322 2239 4353; x_wconf 80' lang='lat'>⁷</span> <span class='ocrx_word' id='word_1_352' title='bbox 2274 4324 2356 4373; x_wconf 87' lang='lat' dir='ltr'>An</span> <span class='ocrx_word' id='word_1_353' title='bbox 2393 4322 2493 4374; x_wconf 90' lang='lat' dir='ltr'>den</span> <span class='ocrx_word' id='word_1_354' title='bbox 2531 4322 2616 4375; x_wconf 90' lang='lat' dir='ltr'>Br.</span> 
     </span>
     <span class='ocr_line' id='line_1_45' title="bbox 357 4388 2615 4457; baseline -0.001 -12"><span class='ocrx_word' id='word_1_355' title='bbox 357 4392 606 4445; x_wconf 79' lang='lat' dir='ltr'>schliesst</span> <span class='ocrx_word' id='word_1_356' title='bbox 641 4392 756 4443; x_wconf 86' lang='lat' dir='ltr'>sich</span> <span class='ocrx_word' id='word_1_357' title='bbox 794 4392 866 4443; x_wconf 87' lang='lat' dir='ltr'>im</span> <span class='ocrx_word' id='word_1_358' title='bbox 905 4391 1028 4444; x_wconf 86' lang='lat' dir='ltr'>Cod.</span> <span class='ocrx_word' id='word_1_359' title='bbox 1067 4393 1202 4445; x_wconf 87' lang='lat' dir='ltr'>ohne</span> <span class='ocrx_word' id='word_1_360' title='bbox 1238 4393 1524 4445; x_wconf 85' lang='lat' dir='ltr'>besondere</span> <span class='ocrx_word' id='word_1_361' title='bbox 1579 4390 1841 4443; x_wconf 85' lang='lat' dir='ltr'>Nummer</span> <span class='ocrx_word' id='word_1_362' title='bbox 1877 4390 1960 4442; x_wconf 81' lang='lat' dir='ltr'>die</span> <span class='ocrx_word' id='word_1_363' title='bbox 1998 4388 2255 4457; x_wconf 82' lang='lat' dir='ltr'>Quittung</span> <span class='ocrx_word' id='word_1_364' title='bbox 2299 4390 2531 4443; x_wconf 84' lang='lat' dir='ltr'>Mutians</span> <span class='ocrx_word' id='word_1_365' title='bbox 2568 4409 2615 4443; x_wconf 83' lang='lat' dir='ltr'>v.</span> 
     </span>
     <span class='ocr_line' id='line_1_46' title="bbox 361 4458 2109 4529; baseline -0.002 -15"><span class='ocrx_word' id='word_1_366' title='bbox 361 4463 439 4516; x_wconf 91' lang='lat'>13.</span> <span class='ocrx_word' id='word_1_367' title='bbox 477 4462 622 4517; x_wconf 82' lang='lat' dir='ltr'>Jum</span> <span class='ocrx_word' id='word_1_368' title='bbox 660 4460 744 4512; x_wconf 90' lang='lat' dir='ltr'>die</span> <span class='ocrx_word' id='word_1_369' title='bbox 781 4476 903 4512; x_wconf 91' lang='lat' dir='ltr'>zum</span> <span class='ocrx_word' id='word_1_370' title='bbox 940 4460 1184 4529; x_wconf 80' lang='lat' dir='ltr'>folg.B1·.</span> <span class='ocrx_word' id='word_1_371' title='bbox 1224 4462 1408 4528; x_wconf 71' lang='lat' dir='ltr'>gehort</span> <span class='ocrx_word' id='word_1_372' title='bbox 1442 4460 1552 4512; x_wconf 89' lang='lat' dir='ltr'>und</span> <span class='ocrx_word' id='word_1_373' title='bbox 1589 4458 1666 4511; x_wconf 85' lang='lat' dir='ltr'>als</span> <span class='ocrx_word' id='word_1_374' title='bbox 1700 4458 1932 4511; x_wconf 76' lang='lat' dir='ltr'>N1.366</span> <span class='ocrx_word' id='word_1_375' title='bbox 1966 4458 2109 4525; x_wconf 84' lang='lat' dir='ltr'>folgt.</span> 
     </span>
    </p>
   </div>
   <div class='ocr_carea' id='block_1_11' title="bbox 2070 4527 2207 4591">
    <p class='ocr_par' dir='ltr' id='par_1_14' title="bbox 2070 4527 2207 4591">
     <span class='ocr_line' id='line_1_47' title="bbox 2070 4527 2207 4591; baseline -0.007 0"><span class='ocrx_word' id='word_1_376' title='bbox 2070 4527 2207 4591; x_wconf 82' lang='lat'>28*</span> 
     </span>
    </p>
   </div>
   <div class='ocr_carea' id='block_1_12' title="bbox 356 4018 768 4026">
    <p class='ocr_par' dir='ltr' id='par_1_15' title="bbox 356 4018 768 4026">
     <span class='ocr_line' id='line_1_48' title="bbox 356 4018 768 4026; baseline 0 869"><span class='ocrx_word' id='word_1_377' title='bbox 356 4018 768 4026; x_wconf 95' lang='lat' dir='ltr'> </span> 
     </span>
    </p>
   </div>
  </div>
 </body>
</html>
