3084 4895
894 373 1106 429 Mutian
1141 389 1211 427 an
1243 371 1445 428 Urban.
1515 369 1771 441 Agricola
1804 391 1874 429 an
1910 373 2134 429 Mutian.
2512 379 2637 444 319

389 571 527 614 esse
583 546 958 613 coenobium
1003 546 1043 608 i.
1091 568 1141 609 e.
1172 557 1200 586 ⁸
1244 545 1439 610 vit-am
1486 545 1801 624 socialem,
1866 545 2326 612 fraternitatem
2388 547 2639 614 christi-

363 657 599 713 anam,
661 638 728 698 et
776 633 967 715 juxta
1020 631 1420 714 Pythagorae
1485 633 1746 696 verbum
1815 634 2159 698 amicorum
2222 637 2436 698 omnia
2504 659 2639 701 esse

391 721 775 786 communia.
867 717 990 782 Sed
1039 717 1186 781 nolo
1233 719 1649 799 profluentius
1694 717 2044 800 objurgare,
2094 743 2172 784 ne
2216 721 2431 785 videar
2482 723 2638 786 mihi

384 830 634 872 sumere
698 827 1048 869 censuram.
1135 804 1269 868 Sub
1317 805 1483 867 idem
1544 805 1670 868 fere
1729 808 1980 888 tempus
2048 807 2342 871 effossum
2389 814 2524 872 erat
2572 811 2633 872 in

386 895 509 958 hoc
543 892 919 956 coemeterio
948 892 976 929 ¹³
1007 895 1200 972 caput
1230 891 1567 954 femineum
1602 890 1810 954 adhuc
1841 893 2223 974 capillatum.
2300 894 2423 957 Alii
2454 895 2637 959 aliter

386 981 743 1064 prodigium
815 977 1419 1058 interpretabantur.
1509 977 1670 1040 Nam
1738 980 2165 1058 superstitiosi
2232 979 2633 1058 dictitabant,

386 1067 660 1149 puellam
711 1065 898 1127 istam
961 1083 1220 1126 ornasse
1282 1084 1523 1126 comam
1575 1063 1674 1127 die
1718 1061 1903 1142 festo,
1932 1075 1956 1104 0
2000 1070 2074 1128 ut
2125 1065 2399 1149 placeret
2465 1090 2637 1132 ama-

384 1152 661 1217 toribus
754 1149 1026 1213 Proinde
1072 1149 1162 1212 sic
1205 1149 1347 1212 lusi.

593 1236 885 1317 Turpiter
929 1234 1099 1298 hirta
1143 1235 1298 1316 quid
1343 1238 1442 1298 est
1485 1233 1822 1320 defunctae
1867 1235 2046 1299 calva
2090 1236 2383 1318 puellae?

675 1321 960 1385 Lascivis
1004 1320 1213 1384 fuerat
1257 1321 1516 1384 vendita
1561 1319 1765 1384 forma
1808 1323 2034 1404 procis

592 1408 834 1491 Pyxide
879 1406 1204 1472 confracta
1248 1405 1475 1471 rutilos
1519 1408 1761 1470 nutrire
1807 1408 2066 1489 capillos

679 1494 894 1558 desine
941 1514 1056 1557 nec
1101 1492 1263 1556 fucis
1309 1492 1514 1570 infice,
1565 1493 1758 1575 virg0,
1808 1501 2016 1577 caput.

387 1581 532 1644 Alia
575 1585 674 1643 est
716 1602 858 1644 mea
902 1579 1242 1656 sententia,
1289 1601 1450 1660 quae
1497 1580 1818 1660 sequitur:

592 1667 709 1729 Hei
737 1667 766 1705 ‘¹
810 1664 986 1743 mihi,
1033 1687 1222 1747 quam
1269 1687 1538 1748 magnus
1584 1666 1947 1729 dominatur
1994 1667 2311 1731 mentibus
2357 1668 2561 1733 error!

677 1751 818 1816 Non
866 1756 1172 1834 superest,
1220 1752 1389 1834 quod
1435 1750 1520 1814 sit
1565 1751 1769 1814 tincta
1813 1752 2037 1828 colore,
2086 1775 2283 1818 coma.

594 1837 799 1902 Carbo
845 1838 1024 1919 niger
1071 1860 1228 1914 seru,
1288 1837 1597 1919 putrescit
1640 1859 1780 1900 sero
1824 1839 2113 1919 capilluS,

681 1925 852 1988 crine
897 1924 1060 2006 perit
1105 1923 1295 1988 cit-ius
1340 1944 1569 2006 corpus
1613 1923 1803 1988 inane
1848 1925 2075 1988 tuum.¹

385 2010 617 2090 Habes,
665 2011 818 2093 quid
866 2010 1094 2092 vulgus
1140 2014 1204 2073 et
1247 2010 1400 2093 quid
1447 2031 1564 2090 ego
1610 2011 1901 2074 sentiam.

693 2111 818 2166 Cod.
854 2111 989 2164 Frcf.
1026 2111 1141 2163 331.

385 2299 619 2354 Breslau.
1433 2283 1579 2347 260.
1970 2325 1975 2332 -
2246 2301 2295 2353 4.
2333 2301 2443 2354 Juii
2482 2304 2629 2358 1513.

1065 2409 1458 2497 Agricola²
1506 2430 1611 2480 an
1647 2409 1957 2480 Mutian.

386 2540 866 2609 (Entselzuldiyuny
901 2540 1070 2593 scine-9
1106 2541 1293 2609 lawyen
1331 2541 1653 2608 Schweiyens
1686 2540 1788 2593 ‘mit
1817 2538 2096 2609 yeha'uften
2148 2540 2631 2611 Berufsyeschdflen

931 2610 1047 2662 und
1079 2609 1431 2678 Empfehlunq
1464 2611 1551 2662 des
1588 2610 1809 2663 Stam‘sl.
1849 2611 2095 2677 Sauras)

530 2723 1065 2775 Excellentissimo
1101 2725 1236 2774 viro
1271 2724 1557 2775 Mutiano
1592 2723 1757 2775 Rufo
1794 2724 2130 2786 Gregorius
2165 2724 2476 2785 Agricola.

587 2833 652 2899 S.
743 2836 922 2899 Hanc
989 2840 1138 2900 ante
1204 2837 1330 2900 alia
1397 2838 1643 2901 veniam
1705 2859 1941 2920 precor,
2004 2841 2074 2901 ut
2131 2835 2424 2917 ignoscas
2489 2859 2630 2919 pro-

383 2925 676 3004 peranter
733 2927 797 2985 et
857 2944 983 2986 non
1051 2928 1181 2987 tam
1243 2946 1322 2986 ex
1378 2927 1663 3005 tempore
1729 2944 1918 3004 quam
1984 2944 2063 2987 ex
2127 2942 2297 2987 mero
2366 2923 2627 3007 (morem

382 3008 590 3071 dicere
633 3005 830 3086 volui)
877 3008 1197 3073 scribenti.
1285 3008 1623 3091 Indignum
1666 3012 1830 3073 enim
1862 3011 2069 3074 visum
2102 3014 2200 3072 est
2226 3008 2402 3088 mihi,
2435 3031 2625 3090 quom

382 3099 631 3177 praet-er
688 3094 1048 3175 opinionem
1095 3118 1164 3159 se
1207 3095 1566 3171 obtulisset,
1629 3097 1740 3176 qui
1786 3096 1864 3159 ad
1910 3101 1976 3160 te
2020 3087 2225 3159 iturus
2288 3095 2626 3173 videretur,

381 3202 508 3243 non
555 3180 952 3244 consalutare
997 3180 1532 3245 amantissimum³
1595 3182 1751 3245 mihi
1810 3186 2003 3263 atque
2066 3202 2313 3265 semper
2378 3204 2625 3246 summo

381 3266 619 3329 honore
693 3267 846 3329 mihi
921 3266 1324 3331 afficiendum
1415 3273 1904 3351 praeceptorem.
2024 3266 2252 3330 Fateor
2324 3288 2423 3330 me
2497 3289 2623 3330 non

381 3366 606 3415 ‘vacare
651 3353 854 3435 culpa,
901 3354 1010 3434 qui
1057 3360 1157 3417 tot.
1201 3376 1404 3417 annos
1449 3354 1604 3417 nihil
1654 3354 2029 3435 scripserIm.
2124 3352 2244 3416 Sed
2307 3375 2469 3435 quae
2511 3359 2627 3418 tua

379 3440 585 3521 pietas
662 3445 756 3501 est
823 3440 887 3502 in
953 3461 1191 3518 omneS,
1267 3441 1450 3504 dabis
1524 3440 1775 3504 veniam
1844 3460 1969 3503 non
2036 3444 2345 3521 occupato
2412 3441 2621 3518 mode,

379 3546 593 3589 verum
657 3546 899 3607 semper
945 3528 1005 3588 in
1056 3525 1171 3589 hos
1217 3537 1489 3589 omnes0
1556 3546 1758 3589 annos
1824 3524 2334 3607 occupatissimo.
2424 3526 2621 3601 Quem

377 3611 663 3674 laborum
715 3632 991 3674 meorum
1040 3613 1358 3675 cumulum
1405 3634 1575 3675 nunc
1634 3618 1827 3692 auget
1892 3612 2107 3675 nescio·
2172 3632 2335 3691 quae
2402 3633 2622 3693 parum

378 3698 654 3779 propitia
722 3697 994 3774 fortuna,
1063 3720 1227 3779 quae
1285 3720 1412 3761 non
1475 3698 1914 3761 Minoianamf
1974 3697 2159 3759 modo
2207 3698 2270 3759 in
2321 3719 2417 3761 me
2475 3720 2622 3762 cen-

379 3804 611 3861 suram,
679 3804 891 3847 verum
957 3788 1021 3848 et
1079 3785 1142 3846 in
1205 3784 1642 3867 spiritualibus
1710 3784 2084 3848 vicariatum
2150 3783 2385 3865 injecit,
2454 3787 2621 3866 quod

516 4001 545 4030 a
570 3988 603 4040 i.
641 4004 685 4040 e.
722 3986 846 4055 fehlt
881 3988 964 4040 bei
1000 3989 1146 4041 Tem.
1285 3994 1313 4031 b
1343 3988 1617 4043 cimiterio
1756 4003 1781 4030 0
1810 3988 1893 4042 die
1929 3989 2061 4041 festo
2094 3986 2219 4053 fehlt
2254 3986 2337 4040 bei
2371 3986 2518 4039 Tem.

379 4061 408 4100 d
435 4056 555 4110 Heu
593 4057 742 4110 Te‘nx.
881 4073 905 4101 θ
931 4074 1112 4111 omnes
1145 4057 1272 4124 fehlt
1306 4058 1390 4110 bei
1425 4058 1573 4110 Tem.
1722 4060 1744 4099 f
1767 4057 2043 4111 Minoiana.

519 4129 536 4158 ¹
571 4124 641 4179 M.
680 4126 871 4179 erkliirt
906 4128 998 4180 das
1037 4126 1342 4195 angebliche
1378 4128 1618 4180 Wunder
1654 4143 1756 4178 von
1792 4127 1912 4179 dem
1948 4124 2087 4178 wohl
2124 4125 2426 4178 erhaltenen
2448 4124 2622 4177 Haare

378 4196 472 4247 der
505 4194 699 4247 Leiche
735 4196 829 4248 auf
860 4196 1208 4249 natiirlicheln
1245 4196 1440 4263 W'ege:
1487 4194 1608 4249 weil
1652 4196 1781 4248 eben
1831 4197 1923 4248 das
1970 4194 2178 4249 Fleisoh
2214 4195 2340 4247 cher
2380 4194 2510 4248 fault
2544 4194 2623 4247 als

381 4265 476 4318 das
511 4265 745 4317 schwarz
781 4265 1008 4332 gestirbte
1045 4264 1200 4318 Haar'.
1341 4268 1361 4297 ²
1397 4266 1592 4333 Gregor
1624 4267 1686 4317 A.
1728 4265 1781 4315 in
1819 4262 2051 4316 Breslau,
2124 4263 2173 4316 S.
2214 4264 2314 4316 293
2348 4268 2410 4319 A.
2452 4264 2499 4315 2.

381 4334 402 4365 ³
435 4334 850 4386 Amantissimus
915 4335 1049 4387 nach
1107 4334 1226 4387 dem
1279 4334 1553 4403 Vorgange
1606 4334 1737 4385 alter
1788 4332 2101 4385 Inschriften
2156 4334 2442 4399 gebraucht
2494 4334 2623 4386 statt

379 4402 749 4456 amatissimus
823 4402 974 4455 Auch
1012 4403 1062 4455 in
1100 4403 1185 4456 Br.
1223 4402 1316 4455 39:
1354 4402 1748 4456 amantissimus
1785 4402 1959 4469 abbaS,
1998 4419 2048 4454 u.
2086 4405 2131 4455 ὃ.
