3084 4895
497 427 621 500 164
1257 428 1430 488 eriere
1467 449 1568 488 von
1610 425 1961 490 1508—1509.

483 606 837 688 propinans
884 605 1024 685 plus
1071 604 1242 666 aloes
1307 625 1497 684 quam
1568 603 1845 668 mellitae
1911 605 2213 686 potionis.
2307 605 2593 669 Prudens
2657 606 2757 668 vir

486 691 784 754 fortunae
853 691 1019 754 ictus
1087 691 1404 770 patienter
1471 690 1767 770 excipiat.
1880 689 1969 751 Ea
2037 712 2183 753 vero
2252 711 2417 770 quae
2487 691 2755 753 consilio

487 775 798 858 provideri
848 779 1138 857 possunt,
1183 774 1247 835 in
1291 773 1370 834 iis
1404 795 1528 835 non
1564 774 1840 836 fallatur.
1919 774 2257 855 Nunquam
2298 777 2469 838 volui
2504 776 2755 838 evolare

485 867 551 923 et
621 859 1039 923 conscendere
1108 858 1436 937 fastigium
1514 859 1774 940 majoris
1842 859 2097 938 gloriae,
2175 882 2361 922 casus
2441 866 2752 923 metuens,

485 946 556 1008 In
603 947 796 1028 plano
843 966 1044 1026 serpo,
1094 966 1172 1006 ne
1217 943 1458 1018 cadam,
1506 945 1599 1006 ita
1645 949 1857 1006 tamen
1908 946 2405 1027 circumspectus
2441 952 2505 1008 et
2536 946 2753 1015 solers

487 1034 562 1094 ut
631 1050 817 1093 nemo
887 1028 1044 1091 mihi
1112 1028 1316 1109 possit
1388 1029 1731 1108 imponere.
1847 1027 2175 1092 Laudatur
2240 1031 2407 1092 enim
2476 1031 2755 1111 prudens

491 1115 890 1197 simplicitas,
986 1112 1213 1193 Accepi
1246 1112 1662 1176 Enchiridion
1697 1112 2265 1210 Pythagoricorum
2300 1116 2756 1196 aenigmatum,

493 1221 658 1282 quae
689 1198 1099 1262 doctissimus
1133 1197 1482 1260 Beroaldus
1513 1198 1580 1260 in
1615 1198 1884 1260 literatis
1917 1199 2119 1261 literis
2152 1199 2393 1281 primus
2440 1199 2757 1281 professor

491 1307 602 1366 per
660 1284 1086 1366 tropologiam
1169 1282 1513 1363 exposuit.¹
1632 1282 1979 1345 Remittam
2050 1285 2360 1363 protinus,
2449 1283 2751 1346 Rufinus²

493 1371 618 1433 ibit
663 1368 1110 1451 Erphurdiam,
1157 1374 1229 1431 ut
1271 1389 1544 1429 censura
1590 1367 1870 1430 tollatur.
1942 1366 2246 1448 Sigillifer
2292 1371 2538 1449 accepit
2585 1370 2755 1432 haud

494 1455 687 1519 dubie
740 1476 912 1517 meas
957 1454 1190 1516 literas.
1282 1451 1408 1515 Sed
1453 1453 1907 1532 occupationes
1954 1459 2017 1515 et
2062 1454 2339 1535 pericula
2371 1463 2519 1517 sunt
2552 1457 2757 1530 tanta,

495 1544 570 1603 ut
614 1561 741 1602 non
791 1539 1013 1620 possit,
1079 1538 1328 1600 etiamsi
1390 1537 1565 1606 velit,
1614 1560 1680 1599 se
1726 1538 2127 1600 auxiliarium
2192 1545 2529 1620 praestare.
2626 1541 2758 1619 Ego

491 1646 604 1706 pro
650 1629 874 1688 mutua
919 1624 1338 1703 germanitate
1400 1627 1620 1685 nostra
1682 1621 1907 1685 faciam
1972 1627 2045 1685 ut
2090 1625 2512 1686 amicissimus
2568 1630 2760 1704 teque

494 1729 742 1786 moneO,
804 1715 878 1772 ut
941 1709 1038 1771 vel
1098 1708 1314 1770 literas
1379 1708 1455 1769 ad
1514 1730 1615 1770 me
1671 1708 1780 1769 des
1842 1708 1918 1770 ad
1976 1714 2135 1770 tuos·
2193 1709 2593 1789 perferendas
2664 1710 2759 1771 vel

495 1797 629 1877 ipse
676 1816 814 1857 cras
859 1792 986 1857 huc
1029 1793 1264 1856 venias
1359 1791 1524 1854 Vale.

804 1892 928 1946 Ood.
965 1891 1098 1946 Frcf.
1139 1891 1255 1944 149.

497 2112 727 2182 (eotha.)
1562 2094 1701 2158 128.
2268 2111 2350 2164 21.
2387 2114 2522 2180 Aug.
2562 2113 2759 2182 (1509).

1211 2220 1499 2290 Mutian
1545 2241 1643 2290 an
1687 2219 2058 2290 Herbord.

501 2347 762 2416 (Herbord
795 2347 1022 2400 schreibt
1057 2348 1216 2400 selten
1249 2347 1365 2400 und
1397 2348 1526 2400 ohne
1556 2348 1798 2426 Soryfalt
1835 2348 1917 2399 ‘ism
1954 2347 2100 2399 Stile.
2158 2346 2609 2415 AufmunterungJ,
2645 2349 2760 2400 sich

498 2416 862 2495 aufxuraffe‘ti.
913 2416 1154 2469 Hinweis
1177 2415 1393 2483 aufden
1413 2415 1594 2483 Heiliy
1595 2416 1902 2469 enkalender
1917 2415 2004 2467 des
2030 2415 2129 2468 Gn.
2149 2415 2375 2494 Appius,
2400 2416 2762 2485 Simzmerinys

497 2485 879 2537 Amanum-sis.
961 2484 1191 2537 Warwm
1235 2484 1423 2537 Orolus
1457 2433 1594 2536 diem
1576 2485 1915 2537 heidnischen
1956 2484 2133 2536 G'o‘tter
2165 2486 2267 2535 mit
2302 2486 2401 2535 den
2424 2486 2763 2537 ehrwtlielaen

497 2554 793 2606 verbunden
842 2552 971 2605 hat?
1040 2553 1143 2604 Die
1195 2552 1472 2619 Theoloqen
1517 2553 1722 2605 werden
1766 2558 1953 2605 waten.
2026 2552 2265 2605 Herbord
2304 2553 2444 2604 witd
2476 2554 2539 2605 in
2582 2554 2764 2605 Kic'rxe

1285 2620 1704 2689 freiyesproclwn
1736 2622 1977 2687 werden.)

1046 2733 1413 2784 Herebordo
1448 2734 1797 2795 Margaritae
1832 2732 1944 2800 (M.
1978 2732 2225 2801 Rufus).

713 2841 780 2907 S.
886 2840 1338 2925 Corripiendus
1411 2866 1478 2907 es
1554 2845 1769 2926 potius
1857 2865 2045 2926 quam
2138 2843 2595 2920 admonendus,
2682 2866 2765 2907 ne

510 2927 783 2991 Mutiani
830 2932 906 2990 ut
949 2930 1136 2991 amici
1183 2930 1581 2993 obliviscaris
1629 2952 1785 2993 neve
1832 2933 2222 3005 contemnas,
2270 2950 2458 3009 quem
2505 2929 2765 3009 diligere

505 3012 712 3075 debes
805 3013 993 3076 Venit
1054 3014 1120 3075 in
1177 3016 1362 3077 aedes
1431 3037 1602 3079 meas
1669 3013 1879 3079 scriba
1948 3012 2315 3089 Geortalis,³
2386 3015 2637 3096 rogavit
2680 3035 2761 3076 an

505 3098 942 3179 scripsissem?
1031 3098 1252 3180 Exigit
1299 3099 1603 3164 debitum.
1696 3101 1831 3176 Quo
1885 3105 1956 3162 tu
2004 3122 2101 3161 me
2149 3100 2386 3162 credito
2420 3099 2765 3179 obligasti?

505 3182 774 3246 Promisi
840 3205 937 3245 me
998 3184 1194 3248 fidum
1243 3188 1304 3248 in
1354 3187 1637 3249 amicit-ia
1704 3186 1987 3249 futurum
2059 3186 2481 3265 daturumque
2548 3185 2766 3247 literas

510 3270 782 3331 libenter
827 3274 890 3331 et
935 3276 1238 3333 amanter.
1332 3271 1640 3346 Quocirca
1708 3272 2034 3352 promissis
2104 3270 2432 3351 alligatum
2500 3270 2764 3332 resolvo

509 3353 605 3417 Tu
650 3375 796 3416 vero
843 3356 1080 3436 spolias
1129 3378 1224 3419 me
1267 3358 1615 3439 voluptate,
1662 3377 1853 3435 quam
1900 3378 1980 3418 ex
2024 3357 2154 3418 tuis
2200 3356 2401 3417 literis
2450 3360 2767 3437 percipere

507 3440 696 3503 soleo.
787 3439 958 3502 Dura
1003 3441 1355 3505 frustratio.
1448 3441 1519 3505 Si
1569 3463 1668 3505 me
1714 3462 1909 3517 amaS,
1955 3441 2528 3521 torpentem·inter
2584 3462 2769 3503 curas

506 3546 734 3587 recrea.
827 3524 988 3587 Nam
1029 3527 1222 3590 vicini
1254 3527 1410 3589 mihi
1443 3527 1735 3590 invident
1766 3531 1829 3589 et
1862 3525 2109 3588 molesti
2142 3548 2279 3588 esse
2312 3547 2441 3588 non
2494 3530 2765 3587 cessant.

507 3608 719 3673 Unum
782 3610 848 3671 in
913 3610 1296 3675 lectionibus
1365 3612 1685 3687 solatium,
1755 3611 1989 3691 quibus
2052 3614 2125 3673 tu
2190 3610 2435 3691 aliquid
2498 3610 2769 3691 adjicere

513 3694 771 3758 deberes
818 3701 882 3757 et
928 3697 1111 3777 quasi
1172 3698 1510 3760 succinere.
1602 3695 1834 3758 Mirum
1900 3716 2091 3775 quam
2152 3695 2431 3776 jucunde
2500 3700 2771 3758 avocent

511 3779 796 3843 eruditae
843 3779 1422 3858 confabulationes3
1469 3804 1508 3844 a
1554 3782 1789 3861 quibus
1850 3780 2171 3843 abhorres.
2262 3780 2447 3859 Pigre
2514 3785 2766 3843 tantum

514 3868 578 3927 et
622 3864 973 3927 lentissime
1037 3886 1239 3945 pauca
1302 3868 1545 3929 scribis.
1636 3866 1827 3929 Nulla
1894 3866 2228 3928 verborum
2297 3866 2541 3943 electi0‚
2610 3865 2769 3927 nihil

512 3955 845 4023 remotum,
916 3952 1130 4013 omnia
1201 3951 1506 4031 vulgaria.
1599 3951 1827 4014 Fateor
1883 3951 1975 4013 ita
2034 3952 2439 4013 scribendum
2509 3973 2644 4013 esse
2690 3952 2768 4013 ad

515 4035 694 4097 alios
790 4034 880 4095 Ad
930 4056 1026 4095 me
1073 4057 1308 4116 quaeso
1358 4038 1577 4100 mittas
1622 4035 2060 4116 exquisitiora,
2108 4042 2181 4098 ut
2224 4036 2457 4099 studiis
2518 4038 2645 4098 tuis
2691 4058 2771 4097 ex

512 4119 707 4181 animi
775 4121 1094 4181 sententia
1162 4123 1571 4201 gratulemur.
1664 4122 1805 4183 Non
1872 4121 2031 4183 satis
2087 4125 2186 4183 est
2242 4121 2511 4183 barbara
2578 4121 2774 4184 verba

516 4203 866 4284 repudiare,
916 4204 1037 4266 nisi
1088 4206 1335 4269 diversa
1381 4228 1686 4269 assumas,
1781 4206 2005 4267 Excita
2074 4206 2351 4287 sopitum
2423 4206 2772 4285 ingenium.

655 4354 672 4383 ²
708 4352 958 4419 Symbola
995 4354 1324 4423 Pythagorae
1363 4372 1476 4407 m01
1477 4354 1629 4407 ahter
1673 4354 1949 4421 explicata.
2099 4356 2119 4386 ²
2154 4354 2205 4409 S.
2243 4356 2277 4405 4
2311 4356 2373 4407 A.
2416 4358 2460 4406 1.
2604 4354 2623 4385 ³
2656 4354 2777 4408 Von

514 4419 878 4488 Georgenthal,
917 4426 1061 4474 sonst
1095 4427 1226 4475 stets
1262 4424 1488 4490 Georgiv
1491 4424 1719 4477 allensiS.
