3084 4895
1205 424 1421 480 Mutia-n
1457 439 1526 478 an
1562 417 1825 477 Herbord.
2522 413 2645 482 155

388 595 682 660 similiter
726 596 1034 677 puniendi
1079 601 1248 674 sunt,
1283 599 1391 662 sed
1423 597 1697 662 habetur
1728 599 1792 659 et
1822 593 2063 658 ordinis
2095 595 2159 656 et
2188 590 2649 672 stipendiorum

385 683 550 745 ratio
599 686 664 744 et
708 681 942 760 gradus
990 682 1274 746 militiae.
1367 683 1595 746 Differt
1640 687 1849 746 autem
1894 680 2175 743 desertor
2206 677 2287 740 ab
2321 696 2647 738 emansore

385 769 556 830 sicut
611 767 922 848 fugitivus
975 767 1056 831 ab
1111 790 1347 831 errone.
1437 769 1658 832 Livius
1710 766 1991 850 prodidit
2056 786 2217 836 eum,
2287 762 2396 842 qui
2464 762 2649 841 signa

385 853 786 924 deseruisset,
875 851 1258 918 fustuarium
1346 855 1591 917 mereri.
1710 853 1829 929 Qui
1905 849 2171 914 militiae
2260 869 2491 910 munus
2522 812 2648 907 ζ9011

387 937 790 1000 formidinem
860 938 1435 1020 subterfugiebant,
1504 939 1676 1003 soliti
1738 942 1920 1000 erant
1978 935 2101 998 sibi
2164 933 2423 1014 pollices
2472 953 2649 1012 prae-

391 1023 618 1100 cidere,
693 1028 1002 1103 tanquam
1077 1024 1288 1088 idonei
1361 1025 1639 1108 amplius
1714 1023 1972 1086 minime
2044 1020 2253 1084 forent
2325 1019 2406 1080 ad
2476 1037 2648 1078 arma

388 1073 744 1172 tractanda.
833 1108 1002 1190 Lege
1064 1109 1406 1173 Valerium¹
1457 1048 1521 1174 ept
1564 1108 2020 1172 Marcellinum.
2030 1105 2053 1140 ²
2142 1103 2363 1166 Cicero
2425 1097 2644 1181 „“octo

387 1193 601 1275 inquit
657 1215 1038 1276 „poenarum
1099 1217 1330 1294 genera
1377 1197 1443 1260 in
1518 1195 1768 1293 legibus
1836 1193 2276 1256 continentur:
2330 1189 2651 1264 damnum,

387 1278 665 1355 vincula,
684 1279 964 1356 verbera,
983 1281 1274 1355 talioneS‚
1295 1281 1702 1362 ignominiae
1725 1279 1934 1354 exilia,
1954 1277 2259 1341 servitute
2274 1278 2372 1336 set
2389 1271 2611 1336 morS.“

389 1363 700 1446 Ulpianus
746 1365 937 1429 titulo
989 1366 1147 1445 „Qui
1193 1371 1498 1430 notantur
1541 1363 1843 1428 infamia“
1882 1369 2158 1427 testatur
2188 1360 2391 1423 multa
2420 1380 2651 1440 genera

390 1471 529 1514 esse
597 1451 991 1514 missionum.
1086 1451 1199 1514 Est
1265 1451 1552 1527 honesta,
1620 1451 1925 1527 causaria‚
1989 1446 2433 1530 ignominiosa.
2525 1442 2648 1506 Sed

395 1540 469 1598 ut
511 1535 768 1602 tandem
821 1536 1148 1600 veniamus
1195 1537 1272 1600 ad
1322 1538 1671 1600 clausulam
1718 1536 1777 1598 h.
1830 1558 1880 1598 e.
1930 1533 2396 1598 conclusionem
2462 1532 2651 1612 hujus

397 1621 812 1720 quaestionis,
863 1623 955 1686 sic
1001 1623 1430 1686 decernimus:
1477 1627 1553 1686 ut
1596 1623 1651 1685 is
1698 1622 1782 1684 sit
1826 1621 2137 1702 spoliatus
2183 1619 2437 1718 cingulo
2485 1618 2651 1680 mili·-

388 1707 532 1783 tari,
581 1709 691 1787 qui
738 1707 836 1770 vel
881 1709 1268 1788 ignominiae
1328 1729 1520 1772 causa
1566 1708 1798 1770 missus
1842 1711 1939 1770 est
1984 1711 2048 1770 et
2092 1706 2277 1788 quasi
2330 1705 2650 1784 relegatus

391 1813 521 1854 non
569 1793 708 1855 dico
756 1793 818 1855 in
871 1794 1192 1857 metallum
1242 1829 1324 1837 ——
1373 1794 1552 1856 miles
1597 1793 1765 1855 enim
1813 1815 2016 1876 neque
2062 1795 2395 1873 torquetur
2447 1811 2653 1870 neque

390 1877 458 1938 in
506 1899 668 1959 opus
715 1879 953 1942 metalli
999 1884 1112 1942 aut
1157 1880 1220 1942 in
1267 1857 1598 1944 metallum
1629 1880 1907 1959 legatur3
1938 1878 2183 1953 dubito,
2216 1901 2299 1941 an
2332 1875 2649 1957 deportari

391 1964 598 2044 possit
641 1999 722 2008 —-
767 1965 867 2027 vel
915 1965 1016 2029 cui
1059 1970 1319 2046 torques
1364 1971 1430 2029 et
1473 1965 1821 2046 cingulum,
1855 1963 2023 2026 dona
2054 1927 2299 2026 scilicet
2328 1962 2652 2060 militaria,

391 2049 648 2114 ademta
711 2049 1124 2132 detractaque
1189 2056 1360 2115 sunt.
1449 2049 1665 2114 Minus
1733 2049 1955 2131 putavi
2000 2049 2349 2113 absurdum
2396 2048 2546 2122 fore,
2594 2047 2649 2108 si

395 2138 605 2198 cetera
650 2140 903 2200 tuarum
952 2137 1525 2218 interrogationum
1572 2135 1785 2217 capita
1828 2135 2220 2230 replicarem,
2282 2133 2651 2233 praesertim

391 2242 486 2297 ea,
555 2243 716 2302 quae
782 2222 1027 2286 intacta
1101 2223 1615 2322 inexplicataque
1688 2225 1858 2284 sunt.
1984 2208 2413 2323 Ἀρχιερεὺςῦ
2456 2219 2655 2282 latine

391 2270 680 2399 pontifex
710 2307 961 2383 dicitur,
993 2299 1326 2393 ἱερατικός
1347 2315 1654 2384 sacratuS,
1680 2301 1855 2388 ἱερέα
1887 2302 2037 2369 vel‘
2014 2294 2285 2389 ιερεύςῑ)
2330 2304 2644 2382 sacerdOS,

391 2393 832 2475 αρχιεροντεῖς
877 2394 916 2457 i
965 2416 1016 2458 e.
1082 2393 1617 2459 archimandritae
1676 2415 1788 2457 seu
1846 2391 2395 2475 archipresbyteri.
2490 2391 2652 2471 Ergo

391 2479 796 2543 scribendum
874 2486 971 2543 est
1045 2481 1494 2557 archieronteS,
1574 2502 1703 2543 non
1776 2478 2305 2560 archigerontes⁴.
2427 2478 2651 2540 Hieros

391 2586 586 2639 sacer,
661 2552 864 2649 ἆρχός
946 2567 1254 2649 princeps
1369 2530 1839 2648 Hie'rophantae
1932 2564 2434 2639 Atheniensium,
2524 2584 2651 2644 quo

389 2650 634 2715 castius
711 2653 908 2715 sacris
985 2653 1341 2751 divinisque
1417 2652 1605 2715 rebus
1676 2657 2107 2732 operarentur,
2187 2653 2656 2714 consueverunt

389 2734 743 2801 sorbitione
791 2736 1089 2802 cicutae0
1133 2760 1204 2802 se
1247 2742 1423 2820 ipsos
1469 2741 1747 2801 castrare
1791 2740 1956 2800 teste
1986 2737 2391 2819 Hieronymo,
2468 2734 2654 2799 Potio

391 2826 607 2885 autem
675 2822 920 2886 cicutae
979 2823 1322 2904 frigorifica
1383 2826 1482 2886 est
1526 2826 1593 2885 et
1636 2823 1961 2903 nequitiae
2032 2823 2509 2905 voluptatisque
2555 2821 2654 2882 in-

391 2908 685 2971 cendium
716 2909 746 2948 ‘¹
799 2908 1006 2973 aufert
1059 2909 1358 2990 tollitque
1414 2908 1701 2971 venerias
1758 2908 2182 2971 titillationes.
2272 2908 2344 2971 In
2402 2905 2655 2969 christi-

390 2993 534 3057 anis
579 2996 775 3057 sacris
837 3000 1050 3059 aetate
1114 3001 1334 3059 nostra
1398 2994 1746 3075 turpiorem
1814 2994 2144 3057 libidinem
2217 2994 2656 3075 pruritumque

395 3080 818 3143 membrorum
867 3081 1434 3163 quadragesimalis
1481 3079 1637 3142 haec
1683 3078 2038 3142 ceremonia
2084 3079 2303 3142 domat
2347 3084 2541 3161 atque
2570 3076 2654 3140 ob

391 3186 532 3229 eam
610 3187 735 3229 rem
818 3166 1118 3230 instituta
1197 3167 1466 3242 videtur,
1534 3169 1609 3228 ut
1668 3169 1843 3227 caste
1903 3164 2053 3227 deos
2122 3164 2491 3228 salutemus,
2580 3164 2652 3226 In

391 3249 642 3330 legibus
690 3251 1012 3315 Ciceronis
1058 3251 1284 3316 habes:
1339 3252 1474 3332 „Ex
1514 3250 1739 3333 patriis
1770 3249 2025 3314 ritubus
2055 3251 2315 3313 colunto
2348 3247 2649 3331 optima.“

391 3336 577 3397 Item:
619 3336 846 3416 „Caste
871 3338 1022 3400 deos
1055 3336 1426 3401 adeunto.“⁶
1502 3336 1657 3398 Vide
1689 3334 2013 3398 Ciceronis
2043 3335 2654 3417 interpretationem.

393 3420 565 3483 Dicit
608 3425 880 3502 utraque
927 3423 1306 3486 castimonia
1351 3444 1512 3503 opus
1558 3444 1713 3495 esse,
1762 3427 1834 3484 ut
1878 3426 1943 3483 et
1988 3443 2214 3503 corpus
2259 3420 2401 3483 labe
2443 3422 2658 3483 careat

391 3510 460 3569 et
502 3506 758 3569 animus
802 3508 1080 3570 sordium
1132 3508 1218 3571 sit
1261 3529 1504 3588 expers
1598 3506 1723 3569 Sed
1772 3506 1972 3569 multo
2018 3507 2225 3587 magis
2255 3507 2501 3587 placere
2534 3504 2656 3567 diis

393 3612 622 3668 purum
687 3592 991 3655 animum.
1081 3593 1230 3655 Ideo
1296 3594 1673 3655 Lactantius
1729 3591 1986 3654 scribit:
2062 3591 2537 3672 „Innocentiam
2602 3590 2657 3653 si

391 3676 538 3757 quis
567 3676 687 3739 deo
717 3676 1044 3751 obtulerit,
1072 3679 1232 3742 satis
1264 3679 1364 3760 pie
1397 3676 1817 3757 religioseque
1849 3675 2117 3741 litavit.“
2199 3676 2657 3757 Aegyptiorum

391 3762 756 3825 sacerdotes
801 3784 929 3844 quo
995 3765 1356 3827 mundiores
1421 3767 1655 3840 essent,
1724 3762 2083 3826 rasitabant
2148 3767 2357 3826 totum
2425 3783 2655 3842 corpus

391 3847 680 3927 (causam
727 3847 919 3911 refert
967 3847 1347 3931 Herodotus)
1397 3858 1461 3912 et
1506 3847 1769 3934 cottidie
1812 3848 2135 3911 lavabant.
2223 3848 2378 3911 Mihi
2435 3868 2658 3929 parum

525 4012 554 4040 ⁸
582 4016 698 4062 αρχι
701 4016 834 4059 socos·
971 4003 1042 4047 bc
1028 4018 1123 4062 ιεερ
1127 4020 1178 4055 ος
1318 3998 1547 4052 ccitute.
1690 4000 1719 4038 d
1744 3997 2050 4051 iacentium.

533 4069 549 4099 ¹
585 4066 871 4131 MaximuS,
919 4067 1198 4121 Factorum
1235 4068 1599 4135 dictorumque
1636 4066 1957 4119 memorabil.
1995 4066 2028 4119 l.
2066 4066 2162 4119 IX.
2202 4067 2413 4133 Argent.
2456 4066 2603 4118 1471.

388 4136 410 4166 ²
446 4135 780 4195 Ammianus
819 4107 1092 4189 H'istoriar.
1131 4136 1164 4189 1.
1203 4134 1611 4189 XIV—XXVI.
1650 4134 1799 4188 Rom.
1841 4135 1988 4186 1474.
2044 4134 2142 4186 Die
2168 4134 2361 4188 letzten
2386 4134 2419 4186 5
2443 4134 2656 4187 Biicher

387 4204 522 4280 Aug.
561 4204 722 4255 Vind.
763 4204 911 4256 1533.
1055 4206 1076 4236 ³
1109 4204 1267 4257 Diese
1303 4204 1480 4269 Stelle,
1519 4203 1604 4255 die
1640 4202 1755 4254 sich
1790 4202 1843 4253 in
1888 4203 1994 4255 Cic.
2032 4202 2110 4255 De
2147 4202 2246 4271 leg.
2284 4202 2433 4255 nicht
2476 4204 2655 4261 findet,

386 4271 459 4323 ist
513 4272 853 4324 aufbehalten
905 4288 1010 4325 von
1070 4274 1346 4351 Augustin.
1419 4272 1500 4325 De
1535 4271 1637 4323 ciV.
1683 4270 1782 4321 Dei
1830 4270 1984 4336 XXI,
2026 4272 2104 4324 11.
2247 4273 2268 4303 ⁴
2302 4270 2505 4324 Mutian
2559 4272 2655 4323 irrt

385 4339 543 4391 wohl.
615 4340 1020 4417 Archigerontes
1073 4340 1284 4395 hiessen
1341 4341 1425 4394 die
1479 4338 1805 4392 vornehmen
1862 4338 2017 4406 Haup
2020 4341 2099 4391 ter
2152 4339 2245 4392 des
2300 4339 2495 4393 Volkes
2548 4356 2653 4394 von

387 4407 725 4463 Alexandria.
796 4408 1168 4463 Archierontes
1201 4410 1274 4463 ist
1306 4406 1697 4479 ungriechisch.
1838 4408 1860 4440 ⁶
1892 4406 1972 4461 De
1985 4356 2109 4476 p.leg
2146 4406 2218 4475 H,
2253 4407 2288 4461 8
2324 4423 2401 4477 sq.
