3084 4895
1244 407 1455 462 Mutian
1489 421 1564 460 aa
1598 407 1800 461 Urban.
2519 410 2647 473 479

377 594 566 648 eotha.
1448 578 1598 642 412.
2192 594 2274 648 14.
2313 593 2453 662 Sept.
2493 597 2643 650 1514.

1135 677 1423 756 Mutian
1472 707 1571 756 an
1615 685 1897 756 Urban.

380 797 549 864 (Will
581 797 700 850 dem
744 796 1038 865 Gampeyus
1073 797 1241 850 durch
1278 797 1458 852 des-een
1491 797 1658 850 Boten
1692 795 1874 863 Rufus
1918 794 2015 862 fu'r
2059 795 2158 847 den
2197 795 2651 866 Bucheranxee'qer

383 865 607 919 damma.
678 863 929 918 Dicimur
971 865 1075 918 soll
1116 865 1197 918 20
1248 866 1330 919 Gt.
1366 867 1571 930 xamen,
1608 865 1780 918 damit
1816 863 1890 918 M.
1926 863 2018 916 ein
2059 863 2318 918 Geschaemlc
2361 865 2456 932 fiisr
2501 867 2649 935 Pfef-

379 935 555 1002 finqer
587 933 785 1000 hausen
818 934 979 986 kann.
1050 933 1199 1002 Hoffl
1232 951 1353 987 vom.
1387 934 1523 1001 Hofe
1555 935 1641 987 die
1673 933 2054 986 Ηαὲςεηιαίᾰση
2086 949 2191 984 mur
2224 933 2477 1000 Pfrio‘nde.
2534 936 2650 989 Das

922 1002 1162 1071 Epitaph
1196 1002 1307 1071 auf
1342 1003 1592 1056 Willaelm
1625 1003 1694 1054 ΙΙ.
1729 1019 1832 1054 vcm
1865 1001 2065 1054 Hessen
2067 1003 2100 1068 .)

876 1099 1123 1160 optimo
1158 1101 1357 1150 amieo
1391 1101 1475 1150 Η.
1510 1101 1768 1151 Urbano
1805 1099 1893 1149 M.
1928 1096 2152 1150 Rufus.

596 1191 660 1256 S.
750 1191 931 1256 Fecit
997 1192 1157 1256 mihi
1226 1191 1610 1276 Campegus¹
1684 1196 2068 1275 pergratum,
2137 1193 2308 1276 quod
2375 1194 2645 1257 indicem

385 1274 692 1341 librorum
738 1283 1043 1356 amanter,
1093 1283 1167 1343 ut
1210 1279 1395 1360 solet,
1443 1281 1907 1362 diligenterque
1973 1279 2421 1360 procuraverit.
2513 1279 2648 1360 Ego

386 1364 702 1428 adductus
769 1364 941 1428 illius
1010 1361 1156 1428 Rufi
1220 1361 1615 1429 tabellionis²
1685 1365 2130 1428 benevolentia
2188 1365 2528 1429 rescribam
2585 1368 2650 1427 et

384 1450 629 1531 gratias
694 1471 877 1532 agam
945 1451 1159 1516 animo
1226 1451 1533 1533 gaudenti
1595 1455 1660 1514 et
1717 1451 1965 1527 libenti,
2027 1457 2099 1514 ut
2159 1450 2528 1514 absolutum
2582 1473 2650 1514 se

387 1535 703 1616 (peccavit
769 1534 964 1618 enim)
1029 1535 1255 1600 laetari
1321 1539 1542 1618 possit.
1633 1536 1776 1600 Non
1847 1535 1973 1599 huc
2030 1536 2208 1599 venit
2269 1535 2650 1599 Phorcensis

387 1619 813 1700 adulescenS‚⁸
836 1621 1079 1703 alioqui
1102 1621 1401 1686 Publius*
1432 1626 1612 1686 tuam
1645 1643 1906 1685 manum
1938 1621 2252 1685 imitando
2275 1621 2648 1685 effinxisset.

388 1704 547 1769 Cum
596 1705 741 1770 Tito
785 1706 1016 1772 Mario⁸
1060 1709 1401 1789 transigas,
1491 1707 1728 1771 Vellem
1786 1707 2165 1770 haberemus
2207 1707 2345 1785 XX,
2390 1710 2464 1771 ut
2509 1728 2649 1771 meo

386 1791 703 1873 praesidio
770 1813 1037 1856 emerem
1109 1793 1346 1858 donum
1414 1793 1722 1875 nuptiale,
1789 1796 2160 1875 argenteum
2231 1793 2526 1856 videlicet
2587 1798 2650 1856 et

390 1877 647 1958 quidem
694 1879 1043 1960 pretiosum
1091 1879 1501 1942 carchesium.
1595 1878 1899 1961 Suspicor
1934 1879 2317 1961 inquilinum
2353 1879 2647 1942 daturum

385 1961 599 2026 verba.
690 1963 1082 2030 Sceleratum
1130 1965 1496 2029 Schilonem
1545 1961 1966 2028 submovebo⁶
2020 1971 2212 2046 teque
2257 1963 2648 2028 substituam

388 2050 457 2111 in
502 2049 639 2130 ejus
684 2049 911 2113 locum.
1000 2049 1235 2114 Iterum
1301 2050 1555 2133 postulo
1618 2051 1930 2114 rationem
2000 2050 2429 2114 villicationis,
2518 2049 2648 2113 Vae

387 2133 533 2212 tibi,
579 2132 831 2198 Schilo!
923 2134 1163 2216 Scripsi
1206 2136 1283 2200 ad
1332 2136 1666 2200 Eobanum
1732 2136 1996 2199 inclusis
2066 2135 2367 2218 Campegi
2429 2135 2650 2215 literis,

388 2220 904 2302 quandoquidem
972 2221 1075 2284 hic
1146 2221 1323 2286 illum
1400 2221 1640 2286 laudat.
1755 2219 2124 2285 Primarias⁷
2192 2242 2317 2303 quo
2385 2226 2648 2300 vertam,

388 2304 622 2369 nescio.
715 2305 1003 2370 Potiores
1049 2307 1439 2371 obtinebunt
1484 2307 1733 2391 potiora
1779 2307 1936 2371 loca.
2016 2305 2318 2383 Quamvis
2365 2312 2429 2370 et
2475 2329 2651 2372 meae

389 2391 727 2475 dignitatis
792 2393 1099 2457 rationem
1167 2393 1499 2457 habituros
1557 2396 1710 2477 puto
1773 2392 2053 2457 fautores
2112 2393 2379 2457 aulicos.
2483 2392 2650 2475 Lege

389 2470 780 2541 cancellari?
835 2478 1055 2542 literas
1100 2483 1163 2542 et
1206 2480 1394 2543 redde
1455 2502 1598 2544 cum
1665 2479 1824 2543 aliis.
1915 2477 2090 2542 Nihil
2137 2479 2212 2542 de
2256 2479 2378 2542 hoc
2421 2478 2654 2561 Engel-

390 2584 643 2627 manno
674 2563 867 2628 dicas.
958 2562 1216 2629 Ambiet
1261 2572 1325 2628 et
1368 2566 1511 2628 sibi.
1604 2564 1731 2628 Sed
1763 2585 1882 2647 ego
1915 2586 2039 2628 non
2073 2563 2300 2628 alienis
2330 2565 2648 2645 indagabo

388 2648 705 2729 vestigiis,
780 2670 988 2713 meam
1061 2651 1451 2732 provinciam
1521 2650 1777 2714 curabo.
1892 2648 2176 2715 Fortuna
2245 2651 2330 2715 sit
2395 2651 2652 2715 domina

388 2734 617 2815 campi.
709 2734 1041 2799 Caesarem
1104 2732 1593 2801 Tabernarium⁹
1655 2736 2019 2815 admoneaS,
2064 2741 2140 2800 ut
2183 2736 2468 2800 facturus
2529 2738 2650 2801 iter

396 2841 497 2883 me
541 2820 709 2884 inter
751 2821 1030 2885 eundum
1077 2822 1263 2900 visat,
1309 2822 1407 2886 vel
1456 2823 1511 2885 si
1557 2822 1750 2886 alium
1814 2820 2014 2886 habes
2075 2822 2374 2885 nuntium
2434 2823 2651 2902 fidum,

391 2906 609 2969 dicito.
722 2904 920 2971 Valde
994 2909 1333 2990 occupavit
1405 2929 1505 2971 me
1579 2908 1887 2989 proximis
1960 2908 2187 2971 diebus
2259 2908 2651 2991 epitaphium

391 2990 821 3075 principale)⁰
910 2990 1119 3057 Tanta
1184 2994 1442 3057 domina
1507 2994 1661 3075 quid
1727 3014 1856 3057 non
1923 2993 2291 3074 impetraret
2357 2996 2548 3057 etiam
2615 3017 2656 3058 a

389 3076 751 3142 Xenocrate
795 3081 861 3141 et
904 3076 1135 3160 frigido
1194 3078 1620 3176 philosopho?
1710 3077 1782 3143 Si
1826 3078 2067 3161 placuit
2110 3078 2240 3143 Jul.
2289 3077 2545 3143 Caesari
2589 3084 2655 3143 et

390 3160 477 3225 M.
540 3164 822 3228 Antonio
882 3163 1373 3245 imperatoribus
1430 3164 1651 3245 regina
1709 3163 1992 3246 Aegypti
2041 3163 2451 3247 Cleopatra,
2512 3164 2657 3227 Ale-

390 3248 639 3313 xandro
684 3246 1051 3328 Thalestris,
1098 3271 1179 3313 an
1227 3272 1353 3315 non
1400 3250 1560 3314 mibi
1601 3248 1851 3331 placeat
1897 3248 2200 3314 bellicosa
2241 3249 2658 3314 Semiramis?

391 3332 594 3397 Extra
633 3333 865 3416 jocum.
954 3334 1055 3399 Ita
1098 3336 1448 3413 blanditur,
1494 3339 1569 3399 ut
1613 3336 1804 3399 vides,
1897 3335 2232 3399 Blanditur
2291 3339 2527 3413 autem,
2583 3341 2656 3399 ut

394 3424 495 3483 me
539 3440 749 3483 amare
792 3420 1103 3484 videatur.
1194 3423 1506 3503 Intelligo.
1599 3421 1741 3485 Non
1790 3421 2007 3484 desum
2055 3421 2394 3484 occasioni.

980 3500 1088 3589 ξεί)
1135 3509 1427 3584 ubetedjith
1468 3508 1528 3569 ίιι
1571 3500 1684 3589 5η
1731 3508 1878 3581 cinni
1927 3510 2054 3583 {jum

978 3592 1116 3653 mein
1161 3592 1531 3670 unbettljaeuidi
1576 3592 1742 3666 minio
1783 3592 1990 3674 pfanbt.

980 3674 1091 3739 Sit
1135 3680 1366 3760 vttliefie
1413 3682 1538 3739 obet
1583 3695 1769 3756 otmunt

532 3810 711 3865 Cleo
710 3814 873 3879 pe.tra

540 3881 558 3912 ¹
590 3827 829 3933 Erfurter
866 3879 1063 3934 Scriba.
1119 3878 1170 3933 S.
1212 3880 1315 3935 210
1348 3880 1411 3933 A.
1452 3879 1496 3931 1.
1606 3879 1626 3911 ²
1660 3877 1779 3947 Vgl.
1818 3877 1868 3932 S.
1905 3878 2006 3931 447
2044 3879 2106 3932 A.
2147 3880 2193 3932 1.
2301 3879 2322 3911 ³
2354 3878 2456 3931 Ein
2479 3879 2656 3933 Pforz-

394 3948 621 4014 hoium,
657 3949 750 4001 der
782 3948 1227 4003 wahrscheinlich
1262 3948 1319 4001 in
1353 3948 1531 4000 Erfurt
1566 3948 1820 4000 studierte
1855 3948 1965 3999 und
1999 3948 2131 3999 oster
2163 3948 2465 4015 voi-sprach.
2536 3949 2656 4016 Vgl.

392 4016 483 4071 Βι·.
521 4018 638 4071 416.
676 4017 795 4073 448.
902 4018 925 4051 ⁴
958 4017 1167 4072 Diener.
1222 4016 1276 4070 8.
1311 4017 1413 4071 407
1451 4019 1512 4071 A.
1552 4016 1600 4070 2.
1707 4017 1730 4049 ⁵
1763 4016 1872 4068 Der
1905 4015 2225 4068 Mietsmann
2259 4016 2512 4069 Dietmar.
2566 4017 2654 4072 Βι·.

399 4085 520 4139 404.
628 4087 651 4118 ⁶
685 4086 803 4139 Von
822 4086 996 4139 seiner
1012 4086 1357 4154 Verwaltung
1375 4086 1468 4138 der
1484 4084 1876 4139 Mutianischen
1894 4084 2190 4137 Einki'mfte.
2249 4084 2348 4137 Ein
2384 4085 2657 4137 ahnlicher

394 4152 579 4207 Faus,
601 4154 699 4206 247
722 4158 783 4207 A.
803 4155 849 4209 6.
973 4156 991 4187 ⁷
1026 4154 1274 4207 Nemlich
1310 4170 1506 4221 p1·,eces
1545 4153 1629 4205 die
1664 4153 2023 4205 Prascntation
2061 4154 2146 4205 fiir
2179 4153 2296 4205 eine
2333 4153 2652 4206 Gothaische

396 4221 630 4278 Psi-{iude
665 4222 715 4277 S.
752 4224 858 4275 444
894 4226 955 4275 A.
992 4225 1040 4278 4.
1114 4222 1199 4276 Βι·.
1237 4222 1794 4287 407,de1·x-ielleicht
1829 4232 1936 4273 erst
1971 4222 2063 4273 auf
2095 4221 2282 4287 obigen
2333 4221 2475 4287 folgt.
2548 4223 2654 4275 Da-

396 4291 518 4343 rauf
548 4291 695 4345 fiihrt
730 4292 869 4345 auch
908 4292 993 4345 die
1028 4293 1171 4345 Bitte
1207 4308 1259 4343 in
1296 4264 1381 4343 Bi:
1419 4293 1519 4344 407
1569 4307 1656 4343 um
1705 4290 2152 4356 Zuriieksendung
2201 4291 2292 4341 des
2339 4290 2422 4344 Βι·.
2475 4293 2654 4342 Annas

395 4374 448 4409 ι.
484 4358 707 4415 Hessen.
852 4361 873 4391 ⁸
904 4360 985 4413 En
987 4361 1242 4427 glenders.
1316 4359 1431 4427 Vgl.
1482 4376 1590 4415 xor.
1641 4360 1726 4411 Βι·.
1867 4360 1890 4390 ⁹
1929 4358 2042 4425 Vgl.
2095 4375 2204 4412 vor.
2243 4358 2328 4411 Βι·.
2477 4362 2516 4391 ¹⁰
2551 4360 2660 4411 Aut*

396 4426 659 4479 Wilhelm
698 4428 761 4482 II.
799 4428 1525 4495 1.Hesse11.Vgl.S.472
1561 4430 1622 4479 A.
1661 4429 1707 4479 3.
2055 4470 2060 4477 .
