3084 4895
427 387 510 454 64
1201 383 1373 442 Briefe
1410 405 1510 443 von
1555 384 1905 442 1505-1508.

431 563 732 646 postulat.
822 563 979 626 Nam
1016 563 1139 626 ista
1186 563 1567 644 parsimonia
1601 563 1832 627 frustra
1875 564 2091 627 domat:
2124 565 2306 627 modo
2340 565 2666 627 edomitos,

330 697 339 708 .
432 650 767 713 Beluarum
829 651 1044 712 feritas
1105 651 1445 713 esuritione
1504 653 1795 713 mitescit.
1903 649 2399 713 Mansuetissimi
2462 655 2671 730 patres

431 758 555 798 non
622 742 810 817 egent.
872 736 988 799 tali
1048 735 1342 811 remedio,
1423 737 1545 798 nisi
1613 737 1791 816 sequi
1847 735 2018 798 voles
2083 735 2320 800 Christi
2386 737 2665 816 vestigia.

429 821 725 902 Legimus
758 823 950 884 fuisse
983 827 1333 901 serpentem
1369 821 1544 884 XXX
1578 824 1955 898 cubitorum,
1991 822 2097 902 qui
2133 828 2462 885 venatores
2496 825 2670 885 vivos

435 908 793 988 deglutivit,
853 909 1012 971 alios
1058 908 1258 970 cauda
1304 907 1554 970 afflixit.
1645 908 1704 970 Is
1753 910 1812 970 vi
1857 913 1920 970 et.
1965 914 2099 970 arte
2145 910 2402 971 tandem
2449 907 2684 990 captus'

438 995 515 1056 ad
564 993 997 1058 Ptolomaeum
1046 995 1108 1057 in
1162 994 1603 1057 Alexandriam
1653 994 1946 1056 defertur.
2039 993 2378 1074 Spectatus
2425 1000 2517 1057 est
2561 1016 2670 1076 pro

430 1081 753 1156 mirac-uic,
800 1081 1163 1161 praesertim
1199 1081 1365 1161 quod
1400 1080 1615 1142 feritas
1649 1086 1868 1142 tant-ae
1902 1080 2120 1142 beluae
2155 1101 2262 1161 per
2295 1081 2668 1143 tenuitatem

429 1167 555 1230 cibi
600 1168 917 1229 remissior
961 1166 1044 1228 sit
1091 1165 1275 1229 facta.
1372 1166 1472 1229 Sic
1520 1166 1817 1228 domandi
1864 1174 2014 1229 sunt
2058 1167 2395 1230 facinorosi
2441 1171 2505 1230 et
2554 1168 2669 1229 mi—

433 1275 640 1315 naces,
754 1251 846 1314 Tu
914 1274 1060 1314 vero
1115 1252 1269 1314 nihil
1329 1254 1672 1330 serpentini
1729 1253 1899 1314 virus
1961 1251 2203 1314 habens
2257 1253 2526 1330 cavebiS‚
2593 1275 2671 1314 ne

430 1361 655 1420 corpus
696 1339 937 1420 jejunio
984 1339 1280 1401 saucieS.²
1350 1337 1495 1401 Sint
1542 1339 1722 1410 vireS,
1771 1361 1932 1419 quae
1979 1339 2207 1401 studiis
2251 1345 2314 1401 et.
2346 1338 2671 1402 laboribus

431 1426 559 1488 tuis
605 1425 979 1488 sufficiant.²
1050 1424 1316 1506 Reliqua
1362 1424 1530 1486 dicet.
1577 1423 1946 1506 Spalatinus
2004 1431 2232 1498 noster,
2289 1426 2397 1507 qui
2444 1425 2671 1487 notarii

434 1510 670 1593 publici
734 1533 1059 1591 personam
1120 1510 1417 1591 accepit..¹
1515 1510 1778 1572 Factum
1830 1511 1890 1572 id
1941 1532 2076 1573 meo
2121 1533 2334 1584 suasu,
2382 1515 2453 1574 ut
2496 1511 2672 1590 orgia

432 1602 495 1660 et
540 1598 931 1659 initiationes
960 1597 987 1636 ¹²
1037 1603 1278 1659 vestrae
1324 1596 1729 1659 tabellionem
1777 1596 2072 1658 habeant.
2164 1597 2396 1659 Bedam
2445 1601 2508 1660 et
2542 1597 2670 1660 Hu-

428 1681 696 1764 gonem²
758 1684 909 1746 mihi
972 1683 1252 1746 indultos
1307 1683 1617 1744 dedissem
1679 1681 2027 1764 Spalatum,
2079 1683 2196 1745 nisi
2245 1705 2405 1745 onus
2448 1683 2673 1745 fuisset

430 1770 669 1833 viribus
716 1770 933 1851 impar.
1026 1768 1109 1832 Mi
1163 1768 1431 1844 Urbane,
1479 1769 1727 1851 perfice,
1775 1768 1944 1848 quod
1991 1769 2066 1831 de
2112 1769 2266 1830 aede
2303 1769 2667 1832 Honkirchii

430 1878 825 1936 conceperas,
875 1879 951 1918 ne
999 1854 1179 1917 vobis
1226 1862 1287 1916 et.
1319 1856 1542 1917 honori
1577 1875 1714 1917 meo
1747 1854 2048 1917 malorum
2087 1854 2276 1918 factio
2314 1855 2673 1935 vigilantior

430 1965 566 2005 esse
636 1939 971 2005 videatur.³
1068 1941 1219 2004 Vale
1286 1948 1349 2003 et
1408 1941 1580 2003 salve
1642 1948 1702 2003 et
1763 1962 1904 2002 ama
1968 1940 2182 2003 literas
2252 1941 2670 2012 humanioreS,

432 2030 664 2110 quibus
712 2031 829 2091 etsi
881 2049 1003 2090 non
1053 2028 1233 2089 detur
1279 2027 1648 2090 immunitas
1696 2048 1805 2106 pro
1839 2026 1969 2089 suis
2001 2027 2259 2102 meritis,
2309 2028 2672 2090 conceditur

430 2120 640 2177 tamen
692 2137 936 2178 summa
985 2114 1118 2176 laus
1165 2119 1229 2175 et.
1276 2114 1535 2176 utilitas,
1631 2112 1790 2188 Quid
1841 2114 2005 2175 enim
2055 2114 2274 2175 utilius
2321 2119 2433 2188 est,
2482 2135 2667 2195 quam

428 2202 588 2263 scire
648 2202 1033 2264 saeculorum
1097 2200 1375 2262 omnium
1437 2200 1751 2261 mirabilia
1811 2205 1872 2260 et
1933 2199 2031 2261 sui
2090 2199 2483 2280 aliorumque
2548 2223 2672 2261 me—

426 2288 686 2350 moriam
742 2309 923 2368 posse
986 2287 1304 2348 literarum
1377 2285 1803 2348 monumentis
1870 2285 2250 2366 prorogare?
2347 2285 2466 2348 Sed
2519 2286 2671 2348 liaec

428 2381 499 2436 tu
551 2374 788 2436 melius.
879 2373 991 2442 Ex,
1023 2371 1251 2435 Gotha.

735 2474 855 2528 Cod.
894 2473 1023 2525 Frcf.
1065 2473 1143 2525 10.

427 2665 609 2718 Gotha.
1495 2645 1596 2707 59.
2201 2662 2278 2712 15.
2319 2664 2438 2727 Apr.
2478 2660 2672 2729 (1506.)

1175 2772 1461 2841 Mutian
1508 2792 1603 2841 an
1650 2770 1924 2841 Urban.

637 2903 865 2971 (Becher
898 2901 1009 2968 auf
1031 2902 1122 2952 der
1156 2901 1511 2968 Frankfurter
1546 2900 1725 2954 Messe.
1797 2900 2053 2967 Austrc'iye
2087 2917 2216 2953 xum
2252 2899 2461 2966 Kaufe.)

630 3022 709 3069 H.
745 3020 1000 3069 Urbano
1056 3017 1421 3077 presbytero
1468 3017 1901 3075 eruditissime,
1956 3018 2151 3066 amico
2200 3028 2441 3075 semper
2485 3027 2670 3063 vene-

1366 3103 1563 3153 rando
1597 3104 1686 3153 M.
1721 3102 1942 3154 Ruqu.

632 3213 916 3279 Salutem
985 3216 1139 3278 dicit
1208 3215 1591 3279 humanitati
1647 3218 1794 3278 tuae
1863 3213 2138 3277 Thomas
2203 3211 2552 3294 Vuolphius
2608 3213 2673 3273 et

428 3306 537 3369 dat.
582 3302 863 3367 libellum
915 3324 1066 3364 sane
1114 3300 1349 3384 pium.⁴
1440 3300 1812 3383 Scripsisset
1858 3307 2019 3364 teste
2066 3298 2412 3371 Matern0,⁵
2461 3300 2512 3359 si
2559 3317 2671 3378 po-

427 3393 657 3455 tuisset.
712 3411 857 3470 prae
919 3388 1239 3469 languore.
1348 3388 1429 3450 Mi
1492 3386 1765 3463 Urbane,
1834 3388 2032 3450 multa
2088 3393 2151 3449 et
2213 3408 2374 3466 rara¹
2418 3383 2668 3466 quidem

428 3478 732 3559 opuscula
792 3476 1039 3537 venalia
1094 3475 1351 3536 fuerunt
1408 3474 1974 3554 Francophordiae.
2093 3473 2218 3535 Fac
2289 3470 2672 3553 Erphordiae

427 3562 795 3644 bibliopolia
842 3563 1057 3623 visites
1104 3582 1396 3641 emasque
1443 3560 1859 3623 Athanasium
1909 3565 1971 3623 et.
2018 3559 2248 3622 Christi
2303 3557 2667 3620 Passionem

428 3674 565 3715 cum
636 3648 1073 3731 pulcherrimis
1138 3656 1330 3728 atque
1396 3646 1998 3729 incomparabilibus
2058 3642 2364 3726 picturis⁶
2412 3650 2476 3705 et.
2513 3662 2670 3722 opus

564 3868 590 3894 a
616 3853 657 3904 ti
693 3857 755 3903 st.
794 3852 855 3904 ci.
930 3856 957 3891 b
986 3850 1324 3904 initiacioneS.

566 3925 582 3954 ¹
619 3920 850 3989 Spalatin
890 3937 998 3972 war
1034 3920 1161 3971 eben
1201 3920 1281 3972 bei
1320 3919 1387 3971 M.
1427 3934 1685 3985 gewesen.
1723 3917 1843 3984 Vgl.
1883 3917 1967 3971 ΒΓ.
2007 3920 2090 3971 56
2130 3920 2221 3971 der
2256 3917 2500 3974 hiernach
2543 3920 2672 3972 viel-

430 3991 592 4043 leicht
628 3990 819 4042 datiert
854 3990 1059 4041 werden
1099 3989 1249 4042 kann.
1392 3990 1411 4019 ²
1448 3987 1758 4039 Entliehene
1795 3987 2052 4039 Schriften
2100 4005 2198 4040 von
2251 3988 2396 4042 Beda
2449 3990 2672 4041 Venera-

430 4061 549 4113 bilis
598 4060 701 4111 und
750 4059 902 4126 Hugo
955 4076 1054 4110 von
1104 4057 1175 4110 St.
1228 4058 1419 4110 Victor.
1565 4058 1585 4086 ³
1619 4056 1668 4109 S.
1708 4057 1774 4108 6⁶2
1811 4060 1870 4107 A.
1915 4059 1956 4107 1.
2100 4060 2117 4088 ⁴
2153 4058 2202 4110 S.
2240 4058 2272 4108 9
2311 4062 2368 4113 A,
2409 4060 2453 4111 2.
2530 4058 2672 4109 Viel-

429 4130 593 4182 leicht
629 4130 720 4181 das
760 4144 856 4180 von
904 4127 1042 4179 Wolf
1093 4127 1206 4181 Anf.
1267 4127 1397 4179 1505
1453 4125 1921 4192 herausgegebene.
1983 4125 2100 4177 dem
2164 4128 2444 4180 Andenken
2503 4128 2674 4179 seines

431 4199 798 4251 verstorbenen
852 4196 1079 4248 Bruders
1122 4196 1386 4248 Amandus
1422 4195 1760 4260 geu-idmete:
1818 4195 2028 4246 Garson.
2068 4196 2143 4246 De
2181 4196 2390 4249 miseria
2426 4198 2670 4247 humana.

431 4269 547 4335 Vgl.
587 4268 671 4321 ΒΓ.
711 4267 826 4318 559.
899 4254 1043 4317 Uber
1079 4264 1246 4316 Wolfs
1280 4264 1572 4316 Krankheit.
1609 4264 1723 4315 Anf.
1766 4264 1895 4315 1506
1932 4262 2244 4321 Schmidt.
2282 4263 2348 4324 ΙΙ,
2388 4268 2448 4317 ’77
2488 4266 2518 4317 t.

433 4340 453 4369 ⁵
488 4338 537 4391 S.
576 4338 608 4387 9
646 4341 705 4389 A.
744 4337 790 4386 4.
875 4334 943 4385 Er
990 4332 1195 4386 scheint
1248 4335 1339 4386 auf
1379 4334 1551 4384 seiner
1600 4332 1788 4385 Flucht
1836 4348 1927 4384 vor
1981 4334 2072 4384 der
2108 4333 2232 4385 Pest
2267 4334 2556 4399 gleichfalls
2593 4333 2672 4384 bis

430 4407 567 4459 nach
621 4405 928 4471 Strassburg
975 4403 1280 4471 gekommen
1338 4420 1401 4453 zu
1455 4403 1584 4453 sein.
1657 4402 1773 4469 Vgl.
1812 4403 1861 4454 S.
1900 4402 1964 4453 39
2003 4406 2060 4455 A.
2101 4402 2145 4455 52.
2297 4406 2318 4434 θ
2353 4402 2673 4453 Athanasius
