3084 4895
1201 419 1410 471 Mutian
1448 434 1518 469 an
1554 415 1818 470 Herbord.
2494 418 2621 480 217

359 677 546 731 Gotha.
815 658 822 665 ’
1422 660 1565 722 168.
2205 676 2251 727 3.
2290 675 2424 742 Aug.
2465 674 2560 728 151
2576 673 2624 726 2.

1061 764 1353 853 Mutian
1395 804 1493 854 an
1537 784 1913 854 Herbord.

366 915 480 969 Ant
492 920 624 968 wort
671 914 783 981 auf
819 915 906 967 die
955 913 1264 981 Mitteiluny
1314 931 1435 967 vom
1480 913 1609 966 Tode
1650 914 1739 966 des
1795 911 2141 981 Vifflantim.
2226 911 2356 965 Will
2406 912 2506 965 ilm
2550 910 2636 965 bei

1186 982 1454 1035 Biermost
1488 981 1815 1050 empfehlen.)

427 1112 1032 1173 Praegloriosieeimo
1067 1111 1278 1173 legum
1302 1113 1577 1162 omnium
1609 1115 1741 1165 tam
1776 1111 2060 1163 Caesaris
2094 1122 2279 1170 quam
2313 1111 2629 1169 pontificis

498 1196 740 1247 doctori
773 1196 1161 1257 Herebordo,
1195 1211 1371 1248 meae
1407 1211 1683 1249 summae
1718 1197 2159 1249 dominationis
2192 1194 2576 1256 imperatori¹

1357 1281 1468 1351 (M.
1501 1282 1747 1352 Rufus).

573 1394 637 1458 S.
729 1392 1094 1457 Confudisti
1140 1416 1258 1471 me,
1323 1395 1494 1477 quod
1541 1396 1883 1477 scripseras
1944 1393 2346 1457 interfectum
2396 1393 2459 1454 in
2509 1392 2628 1453 Ba—

355 1480 562 1562 joaria
616 1476 1086 1561 Vigilantium.²
1176 1480 1388 1561 Atque
1445 1482 1540 1545 ita
1602 1483 2019 1545 contristatus
2074 1480 2329 1561 nequivi
2392 1499 2629 1541 morem

361 1565 482 1629 tibi
529 1587 763 1647 gerere,
811 1587 1177 1647 quanquam
1227 1571 1290 1629 et
1321 1566 1449 1631 alia
1481 1590 1580 1629 res
1626 1566 2080 1648 impedimento
2128 1565 2268 1628 fuit.
2328 1562 2627 1627 Testatus

363 1673 503 1713 sum
561 1672 906 1714 moerorem
961 1651 1274 1715 subitario
1333 1653 1415 1715 ad
1480 1653 1753 1715 viatores
1812 1651 2170 1733 epitaphio,
2232 1650 2403 1731 quod
2475 1648 2624 1711 dum
2656 1656 2675 1673 ⁶

364 1734 644 1800 Statius⁸
690 1741 841 1800 tuus
886 1742 1250 1819 properaret
1295 1738 1713 1802 descensurus
1759 1738 1822 1801 in
1869 1737 2098 1814 ValleS‚
2161 1736 2354 1799 effudi
2411 1734 2626 1818 potius

362 1844 555 1905 quam
600 1822 832 1905 peperi.
921 1822 1153 1887 Datum
1205 1828 1299 1887 est
1346 1823 1628 1906 Petrejo⁸
1660 1823 1860 1887 sodali
1891 1830 2025 1901 tun,
2073 1823 2161 1886 rei
2208 1822 2444 1887 latinae
2489 1821 2627 1884 vin-

361 1908 505 1971 dici.
597 1906 705 1971 Sic
747 1908 962 1983 habet,
1010 1908 1133 1972 nisi
1179 1931 1276 1971 me
1322 1909 1503 1974 fallat
1550 1910 1917 1991 phantasia:

570 2010 806 2075 Tristia
848 2012 1219 2076 tristificant
1265 2012 1602 2095 Vigilantis
1645 2012 1780 2076 fata
1825 2016 2071 2093 poetae.

677 2096 810 2159 Vah
857 2098 1063 2161 scelus
1109 2098 1472 2180 indignum!
1520 2098 1707 2161 Musa
1752 2101 2015 2161 cruenta
2052 2096 2243 2179 jacet.

579 2181 766 2247 Musa
811 2187 1074 2247 cruenta
1111 2183 1286 2267 jacet
1322 2184 1682 2266 jaculisque
1725 2188 2007 2267 peremta
2051 2184 2355 2265 gravatur

673 2268 950 2351 pulvere,
997 2270 1108 2333 sed
1151 2271 1468 2334 tumulum
1515 2270 1782 2333 sternite
1825 2290 2063 2352 quaeso
2111 2267 2287 2331 rosis

367 2370 694 2435 Hactenus
741 2372 818 2435 de
861 2371 1228 2455 Vigilantio‚
1289 2374 1417 2437 imo
1478 2372 1927 2437 Dormitantio.
2019 2370 2133 2450 Tu,
2190 2369 2361 2452 quod
2407 2369 2627 2444 instat,

364 2478 485 2540 age
544 2459 903 2539 prudenter.
998 2459 1133 2540 Ago
1193 2461 1454 2541 gratiae,
1518 2459 1687 2540 quod
1750 2459 2043 2523 sublimis
2102 2462 2166 2521 et
2212 2457 2463 2538 plenus
2490 2455 2629 2535 glo-

364 2545 600 2608 riarum
647 2544 856 2608 adhuc
899 2548 1118 2608 tamen
1166 2567 1370 2609 meam
1417 2545 1845 2610 humilitatem
1888 2545 2029 2627 jure
2060 2549 2193 2620 tu0,
2242 2543 2431 2606 sicuti
2480 2561 2629 2604 con-

364 2629 585 2709 suesti,
648 2630 979 2711 despicias.
1070 2631 1139 2694 In
1189 2631 1447 2711 negotio
1507 2635 1621 2694 tuo
1676 2631 1845 2714 apud
1903 2631 2346 2705 Biermostum,
2408 2626 2629 2708 quales

364 2715 774 2798 imperaveris
841 2737 1090 2798 prece8‚
1161 2716 1512 2799 precabor.⁵
1622 2717 1819 2799 quue
1901 2717 2127 2780 merito
2194 2721 2309 2778 tuo
2376 2713 2625 2776 faciam.

367 2800 662 2880 Agnosco
709 2802 1020 2882 siquidem
1071 2807 1184 2866 tua
1228 2804 1292 2864 in
1342 2825 1440 2865 me
1485 2803 1726 2880 officia3
1772 2803 1879 2866 sed
1928 2807 1999 2866 ut
2030 2803 2302 2865 libenter
2346 2799 2467 2862 tibi
2511 2798 2626 2861 ob-

367 2908 618 2968 sequar,
664 2887 822 2950 facit
851 2910 1046 2963 amor,
1094 2910 1220 2970 quo
1255 2887 1530 2952 musicos
1564 2888 1853 2952 homines
1884 2888 2246 2968 latinosque
2280 2904 2627 2967 prosequor

368 2993 610 3036 omnes
709 2973 861 3036 Vale
930 2971 1022 3037 et‘3
1088 2997 1266 3038 sume
1312 2974 1696 3055 superbiam.
1804 2970 2230 3037 Licentiatus⁷
2303 2975 2402 3035 est
2454 2971 2630 3033 deus,

365 3055 618 3122 Gothae
660 3058 765 3121 III.
813 3059 976 3123 Non.
1025 3059 1301 3123 Sextiles
1348 3059 1532 3124 Anno
1577 3059 1711 3121 XII.
1761 3081 1953 3142 supra
1999 3056 2169 3121 MD.⁸

679 3175 802 3230 Cod.
839 3175 971 3232 Frcf.
1011 3178 1125 3232 136.

508 3381 523 3411 ¹
558 3379 666 3432 Der
700 3381 1092 3434 hochtrabende
1125 3381 1274 3447 TiteL
1310 3397 1404 3434 um
1439 3380 1705 3434 Herbords
1742 3381 2013 3434 Hochmut
2049 3396 2116 3431 zu
2133 3377 2375 3446 geinselm
2414 3378 2506 3430 der
2536 3378 2627 3430 da-

363 3446 502 3500 mals
538 3447 799 3502 Lizentiat
835 3449 928 3502 der
963 3449 1182 3514 Rechts,
1219 3452 1382 3502 etwas
1401 3452 1577 3517 spater
1610 3450 1699 3504 Dr.
1727 3450 1923 3502 wurde.
1963 3448 2115 3501 Auch
2147 3447 2223 3499 im
2247 3446 2421 3498 Briefe
2457 3446 2628 3498 selber

365 3514 561 3568 nimmt
593 3515 664 3570 M.
704 3517 856 3570 einen
892 3518 1218 3586 spottischen
1251 3518 1358 3571 Tou
1393 3533 1474 3570 an.
1511 3517 1631 3586 Vgl.
1655 3517 1705 3571 S.
1729 3518 1797 3570 72
1819 3521 1881 3570 A.
1905 3519 1950 3570 1.
2094 3518 2114 3548 ²
2132 3515 2357 3568 Publius
2381 3515 2630 3592 Axungia

363 3583 703 3652 vigilantius
745 3586 1014 3639 Professor
1053 3586 1146 3638 der
1178 3586 1338 3640 Univ.
1374 3586 1418 3638 F
1417 3587 1580 3640 rankf.
1619 3602 1664 3640 a.
1688 3585 1765 3650 O..
1802 3586 1984 3638 wurde
2020 3585 2113 3637 auf
2144 3584 2289 3637 einer
2323 3583 2432 3636 ital.
2470 3583 2627 3636 Reise

367 3651 502 3705 1512
537 3652 592 3704 in
631 3653 824 3706 Baiern
858 3670 961 3707 von
997 3653 1240 3707 Riiubern
1277 3656 1485 3720 getotet.
1558 3655 1621 3707 In
1650 3654 1743 3706 der
1759 3655 1996 3707 Erfurter
2019 3652 2263 3705 Matr-lkel
2300 3651 2477 3704 finden
2510 3652 2626 3704 sich

367 3720 502 3774 1505
536 3720 696 3776 Mich.
733 3722 1161 3775 immatrikuliert
1195 3722 1585 3790 (Weissenb.
1623 3723 1693 3780 Π,
1731 3723 1879 3791 241):
1939 3721 2244 3788 »Gregorius
2294 3723 2626 3773 Aramannus

367 3788 690 3856 Torquacius
728 3792 782 3842 et
815 3790 1074 3844 Benarius
1108 3791 1393 3844 Traborces
1430 3791 1701 3856 (Debotes)
1748 3795 1902 3858 poeta
1936 3793 1990 3842 et
2023 3801 2194 3842 orator
2228 3789 2389 3857 gratis
2430 3787 2631 3856 (postea

365 3857 541 3910 dictus
578 3858 901 3926 vigilantius
934 3859 978 3911 F
978 3859 1466 3928 rancophordjensis
1501 3899 1512 3911 .
1537 3902 1550 3914 .
1581 3860 1647 3912 de
1676 3860 1840 3912 Ranis
1874 3860 2003 3912 adeo
2037 3857 2227 3911 nobilis
2262 3861 2317 3910 et
2351 3873 2442 3923 pro
2477 3857 2631 3924 opido

371 3925 583 3978 Italiam
617 3927 879 3994 petiturus
922 3943 948 3981 s
1020 3927 1128 3980 'ttis
1165 3929 1234 3996 (P)
1274 3929 1494 3980 necatus
1537 3928 1973 3995 miserabiliter).«
2113 3928 2133 3958 ⁸
2168 3926 2268 3978 Ein
2303 3927 2449 3978 sonst
2482 3926 2633 3978 nicht

403 3997 656 4047 enannter
703 3995 900 4048 Diener
1011 3996 1224 4049 erbords
1285 3995 1506 4060 (Statius
1552 3996 1637 4060 ein
1682 3996 1975 4049 1·6mischer
2027 3993 2449 4061 Sklavenname).
2530 3994 2629 4047 Die

415 4063 544 4114 nefe
589 4079 687 4116 aus
723 4065 840 4116 Anf.
883 4066 1015 4118 1513
1059 4066 1338 4118 erwahnen
1394 4064 1544 4117 einen
1576 4065 1859 4131 jiidischen
1911 4064 2105 4117 Diener
2153 4063 2445 4126 desselben,
2492 4063 2629 4115 ohne

368 4129 463 4182 ihu
510 4132 672 4184 naher
725 4149 792 4184 zu
826 4133 1162 4187 bezeichnen.
1306 4135 1328 4165 ⁴
1361 4132 1518 4186 Peter
1564 4132 1840 4186 Eberbach
1884 4132 1935 4186 S.
1974 4133 2039 4184 97
2076 4133 2138 4183 A.
2180 4133 2225 4182 1.
2364 4133 2385 4163 ⁵
2422 4130 2490 4182 Μ.
2529 4131 2629 4198 gab

365 4198 518 4252 einen
553 4199 1075 4269 Empfehlungsbrief
1115 4217 1180 4254 an
1216 4201 1495 4269 Biermost‚
1546 4202 1645 4254 den
1681 4201 1918 4254 Herbord
1965 4201 2089 4253 aber
2122 4215 2215 4267 gar
2260 4199 2411 4262 nicht
2446 4198 2627 4266 abgab.

365 4265 499 4322 Bald
553 4269 791 4321 nachhor
836 4269 978 4322 starb
1014 4270 1290 4323 Biermost.
1351 4260 1498 4322 Uber
1531 4269 1792 4334 letzterenl
1829 4269 1880 4322 S.
1919 4269 1987 4322 68
2022 4271 2083 4320 A.
2127 4270 2169 4320 1.
2312 4268 2333 4299 ⁰
2367 4267 2492 4320 Hor.
2532 4266 2629 4320 od.

364 4335 460 4401 111,
484 4336 568 4401 30,
592 4338 670 4388 14.
765 4339 784 4370 ⁷
818 4338 1078 4390 Lizentiat
1111 4338 1204 4390 der
1241 4338 1455 4397 Rechte.
1495 4354 1603 4390 was
1636 4337 1877 4390 Herbord
1913 4338 2045 4390 eben
2082 4337 2279 4388 wurde.
2367 4337 2388 4368 ⁸
2420 4335 2521 4386 Die
2558 4351 2623 4387 an

363 4403 545 4458 diesen
579 4404 665 4460 ΒΓ.
703 4408 1063 4475 angebangten
1097 4406 1262 4459 Verse
1299 4407 1431 4460 iiber
1464 4407 1567 4459 den
1601 4406 1707 4460 'rod
1745 4407 1838 4460 <les
1874 4405 2013 4458 Phil.
2054 4404 2343 4458 Beroaldus
2381 4420 2422 4458 s,
2460 4402 2511 4457 S.
2532 4404 2616 4458 49.
