3084 4895
1196 422 1409 489 Mutian
1444 366 1514 488 an
1550 421 1753 489 Urbau.
2472 427 2601 501 529

332 597 603 669 alteram
665 602 990 670 Minervae
1051 604 1394 688 capacem.¹
1483 606 1557 668 In
1618 608 1889 687 utraque
1946 603 2071 669 fuit
2132 608 2193 669 et
2255 608 2355 669 est
2410 625 2599 669 omne

333 690 595 754 animal.
685 690 851 766 Quid
896 695 996 755 est
1037 710 1224 754 omne
1270 690 1553 754 animal?
1640 690 1809 754 Audi
1862 690 2267 771 Gregorium:
2336 690 2598 772 „Omnis

333 778 626 839 creatura
694 776 928 839 dicitur
992 775 1209 853 homo,
1277 777 1428 857 quia
1493 776 1691 839 habet
1754 797 1891 839 esse
1958 798 2101 840 cum
2168 775 2491 857 lapidibus
2535 780 2599 839 et

331 860 547 923 vivere
594 882 738 923 cum
785 859 1120 925 arboribus
1165 866 1232 924 et
1275 860 1627 943 intelligere
1672 882 1816 924 cum
1862 858 2198 942 angeliS.“²
2288 859 2359 923 Si
2402 861 2600 941 igitur

331 944 526 1009 homo
574 948 674 1008 est
718 945 926 1009 omnis
987 950 1294 1023 creatura,
1357 968 1467 1009 cur
1523 966 1650 1009 non
1709 966 1896 1008 omne
1951 944 2235 1009 animal?
2324 944 2599 1009 Proinde

333 1032 400 1092 in
450 1030 657 1111 priore
701 1051 850 1094 arca
896 1036 1246 1095 nascuntur
1291 1029 1436 1094 lites
1481 1034 1549 1093 et
1584 1030 1816 1111 jurgia,
1862 1030 1925 1093 in
1972 1031 2319 1113 posteriore
2350 1030 2600 1112 sophis-

337 1118 516 1177 mata
553 1120 650 1178 ‘et
717 1115 1154 1179 blateramina.
1264 1114 1336 1178 In
1406 1115 1512 1178 illa
1578 1116 1855 1179 consulit
1920 1116 2161 1178 amicus
2226 1118 2461 1192 noster,
2529 1116 2596 1178 in

335 1200 458 1263 hac
503 1200 795 1281 garriunt
841 1200 1182 1283 sophistae.
1272 1199 1342 1263 In
1389 1206 1661 1282 utraque
1718 1198 1974 1264 foenum
2031 1205 2272 1265 comest
2330 1197 2597 1264 vector-,⁸

337 1283 612 1348 Tantum
685 1286 900 1349 accola
967 1285 1256 1350 divorum
1283 1297 1312 1325 ⁸
1377 1286 1657 1349 vescitur
1728 1284 2048 1349 ambrosia
2114 1289 2179 1349 et
2248 1285 2599 1349 delectatur

336 1368 657 1451 Olympo*
745 1370 817 1432 ln
863 1391 991 1433 uno
1047 1374 1259 1434 tamen
1327 1391 1555 1451 magus
1610 1374 1708 1434 est
1765 1370 1993 1447 factae,
2063 1371 2234 1450 quod
2305 1370 2599 1435 videlicet

337 1453 405 1517 in
482 1454 710 1536 pollice
783 1454 1050 1518 infecto⁵
1126 1455 1272 1536 plus
1345 1456 1582 1518 vidisse
1655 1455 1831 1533 dicit,
1906 1476 2096 1536 quam
2180 1455 2600 1534 Democritu8‚

334 1538 715 1621 LeucippuS,
761 1540 1094 1621 Epicurus,
1143 1539 1537 1615 Aristotelea„
1585 1540 1833 1602 Plinius
1878 1542 1943 1603 in
1990 1541 2164 1603 omni
2210 1540 2343 1603 vita
2390 1540 2599 1604 videre

337 1628 704 1705 potuerunt.
797 1623 889 1687 Eo
955 1623 1261 1687 dilabitur
1328 1624 1433 1705 pia
1494 1624 1853 1688 credulitas
1947 1624 2151 1689 Herus
2216 1624 2599 1689 infantariae

333 1730 570 1773 arcana
602 1710 889 1782 rimatur,
923 1710 1024 1771 sui
1050 1706 1116 1748 Μ
1161 1708 1392 1772 cubilis
1423 1708 1683 1773 oblitus.
1775 1708 1921 1772 Noli
1954 1731 2171 1774 casum
2207 1714 2272 1773 et
2301 1710 2597 1773 accidens

334 1794 670 1857 fortuitum
721 1794 1100 1876 sapientiam
1150 1800 1391 1875 putare.
1484 1793 1730 1857 Causae
1761 1795 1927 1857 enim
1963 1795 2197 1858 desunt
2226 1799 2289 1858 et
2319 1795 2601 1859 auctori-

334 1884 438 1941 tas
501 1884 564 1941 et
623 1880 785 1941 ratio
844 1877 1096 1959 magiS,⁷
1164 1884 1361 1958 atque
1425 1880 1570 1942 ideo
1638 1880 2083 1960 operosissima
2149 1881 2401 1943 vanitas
2468 1901 2598 1944 non

335 1964 587 2079 injuria⁸
633 1963 990 2046 appellatur
1036 1964 1163 2026 ista
1209 1963 1456 2045 plebeja
1518 1963 1847 2027 divinatiO.
1940 1963 2035 2027 Tu
2091 1968 2305 2029 autem
2368 1986 2601 2046 quaere

335 2070 485 2111 rem.
519 2059 544 2088 ⁰

643 2146 770 2203 God.
808 2147 943 2201 Frcf.
979 2148 1100 2202 461.

340 2316 578 2386 (Gotha.)
673 2382 678 2387 ,
1394 2301 1542 2365 465.
2149 2316 2229 2373 18.
2265 2315 2409 2371 Marz
2448 2318 2598 2372 1515.

1088 2403 1379 2498 Mutian
1425 2445 1524 2497 an
1572 2424 1851 2497 Urban.

334 2553 642 2620 (Rodum-n
675 2553 803 2606 iiber
834 2555 997 2606 einen
1039 2554 1360 2608 Geldverluet
1407 2555 1618 2608 Urbana
1650 2554 1767 2608 und
1796 2554 2135 2621 Fb'brsprache
2154 2552 2251 2620 fiir
2275 2553 2456 2607 Osius'
2489 2552 2599 2606 Un-

332 2621 538 2674 schuld.
609 2620 718 2673 Der
753 2620 1166 2676 Kindelbmzeker
1197 2623 1313 2676 will
1344 2623 1445 2676 den
1491 2622 1765 2690 Weinbery
1817 2627 2073 2676 umsonst.
2157 2622 2341 2675 Urban
2368 2621 2469 2674 soll
2500 2621 2604 2674 mit

333 2688 587 2742 Dietmar
619 2689 747 2742 iiber
765 2689 864 2742 das
889 2689 1046 2743 Ham
1069 2691 1240 2743 reden.
1293 2690 1461 2760 Klaqe
1477 2691 1606 2744 iiber
1625 2690 1839 2744 Eobams
1867 2691 2165 2744 hiiusliches
2195 2688 2601 2759 Missyeschick.)

1027 2805 1226 2856 Hem.
1261 2804 1518 2856 Urbano
1556 2806 1645 2855 M.
1679 2803 1903 2856 Rufus.

546 2911 610 2976 S.
701 2911 859 2975 Vera
904 2915 958 2977 si
1003 2914 1161 2978 mihi
1220 2916 1420 2998 garris
1466 2916 1531 2978 in
1578 2936 1816 2993 aurem,
1871 2935 2015 2977 vere
2070 2914 2251 2978 doleo
2308 2919 2371 2978 te
2416 2917 2601 2996 parta

338 3001 404 3060 et
470 2997 756 3078 undique
829 3021 1133 3064 conversa
1207 3022 1587 3081 corrasaque
1662 3021 1788 3063 uno
1856 2999 2045 3062 simul
2112 2998 2257 3062 dolo
2325 2999 2597 3081 perdere.

341 3082 564 3162 Neque
609 3086 824 3146 tamen
871 3085 1169 3164 adducor,
1218 3092 1290 3149 ut
1334 3084 1589 3150 Osium⁹
1622 3085 1775 3149 furti
1806 3105 2117 3148 accusem.
2206 3084 2377 3148 Idem
2435 3083 2602 3147 dixit

335 3171 401 3230 te
461 3166 560 3229 vel
611 3168 678 3229 in
735 3169 1138 3251 sterquilinio
1206 3192 1569 3234 crumenam
1642 3169 1906 3252 sepelire
1974 3168 2173 3232 solere
2230 3174 2292 3232 et
2347 3168 2600 3250 saepius

340 3253 670 3330 accidisse,
732 3257 806 3317 ut
864 3256 1052 3336 quasi
1117 3255 1358 3319 oblitus
1433 3256 1761 3319 custodiae
1830 3254 2211 3318 domesticos
2276 3251 2600 3317 haberesd

478 3399 515 3466 ζ
532 3385 642 3438 Am
676 3386 876 3509 ᾱΙίζηὶἰε
891 3406 909 3438 .·
957 3387 1120 3441 ΗΘΜ.
1168 3389 1459 3442 Eberbach.
1599 3391 1630 3429 b
1657 3387 1772 3453 cui;
1807 3403 1901 3440 am
1934 3385 2121 3440 Randae
2136 3403 2154 3436 .·
2203 3385 2397 3452 proprii
2428 3384 2599 3438 credo.

407 3467 433 3496 ο
462 3470 535 3508 re.
772 3471 804 3509 a
840 3470 942 3509 ere.

484 3524 496 3554 ¹
538 3521 1078 3592 Philosophenkolleg.
1249 3527 1270 3556 ²
1305 3524 1515 3593 Gregor.
1570 3523 1763 3591 Expos.
1818 3538 1946 3576 mor.
2002 3521 2057 3573 in
2109 3520 2144 3573 J
2145 3520 2210 3574 ob
2264 3519 2359 3586 Vl,
2411 3519 2460 3574 8.

409 3590 431 3622 ³
467 3589 671 3644 Ausfall
741 3608 907 3660 gegen
964 3591 1052 3644 die
1110 3591 1483 3646 barbarischen
1553 3590 1978 3644 Schul-Juristen
2048 3589 2157 3641 und
2226 3587 2597 3655 Philosophen.

408 3658 430 3690 ⁴
464 3658 600 3712 Dass
635 3659 720 3711 die
757 3661 941 3714 Glosse
976 3659 1043 3712 H.
1081 3659 1358 3714 Eberbach
1394 3662 1558 3728 (Arzt,
1595 3659 1699 3728 vgl.
1738 3657 1787 3713 S.
1830 3658 1930 3711 119
1965 3660 2029 3709 A.
2067 3657 2120 3726 5)
2156 3656 2364 3724 richtig‚
2400 3655 2601 3723 ergiebt

335 3725 430 3779 Br.
467 3727 583 3780 467.
693 3730 714 3762 ⁶
747 3731 876 3782 »Am
911 3728 1181 3797 gesalbten
1215 3727 1426 3797 Nagel«.
1484 3727 1605 3795 Vgl.
1640 3731 1857 3780 »unctus
1891 3743 1965 3778 un
2038 3725 2235 3802 iculusef
2269 3725 2325 3776 in
2360 3724 2439 3801 Br.
2477 3724 2597 3801 467.

338 3793 493 3862 Spott
527 3795 659 3848 iiber
682 3796 783 3849 den
808 3797 1176 3865 Aberglauben
1198 3797 1518 3862 EberbachS,
1552 3797 1647 3864 der
1664 3795 1832 3847 durch
1856 3741 2145 3862 denffagel
2164 3793 2600 3846 seme1·D1ener1n

339 3863 426 3914 ein
464 3862 769 3916 Geheimnis
805 3865 1053 3918 entdeckt
1086 3865 1248 3918 hatte.
1390 3866 1412 3898 ⁶
1446 3864 1547 3916 Die
1572 3864 1858 3930 Anderung
1890 3862 1974 3914 sui
2011 3864 2138 3914 statt
2172 3861 2271 3913 der·
2298 3861 2482 3914 Lesart
2505 3860 2599 3912 des

342 3930 474 3982 Cod.
512 3931 614 3992 cui,
652 3933 820 3985 wofiir
855 3933 949 3985 der
983 3933 1250 3986 Glossator
1294 3948 1380 3985 am
1429 3931 1611 3984 Raude
1664 3931 1857 3998 proprii
1909 3932 2109 3997 gesetzt
2161 3929 2353 3982 wissen
2406 3928 2597 3994 wollte‚

340 3999 516 4065 bringt
555 3997 683 4052 Sinn
721 4001 776 4052 in
811 4001 896 4053 die
932 4000 1118 4054 Stelle:
1173 4002 1304 4054 »Der
1354 4000 1601 4052 Gebieter
1649 4001 1743 4052 der
1788 3997 2228 4050 Kinderfreundin
2276 3996 2598 4064 (Eberbachs

337 4065 502 4134 Fran)
555 4067 755 4120 forscht
801 4069 937 4122 nach
987 4069 1388 4122 Gehermnlssen
1434 4069 1544 4120 und
1587 4068 1815 4136 ver-gisst
1856 4066 2011 4119 dabei
2056 4067 2227 4118 seines
2272 4065 2599 4119 Ehebettes.‹

345 4134 468 4201 Vgl.
509 4135 694 4188 hierzu
729 4137 816 4188 die
852 4135 1258 4206 Anziiglichkeit
1292 4137 1344 4192 S.
1382 4136 1486 4190 390
1520 4140 1583 4190 A.
1626 4138 1704 4189 13.
1847 4136 1867 4167 ⁷
1902 4135 2018 4187 Den
2052 4134 2301 4201 Magiern.
2444 4135 2465 4166 ⁸
2498 4133 2598 4185 Die

335 4203 664 4270 Abkiirzung
700 4202 756 4257 re
796 4205 1103 4258 bezeichnet
1137 4206 1269 4258 efter
1302 4205 1393 4258 rel.
1431 4225 1502 4244 =
1535 4207 1653 4271 etc.‚
1701 4203 1840 4256 daun
1888 4208 2027 4254 ware
2062 4201 2155 4253 der
2186 4201 2273 4255 Br.
2310 4200 2427 4252 hier
2473 4216 2598 4254 vom

338 4271 694 4324 Abschreiber
729 4272 1090 4339 abgebrochen
1146 4274 1314 4325 wofiir
1347 4274 1474 4327 aber
1507 4275 1654 4326 sonet
1686 4271 1809 4324 kein
1844 4269 2076 4337 Beispiel
2110 4269 2346 4336 vorliegt,
2390 4269 2597 4322 obwohl

341 4339 438 4391 der
471 4339 785 4408 mangelnde
821 4341 1040 4395 Schluss
1111 4341 1262 4410 Vale)
1312 4341 1596 4396 auffallend
1630 4341 1715 4393 ist.
1788 4341 1871 4391 An
1908 4340 2102 4392 andern
2138 4336 2332 4390 Stellen
2370 4338 2495 4389 aber
2528 4337 2599 4390 ist

337 4409 395 4460 re
434 4408 609 4476 gleich
643 4425 774 4477 rem,
812 4427 854 4464 z.
893 4409 954 4464 B.
992 4409 1048 4461 in
1129 4426 1168 4461 r.
1206 4409 1322 4465 472.
1466 4412 1488 4443 ⁹
1523 4409 1734 4463 Urbans
1768 4407 1977 4460 Diener.
2047 4405 2098 4459 S.
2135 4405 2235 4459 507
2272 4409 2333 4460 A.
2372 4406 2419 4458 2.

387 4496 657 4538 zeitschrift
683 4497 738 4536 n.
766 4497 819 4537 Β.
848 4497 1010 4547 suppl.
1037 4495 1120 4537 rx.
2103 4475 2189 4539 34
