3084 4895
497 482 618 552 162
1233 479 1408 539 Briefe
1443 502 1547 540 von
1587 485 1944 540 1508-1509.

494 657 763 722 tandum
829 654 1150 736 relinquit,
1222 655 1486 736 Digesta
1548 661 1761 720 tenere
1822 655 2094 721 mediam
2164 659 2407 737 partem
2478 653 2761 736 corporis

502 741 789 822 legitimi.
881 739 1011 802 Fac
1073 741 1271 821 igitur
1315 746 1387 804 ut
1432 747 1654 838 partes·
1690 746 1755 804 et
1800 741 2083 804 membra
2128 746 2193 804 et
2238 739 2442 803 frusta
2502 739 2769 820 colligas

501 829 566 890 in
633 847 825 889 unum
899 825 1083 905 quasi
1153 847 1400 906 corpuS,
1471 831 1535 888 et
1606 829 1657 890 si
1724 833 1941 892 venter
2012 827 2173 890 male
2242 825 2454 898 habet,
2532 825 2767 887 adhibe

500 911 877 989 remedium3
907 911 1184 973 tormina
1217 915 1280 972 et
1312 914 1763 991 stranguriam,
1788 913 2269 1008 gonorrhoeam,
2306 911 2710 992 dyspnoeam,
2739 921 2771 948 ²

501 997 750 1073 tussim,
815 994 1127 1058 stomachi
1190 995 1467 1070 morbosi,
1538 997 1787 1059 dolores
1853 997 2143 1071 laterum,
2208 997 2357 1058 item
2427 995 2767 1076 pulmonis,

501 1083 707 1152 lienis,
765 1080 1084 1161 jocineriS,
1153 1103 1394 1156 renum,
1459 1082 1931 1156 intestinorum,
2004 1080 2337 1144 ventriculi
2403 1103 2580 1154 sana,
2645 1079 2766 1142 hoc

506 1171 603 1230 est
651 1186 844 1248 prava
890 1165 1149 1244 corrige.
1241 1163 1461 1246 Neque
1506 1165 1573 1229 id
1618 1167 1823 1230 solum
1882 1166 2095 1240 facito,
2147 1166 2255 1228 sed
2304 1165 2505 1228 multo
2567 1166 2768 1245 magis

506 1253 587 1316 ad
620 1249 902 1331 agendas
948 1271 1195 1325 causaS‚
1229 1250 1307 1312 ad
1341 1251 1812 1331 componendas
1858 1217 2159 1314 formulas
2193 1255 2256 1312 te
2287 1271 2457 1330 para.
2536 1249 2765 1313 Parum

507 1337 767 1420 prodest
812 1355 1016 1411 nosse,
1063 1333 1532 1416 thymelicumb
1578 1335 1939 1417 significare
1986 1335 2380 1411 histrionem,
2444 1336 2765 1416 xysticum

507 1420 836 1497 athletam,
887 1385 1354 1500 designatorem
1401 1419 1790 1500 praefectum
1848 1420 2139 1484 ludorum
2201 1419 2581 1490 funebrium
2646 1420 2769 1481 nisi

508 1504 909 1586 respondere,
957 1526 1195 1579 cavere,
1255 1525 1433 1568 orare
1478 1507 1643 1568 scias
1689 1511 1754 1569 et
1797 1507 2229 1587 pragmaticus
2276 1507 2337 1568 in
2386 1505 2660 1568 vafritiis
2708 1510 2772 1566 et

506 1596 650 1656 astu
701 1589 1073 1652 dominari..
1129 1589 1528 1670 Henningus'
1568 1591 1735 1653 enim
1784 1597 1848 1654 et
1894 1591 2254 1654 consimiles
2286 1590 2451 1652 hanc
2484 1595 2767 1652 nostram

511 1677 905 1739 literaturam
957 1674 1247 1737 derident
1301 1679 1611 1755 tanquam
1656 1677 1932 1756 ineptias
1978 1681 2041 1738 et
2085 1677 2437 1739 otiosorum
2500 1674 2769 1738 fabulas.

509 1761 746 1825 Dicunt
804 1759 970 1822 enim
1019 1760 1095 1823 de
1141 1781 1259 1837 me,
1307 1760 1382 1822 de
1428 1767 1491 1822 te
1538 1772 1603 1823 et
1648 1759 2014 1842 Spalatino:
2080 1762 2199 1830 „fis
2255 1762 2333 1823 int
2393 1767 2491 1822 bau
2539 1762 2772 1835 lutijiw‘.

511 1867 640 1928 quo
703 1844 873 1907 dicto
935 1845 1393 1908 subinsinuant
1454 1845 1612 1907 nihil
1675 1867 1789 1908 nos
1851 1847 2010 1908 scire
2056 1867 2261 1908 rerum
2309 1845 2653 1908 forensium
2704 1846 2769 1905 et

511 1933 842 2005 bonarum,
889 1934 1141 1992 tantum
1189 1929 1547 2011 pertinaces
1592 1951 1729 1994 esse
1778 1931 1841 1992 in
1889 1931 2117 2004 verbiS,
2168 1929 2322 1993 nihil
2372 1951 2489 1992 nos
2536 1929 2771 1992 distare

513 2039 551 2079 a
623 2014 959 2096 theologiS,
1049 2014 1172 2078 nisi
1246 2015 1415 2094 quod
1493 2037 1621 2078 non
1701 2015 1960 2079 omnino
2048 2014 2317 2078 barbare
2401 2014 2772 2096 garriamus.

515 2101 850 2164 Praeterea
912 2105 1144 2162 vocant
1204 2099 1488 2180 ignaVOS,
1553 2101 1837 2175 stolidos,
1901 2101 2193 2183 illepidos
2241 2105 2320 2173 et,
2368 2101 2472 2163 cui
2517 2121 2770 2163 omnem

511 2185 1012 2249 obscoenitatem
1074 2185 1282 2248 inesse
1341 2190 1595 2267 putant,
1663 2193 1901 2266 poetas,
2009 2185 2250 2266 Vulgus
2322 2185 2488 2247 idem
2558 2183 2775 2246 sentit.

512 2270 718 2346 Quare
766 2290 890 2332 non
939 2271 1062 2332 ista
1110 2270 1172 2332 in
1221 2269 1518 2333 Beroaldi
1584 2269 2143 2334 annotationibus²
2218 2271 2537 2350 explicata
2607 2269 2776 2332 tanti

511 2356 729 2433 facias,
776 2359 850 2417 ut
894 2355 1010 2418 fori
1057 2358 1120 2417 et
1165 2355 1370 2418 litium
1434 2355 1850 2418 obliviscaris,
1942 2355 2192 2418 Primus
2259 2355 2495 2436 gradus
2552 2359 2647 2416 est
2709 2354 2777 2416 in

513 2440 685 2505 civili
740 2438 1045 2503 facultate
1104 2439 1612 2523 rimari‘scripta
1683 2441 2119 2505 consultorum
2167 2443 2230 2505 et
2275 2441 2405 2503 vim
2469 2439 2779 2521 cujusque

515 2528 690 2590 vocis
732 2526 1105 2605 intelligere,
1153 2528 1470 2590 secundus
1516 2525 1798 2608 profiteri
1838 2526 1963 2608 juS,
2012 2526 2400 2607 respondere
2446 2526 2785 2589 consulen-

512 2612 710 2688 tibus,
758 2610 907 2673 stilo
954 2610 1069 2689 uti,
1129 2612 1358 2674 tertius
1404 2616 1468 2675 et
1513 2633 1847 2695 supremus
1913 2614 2184 2675 oratoris
2253 2610 2434 2692 fungi
2500 2632 2780 2686 munere,

517 2698 688 2778 quod
734 2698 948 2777 potest
993 2696 1281 2759 homines
1326 2697 1423 2759 vel
1470 2696 1754 2778 plebejos
1800 2696 1878 2759 ad
1928 2718 2079 2779 opes
2125 2702 2191 2759 et
2235 2697 2501 2778 gloriam
2567 2696 2781 2777 splen-

519 2784 858 2862 doremque
932 2781 1291 2862 provehere.
1399 2780 1519 2845 Hic
1592 2804 1717 2845 non
1784 2786 1916 2845 tam
1988 2781 2278 2844 latinitas
2350 2781 2521 2844 valet
2589 2802 2781 2861 quam

523 2866 858 2930 vernacula
925 2866 1261 2943 calliditas,
1309 2888 1436 2931 non
1484 2872 1618 2930 tam
1665 2866 1933 2929 scientia
1989 2888 2180 2947 quam
2237 2866 2583 2939 temeritaS,
2652 2886 2782 2927 non

520 2959 652 3015 tam
725 2951 1010 3033 probitas
1074 2973 1266 3032 quam
1334 2952 1597 3016 malitia.
1688 2951 1785 3015 Ad
1857 2973 1949 3030 ea,
2018 2954 2071 3015 si
2143 2952 2235 3015 vis
2302 2952 2439 3014 e'sse
2513 2951 2785 3030 aliquid,

518 3036 942 3117 cogitationes
989 3036 1206 3118 dirige.
1298 3035 1514 3099 Nostri
1561 3059 1797 3110 verSUS,
1847 3041 2099 3099 nostrae
2146 3038 2527 3114 sententiae,
2562 3041 2788 3098 nostra

519 3122 901 3185 emblemata
945 3122 1100 3201 quid
1145 3121 1315 3183 aliud
1364 3128 1518 3184 sunt
1562 3144 1754 3203 quam
1800 3122 2044 3185 flosculi
2106 3122 2322 3198 dialeS,
2386 3122 2497 3203 qui
2562 3120 2785 3183 eodem

519 3212 841 3270 momento
914 3207 1145 3270 florent
1207 3210 1270 3268 et
1333 3208 1560 3269 arent?
1674 3207 2053 3286 Henningus
2129 3229 2275 3270 vera
2349 3208 2453 3268 via
2534 3206 2783 3268 nititur.

521 3293 706 3355 Hunc
773 3292 1038 3354 imitare.
1151 3290 1478 3355 Mutianus
1556 3297 1801 3372 praeter
1874 3292 2124 3355 fabulas
2194 3297 2258 3356 et
2328 3292 2783 3355 monachorum

529 3378 762 3458 placita
829 3377 988 3439 nihil
1055 3378 1411 3458 praecipere
1479 3383 1708 3460 potest.
1802 3376 2028 3440 Verum
2077 3377 2230 3439 haec
2293 3377 2468 3439 aliaS.
2562 3376 2790 3438 Servet

523 3471 586 3526 te
632 3462 1048 3525 christianum
1114 3462 1456 3525 caduceum
1523 3484 1679 3525 crux
1727 3462 2040 3525 beatifica.
2132 3463 2227 3524 Ex
2276 3462 2489 3525 Gotha
2553 3459 2784 3521 MDIX.

531 3547 859 3611 Mutianus
904 3547 1366 3627 grammatista.
1411 3547 1944 3629 philosophaster,
1992 3549 2383 3611 decretorum
2429 3547 2784 3625 indagator.

529 3633 718 3696 Aufer
762 3632 1008 3709 titulos,
1056 3631 1210 3713 quid
1257 3634 1585 3695 remanet?
1632 3632 1977 3695 Mutianus

841 3748 963 3802 Cod.
999 3748 1132 3801 Frcf.
1174 3750 1287 3801 141.

666 3961 694 3989 θ’
722 3950 1058 4016 dypsoneam.
1200 3954 1228 3993 b
1255 3951 1601 4019 thynelicum.

671 4034 682 4062 ¹
723 4034 913 4086 Goede.
971 4036 1056 4101 Vg
1057 4035 1090 4088 1.
1130 4037 1223 4088 das
1260 4036 1434 4088 Urteil
1469 4037 1695 4090 31:12.)
1733 4035 1803 4103 (S.
1830 4036 1965 4103 157).
2073 4038 2093 4068 ²
2127 4034 2187 4087 Iu
2212 4035 2385 4088 seiner
2419 4034 2663 4101 Ausgabe
2698 4034 2793 4088 des

533 4098 748 4152 Sueton.
790 4102 939 4169 (Bon.
982 4104 1153 4172 1493),
1192 4105 1284 4156 auf
1316 4106 1416 4156 den
1453 4106 1585 4156 oben
1624 4104 1895 4156 mehrfach
1930 4104 2109 4171 Bezug
2146 4120 2455 4171 genommen
2492 4104 2636 4155 wird.
