3084 4895
473 338 604 403 230
1319 334 1492 389 Briefe
1527 333 1622 387 des
1657 332 1707 387 J.
1748 328 1896 385 1532.

477 522 665 576 Gotha.
1550 502 1691 567 180.
2366 514 2523 585 (Aug.
2562 512 2739 581 1512.)

1028 610 1320 681 Mutian
1363 632 1462 681 an
1507 612 1557 682 J
1560 610 1677 681 oh.
1720 608 2206 697 {anglenam-‚¹

475 725 853 793 (Empfelzluny
889 723 1164 776 Herbords.
1214 722 1383 789 Klaqe
1417 722 1547 775 iiber
1578 722 1664 775 die
1696 722 1999 791 unqereekte
2034 720 2431 788 Enaeoheidunq
2466 736 2569 772 von
2604 716 2755 786 Eny-

480 794 686 847 lemlers
734 792 1034 860 Voryc‘inqer
1077 794 1140 843 in
1173 790 1372 843 seinem
1408 790 1662 844 Proxesse
1708 792 1813 843 mit
1847 789 2053 854 Latius,
2096 788 2259 842 wobei
2300 787 2420 841 sein
2452 784 2757 853 verbrv'eftea

1083 858 1520 913 Pa-tronatsreoht
1554 860 1765 913 verletxt
1799 859 2010 911 worden
2042 859 2158 925 sei.)

616 972 660 1023 J
661 972 848 1022 oanni
883 972 1307 1033 Engeuendro
1345 972 1580 1025 oratori
1614 975 1679 1023 et
1707 972 2138 1034 jureconsulto
2172 970 2361 1031 primi
2393 968 2665 1021 nominis

1097 1057 1473 1108 cancellario
1511 1058 1887 1119 Moguntino
1922 1056 2011 1107 M.
2047 1054 2272 1107 Rufus.

699 1148 763 1211 S.
854 1148 1016 1212 Nolo
1063 1172 1143 1212 ex
1190 1149 1474 1213 moribus
1522 1172 1759 1225 eorum,
1820 1149 1929 1231 qui
1972 1148 2077 1231 jus
2131 1146 2303 1231 quod
2362 1148 2638 1211 didicere
2682 1172 2766 1211 ac

491 1238 622 1297 veri
672 1233 1052 1315 dignitatem
1119 1234 1282 1297 falsa
1338 1235 1747 1317 persuasione
1816 1238 2250 1315 corrumpunt,
2312 1234 2503 1295 etiam
2566 1233 2763 1315 hujus

487 1318 838 1381 Herebordi
885 1318 1006 1381 mei
1040 1320 1365 1400 ingenium
1401 1320 1770 1401 perpendas.
1824 1319 1937 1383 Est
1966 1318 2133 1382 enim
2166 1322 2414 1381 amator
2439 1318 2758 1399 justitiae,

483 1404 691 1467 limati
737 1402 954 1481 studii,
1008 1403 1157 1467 stilo
1192 1405 1454 1481 nitidus,
1489 1402 1624 1468 {rita
1653 1406 1910 1487 probus.
2004 1404 2187 1467 Hunc
2232 1403 2354 1467 tibi
2396 1404 2464 1466 in
2498 1425 2764 1467 manum

484 1488 686 1561 trad0‚
739 1492 962 1569 utpote
1009 1488 1270 1571 dignum
1317 1491 1420 1553 cui
1466 1490 1700 1553 faveae.
1794 1491 1875 1554 Et
1920 1490 2077 1553 haec
2124 1488 2383 1570 quidem
2431 1509 2542 1570 pro
2572 1489 2765 1553 testi-

488 1574 698 1637 monio
759 1572 1108 1649 sufficiunt,
1175 1596 1318 1637 cum
1374 1574 1603 1657 diligas
1662 1579 1778 1639 tua
1822 1580 2052 1657 sponte
2098 1574 2483 1639 laudabiles,
2575 1574 2765 1651 Quod

493 1658 719 1722 honori
754 1680 891 1721 meo
939 1659 1109 1740 apud
1145 1660 1510 1741 pontificem
1550 1666 1835 1724 nostrum
1870 1682 1997 1723 non
2032 1658 2309 1737 defuisti,
2343 1681 2464 1741 ago
2496 1660 2762 1742 gratias.

497 1744 622 1808 Sed
671 1744 842 1825 quod
886 1744 1096 1808 victus
1150 1750 1238 1808 sis
1299 1746 1807 1827 obstrepentium
1871 1745 2083 1822 turba,
2147 1767 2273 1808 non
2338 1744 2469 1809 fero
2538 1745 2766 1826 quieta.

497 1831 725 1895 fronte.
817 1829 1119 1905 Quamvis
1166 1832 1332 1893 enim
1381 1830 1633 1895 deesset
1677 1831 1916 1894 fulmen
1981 1830 2421 1913 primariarum
2481 1852 2765 1914 precum,

499 1916 576 1979 de
622 1934 748 1996 quo
795 1914 1004 1977 factus
1049 1937 1218 1979 eram
1267 1917 1519 1991 certior,
1570 1917 1813 1980 indicta
1858 1922 2073 1979 tamen
2122 1938 2314 1980 causa
2363 1936 2489 1979 non
2538 1915 2769 1979 debuit

489 2022 618 2063 rem
665 2000 938 2063 antistes
999 2022 1397 2082 cognoscere.
1504 2002 1871 2066 Dulciculus
1924 1999 2073 2065 iste²
2130 2006 2389 2065 auctore
2448 1998 2563 2066 G.⁸
2620 2002 2767 2084 jure

491 2092 556 2148 et
608 2085 975 2149 indubitata
1030 2086 1298 2149 veritate
1360 2087 1631 2151 fundata
1689 2088 1960 2168 turpiter
2022 2088 2326 2169 pervertit
2387 2092 2452 2151 et
2509 2086 2593 2151 ab
2658 2088 2761 2163 iis,

491 2171 602 2254 qui
647 2190 972 2251 nunquam
1036 2171 1210 2234 fuere
1255 2172 1587 2236 nobiscum
1653 2173 1925 2254 patroni,
1989 2172 2281 2237 frivolam
2344 2173 2761 2237 donationem

497 2257 668 2333 emit,
721 2263 995 2337 emptam
1043 2258 1210 2321 male
1256 2258 1575 2339 protulit-‚⁴
1669 2260 2044 2323 Antecessor
2102 2264 2257 2322 tuus
2300 2258 2567 2322 istarum
2616 2280 2765 2341 par-

492 2344 653 2405 tium
704 2347 855 2405 erat.
950 2341 1206 2424 Alioqui
1243 2365 1366 2407 non
1399 2345 1629 2407 fuisset
1673 2344 1943 2407 firmata.
2010 2344 2347 2427 Exspecta,
2382 2349 2447 2407 te
2478 2344 2769 2422 obsecrO,

489 2428 832 2511 pleniorem
879 2427 968 2490 rei
1014 2429 1332 2493 notitiam.
1423 2429 1714 2494 Efficiam
1776 2428 1892 2493 deo
1956 2428 2227 2508 volente,
2290 2436 2363 2494 ut
2432 2430 2607 2494 fraus
2652 2430 2774 2494 ob-

499 2514 792 2596 reptitiae
852 2536 927 2577 ac
983 2515 1388 2596 surreptitiae
1457 2515 1841 2580 narrationis
1910 2522 1975 2578 et
2031 2537 2349 2579 summum
2416 2516 2768 2580 adversarii

497 2600 698 2662 nostri
745 2598 951 2662 scelus
997 2600 1062 2662 in
1111 2600 1311 2664 lucem
1361 2602 1608 2665 edatur.
1699 2601 1941 2664 Vitiosa
1975 2605 2147 2679 sunt,
2192 2601 2477 2684 profecto
2511 2602 2769 2677 vitiosa,

501 2706 668 2767 quae
714 2685 1146 2766 pontificalem
1203 2688 1653 2750 auctoritatem
1716 2686 2107 2770 impulerunt
2165 2687 2245 2750 ad
2295 2687 2765 2770 expediendum

499 2771 566 2833 G.
666 2771 862 2851 „Cum
935 2771 1248 2854 propter“‚
1308 2772 1400 2836 De
1455 2772 1594 2855 jure
1655 2771 2081 2856 patronatus.⁶
2172 2771 2487 2838 Cautione
2548 2778 2770 2836 tamen

497 2876 660 2939 opus
705 2856 846 2935 erit,
893 2877 972 2917 ne
1018 2856 1388 2939 benignitas
1447 2859 1791 2942 superioris
1837 2857 1916 2920 ad
1962 2855 2309 2922 Joachimi⁶
2364 2858 2771 2922 commodum

498 2963 818 3023 propensa
881 2943 1306 3006 severioribus
1365 2942 1569 3008 literis
1628 2943 2004 3007 offendatur.
2095 2943 2316 3008 Valere
2359 2949 2425 3008 te
2469 2947 2623 3028 opto
2669 2965 2774 3008 me

503 3026 751 3090 nuntio.
841 3025 939 3088 Ex
985 3027 1220 3092 Gotha.
1648 3049 1652 3052 ·

809 3127 932 3182 Cod.
969 3127 1102 3182 Frcf.
1141 3127 1256 3182 215.

640 3249 653 3278 ¹
688 3247 893 3300 Friiher
927 3247 1229 3301 hessischer
1262 3247 1504 3305 Kanzler,
1541 3247 1861 3316 Nachfolger
1892 3248 2011 3302 Joh,
2058 3246 2217 3310 Muts,
2254 3247 2347 3300 des
2382 3246 2616 3300 Bruders
2650 3245 2771 3300 Mu-

497 3315 648 3368 tians.
690 3316 784 3369 Als
810 3317 1044 3370 solchem
1068 3317 1315 3368 widmete
1339 3315 1450 3368 ihm
1473 3317 1598 3370 Eob.
1626 3315 1830 3370 Hessus
1859 3316 1990 3370 1509
2016 3314 2161 3368 seine
2184 3315 2452 3368 Bucolica.
2488 3315 2770 3380 Kranae,

497 3385 554 3436 Ε.
581 3383 733 3436 Hess,
773 3385 814 3450 Ι,
846 3385 930 3438 80.
968 3385 1413 3452 Briefsammlung
1448 3385 1498 3438 S.
1537 3385 1604 3438 95
1643 3388 1705 3437 A.
1749 3389 1792 3443 l,
1832 3386 1878 3438 7.
1954 3384 2026 3436 Er
2060 3399 2209 3437 muss
2245 3383 2449 3436 damals
2483 3383 2682 3436 bereits
2717 3382 2773 3434 in

500 3452 824 3505 Mainzische
874 3453 1092 3505 Dienste
1141 3453 1505 3520 iibergetreten
1555 3453 1684 3505 sein.
1756 3454 1872 3506 Den
1909 3451 2056 3504 Brief
2087 3451 2320 3504 Mutians
2366 3467 2434 3505 an
2468 3451 2562 3503 ihn
2611 3449 2765 3504 sollte

505 3521 744 3573 Herbord
790 3521 1085 3588 personlioh
1122 3520 1487 3589 fiberbringen,
1541 3520 1745 3573 Mutian
1790 3521 1965 3587 klagte
2014 3520 2141 3572 aber
2186 3523 2373 3587 spata,
2426 3521 2548 3572 dass
2584 3535 2643 3572 er
2678 3519 2773 3571 ihn

499 3589 749 3641 vei-loren.
895 3593 914 3621 ²
973 3589 1175 3642 Conrad
1212 3589 1397 3642 Dulcis
1446 3589 1725 3656 (spottisch
1760 3587 2094 3656 Dulciculus)
2150 3603 2245 3640 aus
2280 3587 2565 3655 Homberg.
2616 3587 2771 3655 Mag..

497 3657 695 3710 Licent.
719 3658 766 3709 d.
789 3656 990 3709 Rechte
1014 3658 1067 3708 in
1092 3657 1283 3719 Erfurt,
1321 3657 2031 3724 Rekt01·1510(E1·f.Mat1-.).
2086 3655 2167 3707 Im
2199 3655 2316 3708 Okt.
2346 3656 2479 3710 1512
2515 3655 2775 3709 berichtet

497 3724 704 3777 Mutian
753 3725 934 3777 seinen
968 3726 1074 3778 Tod
1123 3726 1221 3776 mit
1257 3726 1378 3777 dem
1427 3725 1738 3785 Bemerken,
1788 3742 1845 3777 er
1880 3725 2015 3777 habe
2062 3723 2176 3775 ihm
2226 3724 2302 3776 im
2336 3725 2514 3777 Leben
2563 3723 2671 3776 viel
2707 3740 2773 3775 zu

502 3794 738 3846 schaffen
783 3793 1044 3860 gemacht.
1100 3793 1218 3860 Vgl.
1258 3795 1307 3846 S.
1345 3793 1414 3844 42
1462 3795 1522 3845 A.
1564 3795 1611 3845 3.
1756 3795 1777 3824 ³
1812 3793 2057 3860 Henning
2116 3792 2290 3845 Goede
2338 3792 2390 3845 S.
2418 3793 2483 3844 73
2518 3795 2581 3846 A.
2623 3794 2669 3843 1.

499 3864 519 3893 ⁴
540 3860 726 3913 Dulcis
763 3862 910 3914 hatte
946 3861 1054 3914 also
1084 3861 1168 3913 die
1183 3862 1414 3914 Pfriinde
1453 3878 1557 3914 von
1574 3861 1757 3914 Lotius
1795 3862 1873 3913 als
1894 3860 2256 3928 angeblichem
2280 3860 2506 3914 Patrone
2542 3860 2770 3928 gekauft.

503 3929 690 3998 Vg1.S.
719 3929 819 3981 212
847 3931 973 3983 A.7.
1083 3933 1104 3962 ⁵
1138 3929 1395 3982 Deci-etal.
1438 3930 1588 3997 Greg.
1627 3929 1708 3982 IX
1751 3930 1784 3981 l.
1822 3930 1902 3982 III
1936 3929 2015 3982 tit.
2056 3929 2149 3981 38:
2187 3929 2265 3981 De
2295 3929 2414 3996 jure
2454 3931 2773 3994 patronatum,

498 3997 652 4065 capit.
667 3997 748 4063 27,
787 3998 1107 4064 anfangend:
1145 3998 1276 4050 Cum
1313 4000 1533 4064 propter.
1575 3997 1731 4064 Corp.
1746 3999 1848 4065 jur.
1872 4014 1985 4051 can.
2024 3998 2104 4049 ed.
2142 3997 2397 4050 Pithoeus
2430 3996 2599 4050 PariS.
2623 3995 2773 4050 1705.

495 4067 568 4132 ΙΙ,
591 4065 704 4119 186.
779 4066 884 4117 Der
918 4065 1096 4118 Inhalt
1133 4067 1225 4118 des
1263 4065 1500 4132 Kapitels
1536 4066 1632 4118 ist:
1670 4065 1846 4118 Wenn
1880 4066 1965 4118 die
1984 4065 2149 4132 Frage
2183 4066 2315 4118 iiber
2352 4066 2445 4118 das
2471 4065 2773 4117 Patronats-

498 4136 649 4187 recht
684 4133 959 4186 innerhalb
978 4135 1013 4184 4
1031 4133 1276 4186 Monaten
1312 4134 1460 4186 nicht
1495 4134 1717 4201 erledigt
1739 4134 1823 4196 ist,
1860 4150 1919 4187 so
1944 4133 2043 4187 soll
2065 4134 2158 4185 der
2181 4133 2401 4187 Bischof
2434 4134 2520 4186 die
2538 4131 2772 4185 Pfriinde

501 4204 749 4256 besetzen
796 4202 995 4256 diirfen.
1065 4201 1270 4255 Mutian
1316 4201 1428 4254 halt
1474 4203 1561 4254 fiir
1603 4203 1907 4270 ungerecht,
1960 4203 2082 4255 dass
2130 4201 2215 4254 die
2251 4201 2595 4255 bischofiiche
2640 4200 2771 4254 Ent-

507 4271 802 4338 scheidung
845 4270 1017 4323 dieses
1052 4269 1266 4338 Kapitel
1300 4270 1509 4338 geltend
1556 4272 1751 4324 macht.
1892 4271 1915 4303 ⁶
1948 4271 2067 4324 Nur
2100 4269 2229 4324 hier.
2283 4269 2356 4324 Es
2390 4269 2599 4325 scheint
2632 4267 2773 4324 nach

503 4341 624 4393 dem
665 4339 1129 4408 Zusammenhang
1164 4341 1258 4392 der
1275 4339 1538 4392 Vomame
1575 4340 1667 4392 des
1700 4339 1884 4392 Lotius
1918 4356 1987 4392 zu
2021 4338 2149 4392 sein.
