3084 4895
1212 422 1421 477 Mutian
1458 440 1526 475 au
1562 422 1759 477 Urbau.
2472 427 2595 492 277
2652 426 2656 431 ’

370 595 534 677 juris
603 594 1034 676 utriusque.“¹
1145 592 1340 657 Audis
1408 595 1619 657 odium
1690 600 1752 658 et
1820 596 2121 661 fraudem.
2225 598 2350 660 Iste
2425 596 2607 663 Cotio

378 681 665 753 crocitat,
697 693 726 720 ⁸
790 687 854 743 et
921 702 1059 743 cum
1125 680 1328 762 poetis
1393 680 1661 743 multum
1741 680 2017 764 deroget,
2081 682 2201 746 sibi
2268 688 2479 747 tamen
2544 688 2610 749 et

378 766 590 830 studio
636 766 796 847 juris
840 788 992 829 sane
1036 766 1250 848 inepto
1295 770 1542 830 tantum
1590 773 1862 849 arrogat,
1908 772 1979 831 ut
2010 769 2215 851 poetis
2258 791 2326 833 se
2368 770 2607 853 superi-

377 873 544 917 orem
593 872 728 915 esse
773 856 1044 915 censeat.

689 952 810 1008 eod.
846 952 977 1007 Frcf.
1016 950 1128 1006 194.

380 1088 610 1158 (Gotha.)
1423 1071 1566 1136 222.
2255 1088 2392 1157 (Anf.
2434 1091 2604 1161 1513.)

1122 1181 1403 1252 Mutian
1451 1203 1549 1252 an
1594 1180 1868 1251 Urbau.

377 1310 501 1376 (Die
564 1309 758 1362 Vikare
789 1310 880 1361 der
913 1309 1300 1363 Marwnkirclae
1333 1310 1395 1362 in
1427 1310 1620 1376 Erfurt
1666 1310 1846 1363 woden
1898 1310 2114 1362 Mutian
2164 1310 2440 1377 verldaqm,
2490 1311 2606 1365 weil

374 1396 434 1430 er
464 1378 581 1431 sein
617 1378 772 1430 Hans
823 1377 969 1431 nieht
1014 1378 1078 1431 in
1119 1378 1410 1431 baulideem
1465 1380 1659 1431 Stande
1705 1378 1884 1431 erhdlt.
1955 1378 2034 1430 Er
2074 1379 2219 1431 kann
2268 1379 2389 1431 aber
2438 1397 2603 1447 weqen

375 1447 614 1516 Manyels
649 1464 725 1501 an
767 1448 895 1501 Geld
929 1447 1075 1499 nicht
1109 1447 1303 1510 bauem
1339 1448 1450 1501 will
1483 1447 1689 1500 Urbane
1722 1448 1835 1501 und
1867 1447 2223 1515 Enyelmanns
2245 1447 2377 1501 Rata
2398 1448 2601 1516 solym.)

1119 1563 1200 1613 Η.
1236 1562 1488 1613 Urbano
1523 1564 1611 1613 M.
1644 1561 1866 1613 Rufus.

578 1653 639 1719 S.
745 1652 1174 1719 Salimannus²
1248 1657 1498 1720 audisse
1571 1658 1661 1719 ait
1738 1656 1999 1720 vicarios
2074 1655 2464 1739 conspirasse
2538 1656 2599 1720 in

375 1741 550 1804 litem
598 1740 751 1804 mihi
791 1740 1189 1806 faciendam.⁸
1263 1742 1402 1806 Nou
1437 1764 1509 1807 eo
1556 1742 1811 1815 infitias,
1861 1743 2083 1806 domus
2125 1746 2219 1805 est
2258 1742 2599 1820 fulcienda3

383 1827 491 1890 sed
535 1826 816 1891 Lotiani⁸
862 1833 1029 1899 sunt,
1077 1829 1183 1910 qui
1228 1833 1454 1892 curant
1499 1828 1675 1891 talia.
1763 1829 1909 1892 Ideo
1954 1849 2082 1892 non
2126 1828 2321 1891 annui
2350 1827 2601 1891 vicariis

375 1913 893 1993 promittentibus
935 1912 1091 1977 mihi
1137 1914 1295 1978 duos
1340 1934 1564 1977 aureos
1608 1934 1915 1977 nummos,
2004 1913 2168 1990 Quid
2198 1913 2423 1977 faciam
2459 1913 2601 1977 vis?

374 1997 444 2061 Si
510 1997 877 2073 aedificabo,
944 2000 1167 2081 grandi
1235 2020 1393 2083 opus
1455 1999 1575 2062 erit
1638 1998 1932 2081 pecunia3
1992 1999 2044 2061 si
2092 1999 2327 2076 cedam,
2392 1998 2603 2064 dicent

379 2082 660 2148 Lotiani:
709 2086 796 2159 Ιο,
827 2086 890 2148 10
921 2084 1254 2167 triumphe.
1323 2084 1429 2150 Sic
1458 2083 1865 2167 Erphurdiae,
1892 2084 2115 2148 nedum
2150 2086 2252 2148 hic
2284 2106 2599 2149 vexamur.

377 2169 655 2233 Primum
710 2172 987 2253 loquaris
1038 2193 1146 2235 oro
1193 2193 1337 2235 cum
1395 2170 1753 2253 Schylone,⁵
1808 2171 1959 2252 quid
2018 2170 2323 2247 consulat,
2377 2169 2600 2234 deinde

377 2277 516 2319 cum
580 2255 1042 2338 Engelmanno⁶
1102 2259 1167 2321 in
1225 2258 1395 2321 hunc
1449 2257 1725 2329 modum,
1788 2268 1858 2319 ut
1912 2261 2214 2336 tanquam
2260 2261 2518 2336 'rogatus
2562 2280 2600 2341 a

379 2364 477 2404 me
523 2344 823 2407 ascendat
869 2366 1006 2407 cum
1055 2341 1475 2408 vicedomino⁷
1509 2346 1573 2407 et
1605 2342 2016 2424 introspiciat.
2096 2342 2161 2405 Si
2197 2340 2598 2417 consuluerit,

373 2434 448 2492 ut
493 2428 733 2511 capiam
783 2430 940 2494 duos
986 2453 1230 2494 annuos
1287 2430 1428 2512 jure
1492 2451 1629 2493 meo
1694 2430 1957 2507 deserto,
2023 2432 2176 2492 tunc
2241 2427 2599 2510 alloquatur

375 2514 639 2579 vicarios
684 2523 747 2579 et
803 2521 978 2596 petat
1044 2517 1145 2579 111.
1239 2517 1366 2598 Ego
1436 2538 1647 2578 verum
1716 2515 1962 2579 fatebor
2026 2515 2162 2577 tibi.
2257 2514 2594 2578 Aedificare

373 2599 482 2662 vix
526 2622 779 2684 possum
830 2609 893 2665 et
934 2600 1220 2666 Lotianis
1266 2609 1326 2664 et
1375 2599 1693 2684 Rospach⁸
1738 2602 1953 2664 cedere
1998 2622 2344 2682 gravamur.
2419 2599 2597 2663 Dicet

373 2685 628 2750 Lotius:
702 2687 934 2768 „Nihili
1000 2687 1186 2750 homo
1255 2693 1352 2750 est
1414 2686 1773 2750 Mutianus“
1846 2692 1908 2750 et
1976 2686 2234 2769 reliqua.
2324 2685 2483 2762 Quid
2543 2686 2594 2749 si

372 2770 770 2836 Herebordus
844 2777 1094 2854 pararet
1167 2772 1290 2837 sibi
1362 2771 1757 2854 hospitium?
1873 2773 1999 2838 Sed
2069 2772 2334 2855 pecunia
2407 2776 2595 2835 caret.

374 2856 538 2933 Quid
611 2859 664 2922 si
729 2858 974 2940 Petrejo
1048 2859 1379 2922 cederem?
1401 2857 1424 2891 ⁹
1531 2857 1657 2922 Sed
1728 2858 1942 2922 vicarii
2018 2857 2414 2922 recusabunt.
2518 2857 2599 2920 Et

373 2946 595 3007 neuter
655 2964 866 3007 eorum
928 2946 1268 3008 instrueret
1327 2948 1439 3007 aut
1495 2943 1730 3008 faceret
1787 2948 2033 3008 sumtus
2077 2944 2140 3006 in
2198 2947 2595 3007 structuram.

509 3094 536 3121 ⁸
563 3079 842 3132 crocitatur
879 3079 1024 3131 Tenx.

513 3147 528 3178 ¹
562 3147 715 3200 Nach
750 3147 870 3200 Cod.
910 3147 1009 3201 180
1043 3146 1385 3214 promovierte
1432 3145 1757 3214 Sommering
1805 3148 1905 3199 den
1950 3145 2186 3199 Herbord
2222 3161 2342 3216 zum
2376 3144 2464 3198 Dr.
2495 3145 2595 3222 jur.

378 3213 533 3281 (Nov.
575 3216 721 3269 1512.
758 3216 844 3270 ΒΓ.
883 3216 1022 3284 202),
1060 3215 1260 3268 Beweis
1285 3217 1368 3267 fiir
1404 3215 1486 3267 die
1521 3215 1766 3268 Identitat
1800 3232 1902 3268 von
1938 3214 2080 3267 Cotio
2117 3215 2222 3266 und
2259 3213 2545 3266 Sommerin
2564 3229 2595 3266 ν.

375 3284 396 3316 ²
430 3283 479 3336 S.
518 3284 618 3336 219
652 3287 713 3337 A.
755 3287 798 3336 l.
939 3288 958 3316 ³
991 3285 1090 3337 Die
1143 3283 1334 3335 Vikare
1386 3284 1478 3335 der
1523 3284 1904 3339 Matienkirche
1949 3282 2005 3334 in
2050 3283 2225 3334 Erfurt
2274 3281 2481 3334 wollten
2526 3231 2595 3334 ᾗ.

373 3351 666 3420 verklagen,
703 3354 824 3406 dass
858 3369 914 3404 er
948 3354 1040 3406 das
1075 3353 1222 3405 Hans
1259 3352 1314 3403 in
1350 3353 1442 3404 der
1473 3353 1876 3420 »lawengassen«
1906 3351 2054 3404 nicht
2086 3351 2141 3404 in
2175 3349 2471 3403 baulichem
2496 3349 2596 3402 Zu-

372 3421 554 3473 stande
589 3420 802 3488 erhalte‚
838 3422 946 3474 und
983 3438 1038 3474 es
1073 3421 1184 3473 ihm
1229 3424 1476 3487 entzogen
1513 3421 1719 3474 wissen.
1756 3420 1873 3488 Vgl.
1894 3420 1943 3473 S.
1973 3422 2037 3474 15
2073 3423 2133 3474 A.
2159 3420 2205 3473 2.
2257 3419 2406 3471 Nach
2426 3417 2595 3470 vielen

373 3489 815 3557 Verhandlungen
858 3491 1039 3542 wurde
1075 3491 1167 3542 das
1202 3489 1348 3542 Haus
1395 3489 1470 3541 im
1504 3492 1637 3558 Aug.
1677 3491 1808 3542 1513
1844 3489 1935 3542 auf
1966 3493 1997 3544 5
2031 3489 2190 3542 Jahre
2225 3503 2290 3540 an
2326 3486 2475 3538 einen
2508 3503 2595 3554 ge-

373 3557 564 3610 wissen
597 3558 832 3610 Dietmar
867 3558 1030 3625 (Titus
1064 3557 1284 3625 Marius)
1323 3557 1614 3621 vermietet,
1651 3561 1803 3610 unter
1839 3559 1931 3610 der
1964 3557 2286 3624 Bedingung‚
2323 3556 2442 3607 dass
2480 3555 2594 3607 der-

372 3625 513 3678 selbe
548 3626 819 3678 innerhalb
845 3627 1014 3679 dieser
1034 3626 1156 3679 Zeit
1177 3627 1244 3680 20
1265 3625 1342 3679 Gl.
1369 3627 1673 3679 ratenweise
1698 3643 1819 3678 zum
1838 3625 1982 3679 Baue
2001 3626 2305 3679 beisteuere.
2362 3623 2597 3676 Dietmar

373 3693 577 3748 erfiillte
613 3695 736 3747 aber
769 3695 910 3748 seine
959 3695 1421 3762 Verpflichtungen
1466 3695 1627 3761 nicht,
1675 3695 1757 3747 die
1792 3695 1983 3747 Vikare
2016 3695 2224 3762 klagten
2271 3709 2374 3745 von
2407 3707 2594 3744 nouem

371 3764 488 3815 Ans.
517 3765 663 3824 1515,
699 3764 808 3815 und
844 3780 900 3816 so
937 3765 1113 3815 wurde
1149 3765 1282 3816 denn
1319 3763 1484 3816 durch
1519 3763 1695 3817 Simon
1721 3763 1939 3816 Voltzke
1975 3763 2058 3815 die
2082 3761 2472 3828 Entscheidung
2506 3776 2594 3828 ge-

371 3832 571 3896 troffen‚
608 3832 727 3885 dass
763 3830 846 3884 ein
882 3832 1127 3899 gewisser
1173 3831 1506 3885 Nordhssiuser
1550 3833 1628 3884 »in
1661 3849 1762 3884 usu
1797 3841 1850 3884 et
1885 3831 2222 3885 habitatione«
2272 3829 2593 3896 nachfolgen.

373 3899 458 3951 dje
514 3899 701 3953 Vikare
753 3901 877 3953 aber
925 3900 1154 3954 Mutiaus
1207 3900 1407 3952 Bruder
1459 3901 1492 3953 J
1493 3901 1663 3954 chaun
1709 3901 1793 3953 die
1836 3899 2158 3954 Seelmessen
2206 3898 2346 3952 lesen
2394 3897 2591 3951 sollten.

370 3967 478 4020 Der
511 3969 774 4022 notarielle
808 3969 1045 4036 Vertrag.
1082 3969 1269 4022 datiert
1305 3970 1382 4021 13.
1420 3969 1546 4020 ι111111
1583 3972 1729 4034 1515,
1768 3970 1994 4022 befindet
2027 3969 2142 4022 sich
2176 3967 2349 4020 hinter
2379 3966 2471 4019 Nr.
2494 3965 2594 4019 483

377 4037 468 4088 des
504 4036 628 4090 Cod.
733 4039 754 4069 ⁴
787 4037 836 4090 S.
857 4037 924 4090 98
960 4041 1020 4091 A.
1048 4038 1094 4090 3.
1131 4037 1199 4090 M.
1237 4037 1459 4105 glaubte‚
1500 4039 1583 4091 die
1618 4038 1809 4090 Vikare
1846 4037 1989 4091 scien
2023 4054 2124 4090 von
2160 4037 2356 4089 seinem
2394 4037 2596 4104 Gegner

376 4105 556 4158 Lotius
592 4106 981 4175 aufgestachelu
1020 4106 1132 4157 ihm
1168 4107 1260 4158 das
1296 4106 1443 4158 Hans
1479 4123 1544 4158 zu
1580 4106 1865 4160 entziehen.
1956 4109 1977 4138 ὓ
2011 4105 2061 4160 S.
2100 4107 2197 4158 133
2232 4107 2293 4158 A.
2336 4108 2379 4156 1.
2487 4105 2508 4136 ⁶
2542 4103 2591 4157 S.

377 4173 476 4227 206
511 4175 572 4229 A.
611 4175 656 4229 2.
800 4176 818 4206 ⁷
854 4175 1072 4227 Gerlach
1111 4193 1157 4227 v.
1195 4175 1242 4227 d.
1280 4175 1535 4227 Mai-then.
1572 4175 1690 4242 Vgl.
1731 4174 1779 4227 S.
1806 4177 1903 4227 115
1938 4177 2001 4226 A.
2027 4176 2073 4226 3.
2110 4175 2244 4227 Dass
2278 4173 2425 4225 nicht
2458 4172 2517 4225 L.
2542 4189 2591 4225 ν.

369 4240 505 4294 Rain
541 4244 767 4310 gemeint
803 4244 916 4296 scin
951 4244 1102 4309 kann,
1151 4243 1348 4310 crgiebt
1382 4243 1495 4296 sich
1540 4261 1637 4297 aus
1673 4243 1855 4295 desscn
1899 4244 2175 4296 stehender
2227 4241 2595 4308 Bezeichnung

373 4309 657 4366 Rainensis
798 4313 819 4344 ⁸
852 4313 1006 4365 Nach
1038 4311 1124 4364 Br.
1160 4313 1261 4366 493
1296 4313 1389 4363 des
1413 4311 1532 4366 Cod.
1573 4329 1667 4364 aus
1702 4312 1750 4363 d.
1774 4312 1819 4365 J.
1850 4313 1979 4365 1515
2016 4313 2112 4364 mit
2136 4311 2445 4363 Armbrecht
2466 4309 2591 4360 Pro-

372 4379 582 4433 kurator
632 4381 796 4433 durch
849 4380 1044 4433 Lotius’
1099 4379 1504 4448 Bemiihungen3
1541 4380 1679 4434 wohl
1714 4381 1855 4432 einer
1890 4382 1981 4433 der
2014 4381 2205 4434 Vikare
2242 4382 2333 4432 der
2366 4378 2590 4432 Marien-

372 4446 550 4502 kirche
585 4449 639 4502 in
672 4449 860 4502 Erfurt.
997 4451 1020 4481 ⁰
1055 4449 1170 4518 Vgl.
1209 4449 1293 4503 Br.
1334 4451 1444 4502 193.
