3084 4895
471 436 602 501 510
1317 436 1493 491 Briefe
1531 436 1623 491 des
1658 438 1707 493 J.
1750 440 1897 494 1515.

571 608 822 669 Inclyta
858 608 1131 667 principi
1165 607 1561 658 Hartmanno
1596 608 1776 661 Fuld.
1814 612 1879 661 et
1912 610 2116 663 Heres.
2152 611 2295 664 abb.
2332 612 2657 663 doctorum

551 692 1172 755 jurisconsultissimo
1209 695 1273 745 et
1308 693 1833 755 eloquentissimo,
1866 698 2135 757 patrono
2159 707 2297 747 meo
2319 697 2405 749 M.
2430 696 2653 751 Rufus.

684 805 1096 871 Inclitissime
1139 804 1356 888 pater!
1443 803 1587 869 Non
1640 826 1895 888 possum
1948 808 2305 889 praeterire,
2354 812 2524 890 quod
2585 815 2743 877 utile

481 893 772 957 videatur
804 892 1046 955 aerario
1079 896 1307 954 vestro.
1397 890 1496 954 lta
1541 894 1718 955 totus
1764 914 1902 955 sum
1950 897 2321 957 auctoratus
2354 898 2581 961 vestris
2612 899 2650 961 i.
2686 923 2737 963 e.

471 980 605 1044 tuis
649 984 715 1043 et
761 977 1053 1041 coenobii
1100 976 1196 1039 tui
1242 976 1592 1039 commodis
1632 982 1698 1040 et
1752 975 2118 1041 honoribus.
2212 978 2736 1048 conservatorem

473 1065 636 1148 juris
681 1063 872 1128 isthic
920 1063 1277 1133 constituat
1318 1064 1434 1125 tua
1478 1061 1862 1138 sublimitas»,
1909 1064 1988 1127 ad
2036 1085 2221 1146 quem
2268 1064 2517 1131 Rhanis
2562 1091 2740 1134 cerae

480 1154 852 1233 procurator
918 1146 1247 1213 recurrat.¹
1341 1146 1653 1211 Dominus
1724 1147 2059 1230 sigillifer‚²
2128 1150 2317 1215 homo
2385 1154 2738 1234 consultuS,

481 1236 756 1299 libenter
799 1234 863 1296 in
912 1233 1029 1299 hac
1077 1256 1144 1297 re
1201 1232 1675 1315 obtemperabit
1741 1235 2093 1317 praeceptis
2161 1236 2309 1299 tuis.
2399 1238 2738 1304 Praeterea

482 1323 671 1387 mitto
716 1318 1053 1383 ridiculum
1100 1339 1260 1401 opus
1306 1322 1371 1381 et
1415 1320 1712 1395 facetum,
1760 1320 1868 1382 sed
1918 1342 2131 1383 verum
2181 1326 2245 1384 et
2290 1328 2737 1392 necessarium.

475 1428 602 1489 quo
649 1406 767 1470 sub
814 1404 982 1467 fictis
1043 1404 1329 1485 personis
1382 1403 1856 1487 enthymemata
1916 1406 2355 1487 theologorum
2420 1398 2737 1475 Parrhisiss

471 1494 719 1557 ensium
779 1490 1141 1554 eluduntur.
1233 1488 1528 1553 Jucunda
1588 1512 1742 1552 sane
1796 1491 1985 1554 lectio
2033 1495 2098 1555 et
2140 1493 2327 1556 stilus
2388 1498 2738 1577 pragmati-

470 1599 707 1643 corum.
798 1575 1146 1652 Habe-mue,
1191 1578 1266 1637 ut
1296 1595 1499 1656 spem,
1534 1582 1684 1638 tuae
1714 1578 1959 1656 gratiae
1990 1576 2288 1641 favorem.
2377 1579 2735 1661 Volguinus

470 1660 716 1728 noster⁸
764 1662 1070 1725 remittat.
1161 1658 1296 1741 Ego
1344 1661 1528 1724 deum
1589 1682 1719 1739 om,
1768 1667 1840 1724 ut
1883 1662 2126 1744 plebem
2190 1665 2514 1730 nobilitati
2575 1688 2759 1731 eon--

472 1750 648 1815 cilies
693 1751 756 1811 et
802 1768 1017 1828 pacem
1084 1746 1369 1823 reducas,
1431 1746 1639 1827 legate
1696 1750 1761 1809 et
1807 1748 2177 1827 pacificator
2241 1751 2730 1832 sapientissime.

467 1834 618 1899 Vale
650 1838 714 1897 et
745 1834 937 1896 salve.
1030 1830 1277 1894 Rhanis
1310 1854 1375 1893 se
1407 1852 1652 1894 mecum
1694 1835 1843 1895 tuae
1890 1832 2276 1897 humanitati
2307 1840 2729 1903 commendat.

463 1919 561 1984 Ex
607 1918 821 1984 Gotha
864 1916 997 1981 ΙΙΙῙ.
1042 1916 1192 1979 Idus
1237 1916 1546 1981 Januarii.
1638 1916 1825 1981 Anno
1872 1916 2125 1981 MDXV.

771 2018 895 2073 Cod.
933 2016 1066 2070 Frof.
1103 2018 1221 2071 446.

460 2249 694 2321 (Gotha.)
1513 2232 1658 2295 447.
1881 2258 1889 2265 ·
2294 2252 2375 2306 13.
2412 2252 2529 2305 Jan.
2570 2256 2723 2309 1515.

1179 2357 1532 2427 Publius²
1580 2378 1678 2427 an
1719 2356 1999 2430 Urban.

459 2490 637 2557 (Βᾶτε,
693 2488 784 2540 ein
839 2487 1009 2556 Sieqel
1057 2503 1132 2540 κα
1176 2486 1432 2552 echichen,
1485 2503 1584 2539 um
1634 2487 1803 2540 durch
1852 2487 1965 2540 dies
2024 2488 2287 2544 Gesehenk
2348 2490 2559 2544 Urbane
2606 2493 2727 2546 sien

460 2558 682 2612 Mutian
711 2557 1000 2626 yeeeniiber
1032 2573 1152 2610 vom
1199 2555 1607 2677 Vezeffineffig
1635 2555 1895 2694 ξῖἕᾷιῧ
1912 2573 1987 2610 m
2019 2557 2274 2626 reim'om.
2345 2559 2727 2629 Reehemchaft

579 2740 946 2792 Beatissimo
981 2738 1151 2799 patri
1185 2737 1462 2799 Urbano,
1497 2739 1927 2792 cisterciensis
1962 2743 2025 2792 et
2060 2740 2327 2792 latez-arii
2360 2741 2597 2794 ordinis

1097 2825 1236 2876 viro
1270 2824 1651 2884 venerando,
1684 2827 1763 2878 Δ.
1797 2825 2079 2878 Publius.

663 2935 729 3000 S.
821 2937 1170 3001 Praeterire
1214 2959 1346 3002 non
1394 2935 1616 3014 debe0,
1664 2938 1833 3020 quod
1882 2937 2069 3001 herus
2117 2938 2293 3016 mihi,
2342 2944 2415 3002 ut
2447 2945 2544 3004 est
2575 2960 2719 3004 acer

459 3045 704 3088 morum
771 3045 1011 3098 censor,
1072 3023 1202 3085 fere
1247 3023 1509 3088 cottidie
1557 3025 1921 3106 opprobrat.
2018 3023 2188 3106 „Si“‚
2237 3026 2466 3106 inquit,
2519 3027 2717 3107 „duos

455 3109 729 3174 Boemos
775 3110 1018 3174 muneri
1063 3108 1186 3172 tibi
1233 3109 1406 3173 dedit
1453 3107 1751 3173 Urbanus
1796 3109 1860 3172 in
1909 3110 2170 3174 aestivis
2215 3109 2712 3174 Erfordiensium

454 3195 782 3272 nundiniS,
828 3216 938 3258 cur
983 3215 1156 3258 nunc
1199 3195 1615 3277 signatoriam
1669 3199 1882 3258 notam
1932 3217 2059 3258 non
2110 3195 2283 3271 emit,
2318 3197 2426 3259 vix
2457 3198 2710 3261 tertiam

453 3282 589 3363 ejus
653 3302 934 3344 summae
1001 3283 1241 3361 partem
1311 3279 1793 3362 impensurus‘?“
1903 3281 2038 3343 Hac
2104 3279 2549 3363 objurgatione
2616 3305 2714 3346 me

452 3368 664 3449 arguit
709 3365 1030 3448 expilatae
1075 3367 1401 3447 pecuniae,
1448 3367 1634 3447 quasi
1680 3365 1908 3428 falsum
1956 3367 2219 3429 dixerim
2285 3373 2487 3448 tuque
2556 3368 2713 3431 nihil

456 3453 720 3518 dederis,
811 3451 972 3515 Nam
1021 3451 1345 3532 speculum
1394 3457 1458 3515 et
1502 3452 1819 3534 pectinem
1868 3451 1991 3514 emi
2036 3457 2275 3532 tuoque
2304 3452 2367 3514 id
2406 3452 2711 3517 beneficio

450 3543 781 3620 acceptum
856 3537 995 3601 tuli.
1108 3536 1251 3601 Non
1326 3537 1596 3600 credidit
1670 3557 1876 3617 neque
1951 3538 2166 3601 credit.
2288 3537 2519 3601 Libera
2591 3560 2709 3615 me,

450 3625 722 3688 domine.
812 3622 954 3687 Nisi
1000 3623 1168 3686 enim
1229 3623 1508 3704 sigillum
1580 3623 1846 3700 miserie,
1914 3644 2244 3704 nunquam
2317 3624 2710 3705 persuadebo

449 3731 551 3777 me
596 3710 914 3792 accepisse
959 3730 997 3770 a
1041 3711 1124 3784 te,
1171 3709 1280 3773 sed
1328 3708 1583 3790 putabit
1632 3708 1707 3771 de
1752 3729 1869 3771 suo
1926 3710 2327 3790 surripuisse,
2384 3709 2555 3792 quod
2614 3715 2713 3773 est

447 3795 601 3860 mali
645 3796 827 3858 servi.
916 3794 1054 3874 Ego
1101 3797 1176 3857 ut
1219 3794 1342 3857 tibi
1384 3794 1693 3857 rationem
1726 3793 2079 3858 studiorum
2114 3815 2393 3858 meorum
2428 3795 2709 3872 reddam,

448 3881 684 3963 perlegi
751 3880 1156 3944 Lactantium
1221 3883 1284 3942 et
1349 3879 1757 3961 Cyprianum‚
1827 3879 1987 3942 duos
2054 3880 2334 3960 omnium
2404 3881 2707 3964 eloquen-

585 4172 602 4201 ¹
638 4159 784 4222 Uber
818 4169 1019 4221 Rhanis
1057 4167 1107 4220 S.
1151 4167 1251 4220 242
1285 4170 1346 4222 A.
1383 4168 1434 4233 4,
1473 4165 1522 4221 S.
1563 4167 1664 4220 383
1700 4169 1761 4221 A.
1800 4167 1833 4219 2
1867 4183 1918 4219 n.
1956 4166 2041 4220 Br.
2080 4168 2197 4221 459.
2270 4166 2514 4219 Gemeint
2540 4166 2609 4219 ist
2638 4165 2705 4218 H.

445 4237 664 4305 Rhamis,
702 4240 795 4290 der
829 4238 922 4290 auf
953 4237 1183 4289 Mutians
1221 4236 1547 4303 Fiirsprache
1584 4237 1720 4288 noch
1756 4236 1829 4287 im
1866 4236 2029 4288 Laufe
2078 4237 2170 4288 des
2218 4235 2407 4288 Jahres
2453 4235 2707 4287 Notarius

445 4309 641 4360 wurde.
715 4305 794 4359 Ob
830 4305 1106 4358 Thesibius
1145 4303 1344 4356 Rhanis
1381 4305 1496 4356 eine
1533 4305 1724 4356 andere
1761 4304 1955 4356 Person
1992 4304 2077 4368 ist,
2116 4319 2263 4356 muss
2298 4303 2461 4357 dahin
2496 4303 2707 4371 gestent

443 4375 666 4429 bleiben.
777 4379 796 4406 ²
832 4371 1174 4436 Sommcring.
1247 4373 1297 4425 S.
1336 4373 1397 4424 21
1440 4375 1500 4425 A.
1545 4373 1590 4424 1.
1733 4373 1753 4404 ⁸
1786 4371 1837 4424 S.
1876 4374 1975 4425 507
2016 4375 2075 4424 A.
2116 4374 2160 4424 7.
2304 4376 2325 4405 ⁴
2362 4374 2531 4424 Adam
2570 4371 2703 4438 Pub,

443 4443 675 4495 Mutians
711 4443 918 4494 Diener.
992 4441 1042 4495 S.
1079 4442 1179 4492 407
1223 4444 1278 4494 A.
1318 4442 1364 4495 2.
1436 4440 1486 4494 S.
1525 4441 1627 4493 503
1664 4443 1724 4492 A.
1759 4442 1810 4495 4.
