3084 4895
487 401 570 468 98
1243 396 1416 456 Briefe
1453 416 1552 454 von
1592 393 1942 454 1505—1508.

488 575 712 656 optimi
780 573 1055 637 homini-s
1122 573 1580 654 procuratione.
1672 573 1822 637 Vive
1869 574 1994 636 diu.
2085 571 2171 636 Ut
2215 575 2425 635 autem
2493 567 2734 653 aliquid

489 660 862 724 eruditionis
922 661 1325 723 interseram:
1391 681 1501 723 cur
1547 661 1637 723 sic
1683 660 2012 740 coeperim,
2080 659 2388 722 rationem
2458 658 2730 722 reddam.

489 746 641 827 Legi
687 746 853 828 apud
896 745 1166 809 Plinium
1192 747 1229 809 :¹
1286 745 1548 826 „Terrae
1580 747 1811 808 eximia
1847 749 2096 827 propter
2127 745 2352 807 merita
2383 766 2729 827 cognomen

489 833 831 896 indidimus
890 837 1211 896 maternae
1273 831 1762 908 venerationis“,
1811 833 1911 894 cui
1957 831 2304 895 subscribit
2367 830 2730 894 Lucretius:

494 917 735 1000 „Quare
780 939 1010 998 magna
1056 919 1240 982 deum
1290 923 1487 982 mater
1532 922 1858 998 materque
1896 917 2164 980 ferarum
2211 915 2292 980 Et
2324 917 2527 979 nostri
2557 917 2734 996 geni-

489 1004 617 1067 trix
660 1004 818 1067 haec
863 1005 1035 1068 dicta
1078 1009 1175 1068 est
1222 1005 1499 1086 corporis
1559 1003 1742 1067 una.“
1838 1001 2103 1066 Ovidius
2167 1023 2418 1084 quoque
2463 1003 2526 1064 in
2574 1003 2734 1065 hanc

488 1091 912 1154 sententiam⁸⁸
946 1091 1063 1153 ait:
1107 1090 1375 1171 „Magna
1398 1111 1626 1172 parens
1649 1095 1815 1153 terra
1837 1088 1996 1162 est“‚
2022 1109 2210 1170 quam
2237 1088 2734 1168 omniparentem

490 1176 702 1239 idonei
748 1176 1083 1257 scriptores
1140 1176 1478 1257 appellant.
1569 1175 1736 1256 Lege
1793 1196 2027 1258 quaeso
2089 1173 2299 1238 Titum
2356 1174 2602 1237 Livium
2661 1174 2736 1236 de

487 1261 705 1340 Brut0,
752 1263 862 1344 qui
906 1265 1133 1326 terram
1183 1263 1377 1325 veluti
1422 1266 1683 1325 matrem
1733 1261 2142 1325 exosculatus
2179 1267 2294 1323 est.
2372 1259 2534 1336 Quid
2569 1280 2734 1342 erg0,

489 1348 678 1419 dices,
727 1348 1181 1411 ecclesiastici?
1268 1347 1491 1411 Nonne
1550 1353 1779 1411 vocant
1839 1347 2164 1410 ecclesiam
2233 1345 2542 1408 matrem?
2631 1343 2736 1408 Sic

489 1438 604 1512 est,
655 1432 931 1512 Urbane3
1002 1455 1124 1496 non
1196 1434 1386 1496 semel
1452 1434 1610 1515 legis
1670 1434 1733 1496 in
1796 1433 1936 1515 jure
2008 1432 2358 1516 pontificio:
2427 1432 2731 1512 gremium

490 1525 747 1584 sanctae
795 1520 1012 1582 matris
1060 1520 1371 1583 ecclesiae.
1468 1519 1550 1582 Et
1592 1523 1759 1582 recte
1791 1518 2064 1601 quidem.
2157 1518 2380 1598 Gignit
2411 1518 2576 1580 enim
2609 1517 2734 1598 spi-

488 1605 749 1669 rituales
800 1604 985 1684 filios,
1049 1627 1207 1686 quos
1253 1614 1315 1669 et
1360 1607 1502 1668 sinu
1567 1604 1755 1669 fovet.
1847 1605 2298 1685 Quamquamb
2368 1603 2580 1666 multis
2649 1603 2735 1666 sit

492 1713 779 1768 noverca,
816 1693 1039 1755 misere
1072 1693 1358 1754 crucians
1387 1703 1412 1730 0
1457 1713 1583 1766 ece,
1617 1693 1725 1772 qui
1772 1692 1850 1754 ad
1897 1690 2355 1754 confessionem
2403 1690 2732 1752 criminum

487 1777 872 1858 tamquamd
916 1778 996 1841 ad
1042 1779 1288 1841 veniam
1336 1777 1735 1858 confugiunt.
1829 1777 1990 1853 Quid
2061 1777 2269 1840 enim?
2335 1798 2415 1838 an
2478 1775 2734 1848 MoriuS,

488 1863 769 1928 omnium
818 1885 977 1946 quos
1022 1865 1187 1927 oculi
1232 1864 1452 1926 vident
1508 1863 1995 1946 perditissimuS,
2056 1883 2258 1925 mores
2320 1882 2538 1925 censor
2600 1882 2736 1924 cor-

487 1949 691 2030 riget?
778 1950 896 2028 Qui
944 1950 1123 2013 dabit
1166 1949 1501 2014 sanitatem
1552 1949 1834 2023 insanuS,
1894 1949 2269 2030 sapientiam
2318 1948 2574 2021 stultu8,
2621 1968 2738 2028 pu-

487 2036 739 2099 ritatem
786 2037 1183 2119 impudicus‘?
1274 2035 1644 2117 Nepotatur,
1690 2036 1952 2110 rixatur,
2001 2036 2220 2097 turbat
2249 2055 2466 2115 pacem
2499 2033 2733 2113 fungus

412 2161 417 2167 -
489 2121 729 2186 suillus
820 2121 980 2186 Nam
1028 2144 1169 2186 cum
1214 2123 1339 2185 tria
1384 2123 1513 2185 sint
1553 2122 1842 2184 tradente
1875 2120 2080 2184 Plinio
2116 2120 2452 2200 fungorum
2486 2140 2736 2200 genera,

489 2209 765 2286 tertium,
794 2220 823 2248 ὃ
867 2208 1036 2291 quod
1081 2207 1333 2271 suillum
1385 2207 1632 2282 dicitur,
1681 2207 2102 2289 periculosum
2136 2210 2248 2269 est.
2339 2205 2483 2268 Ideo
2517 2204 2738 2268 scribit

486 2293 813 2359 Juvenalis
858 2297 933 2359 de
981 2294 1099 2357 hoc
1142 2315 1393 2374 genere:
1461 2293 1742 2375 „Vilibus
1801 2294 2112 2375 ancipites
2172 2292 2352 2373 fungi
2419 2295 2734 2373 ponentur

488 2381 770 2455 amicis“,
818 2386 881 2444 et
924 2380 1262 2442 Martialis:
1337 2378 1541 2461 „Sunt
1610 2379 1729 2442 tibi
1795 2378 2011 2458 boleti,
2081 2380 2311 2462 fungos
2372 2398 2488 2459 ego
2549 2397 2730 2439 sumo

487 2466 795 2531 suillos.“²
886 2466 1009 2530 Sed
1042 2466 1220 2547 fungi
1252 2470 1315 2529 et
1350 2466 1544 2529 boleti
1575 2488 1793 2529 omnes
1837 2466 2204 2548 plerumque
2238 2463 2530 2528 mortales
2562 2467 2732 2540 sunt,
2791 2494 2796 2497 ·

490 2558 563 2616 ut
607 2555 769 2617 inter
816 2554 1099 2617 homines
1135 2552 1418 2616 homines
1452 2552 1606 2616 mori
1640 2551 1936 2633 pestiferi.
2005 2552 2253 2632 Dignus
2284 2551 2489 2614 hercle
2522 2550 2733 2612 Morus

489 2639 591 2701 hic
637 2643 849 2703 noster
914 2639 1262 2721 praefectus
1309 2639 1445 2701 vico
1491 2639 1880 2713 stercorario,
1940 2638 2051 2720 qui
2117 2637 2416 2712 boletum,
2485 2635 2733 2717 qualem

491 2722 793 2789 Claudius
840 2726 989 2797 edit,
1037 2726 1199 2788 edat.
1290 2723 1404 2802 Tu,
1451 2731 1674 2787 sancta
1708 2729 1906 2786 mater
1938 2723 2217 2793 ecclesia,
2253 2724 2308 2785 si
2337 2723 2497 2786 tales
2531 2721 2734 2784 nutris

490 2832 796 2888 censores,
858 2812 1001 2893 quis
1062 2833 1253 2873 sanae
1312 2811 1544 2873 inentis
1612 2810 2058 2873 confitebitur?
2148 2809 2506 2889 Praecipias
2570 2807 2734 2884 licet,

494 2918 719 2977 urgeas
784 2903 849 2960 et
915 2920 1180 2979 premaS,
1253 2918 1367 2977 ego
1434 2895 1700 2960 Morium
1771 2896 2245 2977 Morianamque
2314 2894 2736 2971 Thelasinam,

492 2982 758 3046 virosam
809 2982 1311 3063 virulentamque
1356 2983 1588 3065 lupam,
1631 2979 1936 3045 Cotilum³
1982 2987 2045 3045 et
2091 2980 2446 3044 consimiles
2480 2981 2734 3043 deorum

490 3074 751 3151 nepotes
816 3069 1207 3150 respiciens⁰
1270 3069 1538 3132 tacenda
1595 3091 1730 3131 esse
1791 3089 2014 3131 censeo
2078 3088 2202 3129 non
2262 3068 2462 3144 solum
2522 3066 2737 3147 gravia

490 3152 789 3233 facinora,
836 3156 945 3218 sed
991 3156 1177 3218 etiam
1239 3155 1558 3218 levissima
1615 3175 1920 3236 quaeque,
1986 3154 2200 3235 qualia
2257 3157 2406 3216 sunt
2467 3152 2735 3215 veneria.

488 3238 649 3303 Nam
696 3242 750 3303 si
796 3242 937 3324 quis
984 3240 1377 3305 Thelesinam
1427 3240 1704 3304 futueret
1749 3241 2038 3323 quamvis
2083 3240 2468 3321 prurientem
2512 3236 2737 3301 catuli-

488 3330 839 3408 entemque,
896 3350 927 3391 e
981 3328 1249 3410 vestigio
1284 3338 1308 3367 ⁰
1360 3349 1503 3390 reus
1558 3327 1736 3390 fieret
1789 3326 2132 3389 ineluibilis
2187 3325 2426 3406 culpae.
2461 3324 2484 3363 f
2569 3324 2738 3386 Bene

489 3414 713 3477 suadet
759 3414 1023 3478 Seneca:
1091 3414 1306 3496 „Quod
1353 3414 1618 3477 tacitum
1668 3435 1800 3476 esse
1852 3413 1962 3484 vis,
2009 3413 2246 3474 nemini
2301 3408 2630 3477 dixeris“.⁴
2675 3415 2738 3471 et-

489 3498 807 3563 Tibullus:
863 3500 1017 3583 „Qui
1064 3503 1247 3583 sapit,
1295 3501 1358 3563 in
1407 3501 1602 3563 tacito
1651 3500 1928 3581 gaudeat
1956 3499 2060 3561 ille
2092 3496 2298 3574 sinu“‚
2343 3496 2734 3578 Propertius:

494 3586 597 3669 „In
645 3588 843 3651 tacito
894 3587 1116 3651 cohibe
1175 3587 1408 3667 gaudia
1472 3585 1644 3649 clusa
1713 3588 1917 3659 sinu“‚
1988 3583 2283 3647 Ovidius:
2359 3583 2738 3665 „Praecipue

622 3753 651 3781 α
678 3739 726 3791 ci
759 3744 822 3792 st.
860 3739 917 3791 ti.
1040 3743 1067 3780 b
1096 3737 1420 3805 Quanquam.
1547 3752 1570 3778 0
1599 3736 1640 3789 ti
1675 3742 1737 3788 st.
1777 3737 1838 3789 ci.
1964 3739 1992 3777 d
2021 3739 2284 3803 tanquam.
2333 3749 2336 3752 ·
2418 3748 2442 3775 Θ
2470 3730 2734 3801 evestigio.

493 3810 515 3851 f
537 3807 721 3861 Dieser
757 3808 888 3861 Satx
919 3807 1044 3875 fehlt
1078 3807 1160 3859 bei
1197 3808 1341 3859 Tem.

627 3880 644 3909 ¹
679 3876 815 3931 Hist.
853 3881 956 3932 nat.
994 3877 1062 3943 II,
1099 3878 1181 3939 63,
1220 3876 1336 3929 154.
1407 3874 1505 3927 Die
1542 3873 1660 3942 folg.
1701 3874 1892 3927 Citate:
1929 3874 2080 3927 Lucr.
2119 3872 2190 3939 II,
2227 3873 2325 3925 597
2362 3888 2438 3939 sq.
2477 3870 2574 3923 Ov.
2612 3869 2734 3922 Met.

486 3944 527 4009 I,
564 3946 679 4001 393.
787 3948 808 3979 ²
840 3947 963 4001 Juv.
1000 3946 1065 4013 V,
1107 3946 1220 3997 146.
1258 3944 1407 3997 Mart.
1448 3944 1542 4009 ΙΙΙ,
1581 3944 1662 3998 60.
1792 3945 1812 3975 ³
1845 3943 1895 3997 S.
1934 3943 2000 3996 62
2035 3946 2096 3996 A.
2136 3942 2182 3993 2.
2254 3941 2451 4003 Lotius,
2489 3941 2573 3993 ein
2609 3938 2737 3990 hab-

486 4015 759 4083 siichtiger
793 4016 899 4067 und
936 4014 1399 4082 schwelgerischer
1424 4012 1743 4065 Geistlicher
1776 4013 1830 4064 in
1867 4011 2094 4064 Mutians
2119 4011 2448 4079 Umgebung,
2477 4007 2738 4061 erscheint

486 4100 588 4136 von
628 4085 935 4137 vornherein
970 4084 1047 4137 als
1084 4086 1269 4136 dessen
1304 4083 1689 4149 Hauptgegner,
1742 4081 2059 4143 namentlich
2099 4080 2223 4131 aber
2258 4079 2328 4130 im
2365 4080 2412 4132 J.
2457 4078 2606 4141 1512,
2658 4092 2737 4127 wo

486 4169 543 4204 er
579 4152 689 4205 ihm
728 4154 843 4206 eine
882 4153 1198 4206 Gothaische
1236 4152 1465 4204 Pfriinde
1490 4152 1908 4217 wegsclmappte.
1966 4150 2119 4202 Auch
2144 4165 2244 4201 von
2272 4149 2414 4199 einer
2439 4145 2735 4199 Zuhiilterin

487 4221 677 4288 (Delia,
716 4223 786 4274 im
824 4222 941 4290 solg.
980 4222 1087 4287 ΒΓ.)
1124 4222 1279 4273 weiss
1315 4221 1517 4273 Mutian
1545 4221 1649 4271 und
1687 4236 1743 4271 er
1778 4220 2030 4271 schildeit
2065 4218 2141 4269 sie
2178 4217 2390 4269 {ihnlich
2427 4216 2518 4267 der
2553 4213 2736 4267 Thele-

485 4292 600 4343 sina
635 4292 728 4343 des
766 4292 941 4344 Morus
977 4293 1050 4352 (S.
1089 4290 1153 4343 38
1192 4296 1250 4344 A.
1289 4290 1359 4359 4).
1503 4292 1523 4321 4
1559 4290 1636 4341 De
1673 4289 1851 4341 morib.
1895 4289 1956 4340 16
1995 4288 2108 4355 (Ed.
2159 4286 2345 4353 Haase,
2393 4284 2530 4351 Lips.
2589 4283 2735 4349 1853,

485 4360 579 4423 III,
615 4361 753 4429 462).
809 4361 906 4413 Die
944 4362 1060 4427 folg.
1100 4360 1291 4412 Citate:
1327 4358 1434 4412 Tib.
1474 4358 1564 4421 Ν,
1609 4360 1684 4417 13,
1721 4358 1768 4411 8.
1829 4358 1978 4425 Prop.
2007 4357 2102 4423 Ill,
2133 4357 2210 4420 19,
2248 4355 2328 4408 30.
2387 4353 2481 4406 Ov,
2509 4357 2608 4405 Ars
2633 4368 2734 4406 am.

484 4428 553 4496 11,
577 4429 693 4483 607.
744 4429 891 4484 Rem.
930 4434 991 4485 A.
1028 4431 1143 4484 642.
1194 4428 1315 4482 Hor.
1344 4428 1437 4495 Ep.
1470 4430 1509 4495 1,
1539 4427 1617 4495 18,
1645 4430 1724 4481 37.
1774 4426 1895 4481 Juv.
1925 4426 2049 4493 11,8
2069 4442 2144 4493 sq.
2194 4424 2392 4491 Symm.
2417 4423 2510 4489 Ep.
2533 4422 2624 4488 IV,
2649 4420 2734 4473 64.
