3084 4895
1221 390 1432 451 Mutian
1467 413 1534 451 an
1574 389 1776 452 Urban.
2504 396 2625 467 221

365 572 523 635 tiam
572 570 882 634 sermonis
943 590 1084 631 curn
1141 589 1386 631 morum
1451 568 1783 648 dispendio
1843 589 1969 631 non
2032 572 2239 631 mutes
2284 574 2348 632 et
2393 572 2633 633 renatis

367 658 710 736 unctisque
759 654 1116 717 fraterculis
1161 654 1538 716 satisfacias.
1635 653 2015 733 Epistolium
2073 654 2231 715 illud
2294 658 2628 719 erraticum

369 766 447 805 ne
493 742 668 823 legas
715 740 1038 816 vultuose3
1086 739 1167 801 ab
1201 738 1459 801 Urbano
1494 738 1658 800 forte
1686 749 1714 776 ⁸
1745 740 2029 813 missum,
2063 739 2143 800 ad
2178 740 2441 802 eundem
2480 764 2629 803 casu

369 829 610 891 datum.
709 825 798 886 De
844 824 1212 904 frugalitate
1259 824 1420 886 bene
1453 824 1669 885 sentis,
1762 823 2022 886 Utinam
2072 824 2227 887 haec
2263 826 2461 887 virtus
2510 849 2633 889 non

371 916 718 974 verteretur
751 911 815 972 in
850 911 1166 973 luxuriam
1203 909 1283 971 ab
1313 908 1430 984 his,
1458 909 1568 987 qui
1603 907 1839 971 Christi
1876 930 2181 989 pauperes
2211 911 2634 992 appellantur.

371 1000 432 1060 in
469 998 734 1059 caritate
779 995 1046 1067 debiles,
1096 995 1160 1056 in
1192 996 1562 1074 arrogantia
1606 994 1874 1068 robusti,
1922 994 2212 1057 doctrina
2242 995 2431 1071 leve-3,
2480 1020 2629 1059 con-

369 1081 638 1145 scientia
699 1102 942 1161 graves,
1043 1079 1166 1141 Sed
1225 1080 1381 1141 haec
1427 1100 1727 1160 quorsum
1776 1078 2025 1160 allego?
2112 1079 2247 1161 Ego
2310 1082 2505 1158 vale0‚
2562 1088 2633 1145 tu

383 1168 612 1231 valeas,
712 1165 831 1249 „Et
877 1166 1028 1247 quia
1077 1186 1200 1227 non
1251 1164 1430 1245 potui
1476 1165 1811 1226 temeraria
1858 1166 2080 1227 sistere
2126 1165 2378 1239 verba“,
2428 1174 2501 1229 ut
2544 1170 2641 1231 in-

370 1254 515 1334 quit
547 1252 872 1328 SidoniuS,
914 1250 1104 1328 „haec
1136 1271 1288 1331 rogo
1323 1272 1399 1312 ne
1433 1248 1688 1311 dubites
1738 1250 1903 1312 lecta
1936 1250 2144 1313 dicare
2174 1254 2415 1331 rog0.“'
2470 1253 2637 1335 Rap-

379 1340 514 1401 tim.
606 1338 720 1400 Die
764 1335 1091 1399 Laurentii
1139 1335 1433 1398 cratiferi.
1527 1334 1713 1397 Anno
1758 1334 1901 1397 XII.
1942 1340 2087 1415 post
2134 1336 2455 1399 volumina
2502 1361 2640 1401 sae-

368 1424 654 1486 culorum
701 1421 828 1484 XV.

681 1521 804 1575 Cod.
843 1520 980 1573 Frcf.
1019 1520 1136 1577 243.

374 1708 614 1778 (Gotha.)
1441 1692 1583 1755 172.
2062 1718 2133 1775 (n.
2175 1706 2254 1760 10.
2292 1709 2425 1777 Aug.
2466 1710 2638 1777 1512.)

1131 1818 1424 1888 Mutian
1468 1839 1568 1888 an
1611 1816 1893 1887 Urban.

371 1946 506 2011 (Der
539 1946 699 1999 stolxe
734 1946 974 2001 Harbord
1005 1947 1274 2010 verachtet,
1311 1946 1586 1999 Excutiat
1615 1946 1899 2013 yeworden,
1926 1946 2146 1999 Madian
2168 1947 2284 1999 und
2303 1948 2643 2001 unterdricekt

371 2015 476 2066 den
513 2014 1043 2083 Empfelzlunysbrch
1067 2030 1143 2067 cm
1175 2016 1275 2067 den
1308 2015 1621 2067 erlorankten
1656 2014 1937 2068 Bicrmost.
2010 2014 2292 2082 Warmmy
2312 2033 2405 2067 vor
2423 2016 2642 2068 Musar-

371 2084 492 2135 ἀπε.
575 2082 765 2137 Latius
816 2084 910 2135 hat
964 2088 1100 2136 trotx
1149 2084 1236 2135 des
1299 2082 1695 2135 Widerstoendes
1746 2084 1838 2135 der
1895 2084 2183 2136 Senatoren
2248 2084 2473 2137 colonus
2530 2085 2647 2137 und

374 2151 632 2218 Hartunq
665 2152 747 2205 im
785 2153 973 2205 Senate
1006 2152 1134 2204 iiber
1168 2152 1416 2204 Matiane
1451 2169 1569 2203 vom
1606 2151 1933 2218 Kurfic'rsteoz
1985 2152 2293 2204 verlielaenes
2342 2154 2501 2205 Rechi
2544 2154 2645 2205 den

1209 2220 1331 2287 Βίῳ
1365 2220 1819 2287 davonyetrayen.)

1132 2333 1214 2384 Η.
1249 2333 1507 2384 Urbano
1542 2334 1633 2384 M.
1667 2332 1893 2383 Rufus,

583 2442 653 2508 Si
687 2442 880 2520 vales,
909 2443 1106 2507 valeo.
1185 2443 1367 2520 Quod
1399 2444 1803 2508 Herebordus
1836 2443 2247 2508 cunctantius
2278 2444 2642 2524 respondet,

377 2549 632 2592 causam
681 2529 781 2592 vel
826 2530 1087 2593 silenter
1151 2530 1474 2612 intelligis.
1567 2530 1870 2594 Evilescit
1932 2529 2099 2611 apud
2166 2550 2307 2592 eum
2377 2530 2640 2606 amicuS,

374 2616 717 2696 postquam
787 2615 1058 2679 honores
1126 2619 1373 2698 accepit
1437 2613 1790 2679 licentiae.²
1881 2614 2047 2690 Quid
2092 2614 2396 2693 facturuS‚
2445 2616 2499 2678 si
2544 2616 2643 2677 in—

375 2697 564 2762 dultu
629 2700 880 2782 collegii
945 2701 1302 2765 Biermosto
1377 2702 1797 2766 successerit?
1885 2700 2085 2763 Nemo
2153 2704 2442 2764 nostrum
2511 2722 2638 2763 non

379 2784 500 2860 erit
566 2785 987 2866 despicabilis,
1081 2785 1208 2850 Sed
1275 2787 1603 2868 superbiat
1668 2791 1733 2850 et
1798 2807 1915 2850 nos
1983 2807 2063 2848 ne
2130 2786 2311 2848 flocci
2380 2786 2636 2866 quidem

379 2867 593 2949 faciat,
661 2873 1004 2935 dummodo
1072 2873 1377 2936 studiosis
1445 2874 1529 2936 sit
1594 2873 1789 2935 utilis,
1881 2871 2092 2934 Habet
2157 2893 2333 2934 meas
2403 2892 2513 2952 pro
2574 2893 2643 2934 se

377 2955 596 3018 literas
640 2957 720 3019 ad
766 2956 1212 3036 Biermostum,
1277 2979 1438 3038 quas
1486 2962 1640 3038 puto
1686 2961 1761 3021 ut
1811 2957 2049 3020 nullius
2117 2957 2435 3020 efficaciae
2500 2979 2649 3038 sup-

380 3038 648 3124 primit.³
739 3041 859 3117 Qui
916 3043 1206 3124 garriunt
1259 3065 1444 3124 agere
1505 3045 1803 3122 animam,
1858 3043 2001 3124 plus
2056 3043 2269 3105 sciunt
2314 3042 2390 3105 de
2435 3042 2641 3106 alieno

382 3147 572 3206 quam
633 3127 828 3190 frater
874 3127 949 3191 de
993 3130 1204 3192 fratre.
1296 3129 1456 3192 Nam
1531 3129 1921 3209 Hartungus‚
1991 3127 2329 3190 Biermosti
2398 3126 2643 3204 fratem*

379 3211 564 3274 alit-er
608 3213 906 3294 loquitur.
998 3214 1370 3290 Quaestioni
1435 3222 1585 3278 tuae
1652 3215 1890 3277 Paulus
1958 3212 2198 3276 noster⁶
2267 3212 2639 3290 satisfaciet,

383 3297 571 3360 homo
617 3299 857 3378 peritus
903 3300 1278 3376 fabularum,
1327 3321 1487 3381 quas
1534 3299 1759 3363 diebus
1806 3299 1987 3362 festis
2031 3299 2187 3379 legit
2230 3299 2527 3379 privatim
2576 3303 2642 3363 et

384 3384 564 3445 audit
609 3385 876 3465 publice.
973 3385 1305 3466 Disputavi
1338 3407 1480 3449 cum
1515 3407 1607 3448 e0.
1684 3385 2056 3448 Numeravit
2087 3385 2153 3446 in
2186 3384 2405 3465 digitis
2440 3406 2643 3448 annos

383 3470 522 3530 aevi
568 3467 856 3533 Mariani.
946 3471 1258 3534 Dissentit
1302 3471 1382 3534 ab
1430 3468 1739 3535 Emser0.⁶
1829 3468 2049 3532 Testes
2109 3491 2263 3532 suae
2323 3469 2643 3550 opinionis

385 3575 650 3634 rugosos
715 3556 890 3618 velut
935 3578 967 3618 e
1015 3556 1171 3619 cella
1240 3579 1458 3620 caseos
1524 3557 1777 3638 promit,
1847 3556 2083 3637 quibus
2148 3575 2265 3635 ego
2334 3556 2386 3616 si
2454 3553 2642 3618 fidem

385 3639 777 3721 abrogarem,
847 3641 1154 3704 indiceret
1219 3643 1375 3705 mihi
1442 3643 1734 3724 protinus
1787 3641 2099 3723 jejunium
2169 3645 2232 3702 et
2301 3639 2459 3703 nibil
2518 3641 2647 3705 cibi

391 3726 775 3789 ministraret
809 3726 1184 3808 castigando
1235 3749 1331 3790 me
1375 3728 1783 3809 parsimonia.
1862 3727 1974 3789 Die
2008 3727 2327 3788 Laurentii
2363 3726 2647 3790 redditae

385 3816 539 3873 sunt
604 3811 885 3874 Musardi
953 3814 1156 3876 nostri
1217 3812 1453 3890 literae,
1515 3835 1677 3894 quas
1731 3834 1874 3874 cum
1940 3813 2058 3874 hac
2118 3812 2391 3893 epistola
2451 3834 2646 3894 copu-

387 3941 522 3948 ———-

523 4010 551 4037 ⁸
577 3998 774 4050 fortean
817 3997 965 4050 Temo.

528 4067 545 4096 ¹
583 4067 663 4117 Ad
701 4065 861 4120 Prisc.
899 4066 1077 4119 Valer.
1116 4082 1274 4120 carm.
1308 4069 1356 4119 3.
1407 4065 1502 4119 Ed.
1539 4065 1714 4131 Baret‚
1751 4065 1917 4120 Paris,
1957 4064 2105 4131 1879,
2143 4081 2191 4132 p.
2212 4064 2331 4118 492.
2473 4066 2494 4096 ²
2529 4063 2647 4132 Vgl.

388 4132 438 4186 S.
479 4133 576 4186 217
614 4136 675 4188 A.
718 4136 764 4188 1.
873 4137 894 4166 ⁸
927 4135 1046 4203 Vgl.
1097 4133 1146 4188 S.
1187 4134 1286 4188 217
1324 4139 1386 4189 A.
1425 4138 1472 4189 5.
1585 4135 1605 4167 ⁴
1639 4135 1757 4188 Joh.
1798 4135 2051 4201 Hartung,
2089 4132 2510 4200 Biirgermeister
2544 4149 2648 4185 von

389 4201 560 4254 Gotha
599 4204 951 4258 1507—1511.
1024 4203 1342 4272 Sagittar.
1380 4204 1518 4257 Hist.
1541 4203 1693 4256 Goth.
1733 4204 1811 4258 ed.
1833 4203 1983 4254 Tenz.
2023 4219 2071 4268 p.
2092 4204 2208 4255 376.
2265 4201 2335 4252 Er
2370 4217 2479 4254 war
2512 4201 2650 4253 nach

387 4269 474 4325 ΒΓ.
514 4270 611 4324 261
652 4272 744 4323 des
779 4272 900 4326 Cod.
941 4272 1025 4323 ein
1062 4271 1246 4324 Vetter
1283 4273 1484 4341 (frater)
1523 4271 1825 4324 Biermosts,
1935 4274 1956 4302 ὅ
1983 4270 2033 4324 S.
2056 4271 2123 4322 24
2142 4273 2201 4324 A.
2224 4271 2270 4324 3.
2378 4271 2401 4301 ⁶
2438 4269 2647 4323 Hieron.

387 4343 589 4408 Emser,
627 4342 720 4393 der
754 4345 956 4408 spatere
993 4341 1198 4408 Gegner
1233 4341 1474 4394 LutherS.
1548 4341 1620 4392 Ει·
1654 4340 1862 4392 schrieb
1899 4340 1983 4390 fiir
2018 4339 2102 4390 die
2140 4337 2517 4391 Kanonisation
2555 4337 2649 4390 des

390 4411 464 4464 hl.
502 4411 684 4463 Benno
725 4411 872 4478 1505,
910 4410 1017 4461 und
1055 4411 1241 4462 dessen
1275 4409 1454 4462 Leben
1492 4409 1639 4462 1512.
