3084 4895
436 331 562 396 170
1215 337 1390 394 Briefe
1423 353 1526 394 von
1568 337 1923 392 1509—1511.

437 505 592 570 tiam
665 505 878 568 favore
926 509 992 570 et
1035 506 1404 584 ambitione,
1471 528 1603 570 non
1666 511 1799 572 tam
1846 509 2204 591 praeterito
2260 529 2449 590 quam
2515 509 2703 574 simul

441 594 692 671 arrepto
739 590 988 655 baculo.
1054 591 1302 656 Poteris
1333 596 1397 655 et
1427 596 1522 670 tu,
1572 591 1627 656 si
1652 593 1815 674 juris
1847 593 2061 657 studio
2094 593 2393 657 sufficies.
2466 594 2703 660 Tamen

444 677 674 756 ingens
721 676 1086 740 adhibenda
1129 677 1480 742 meditatio.
1572 677 1881 744 Viriculas
1926 682 2073 742 tuas
2118 680 2408 742 aestima.
2478 679 2703 744 Status

440 763 534 824 tui
581 762 893 824 rationem
938 763 1120 825 habe.
1211 763 1284 824 In
1325 766 1596 844 utroque
1646 785 1876 842 magna
1921 763 2181 828 solertia
2226 765 2558 828 consistat.
2629 764 2699 830 Si

440 846 732 928 publicus
793 847 1012 911 doctor
1073 848 1214 924 aris,
1271 848 1383 911 ubi
1445 848 1611 926 libri,
1668 849 1777 930 qui
1835 853 1988 912 sunt
2050 849 2345 913 infiniti?
2432 850 2703 914 Latinus

441 933 608 994 inter
663 931 968 995 barbaros
1022 933 1369 996 versabere.
1463 933 1578 994 Est
1638 933 1803 996 inter
1860 931 2298 997 Schurlinum¹
2372 941 2436 998 et
2484 935 2704 1000 Valen-

447 1015 684 1081 tinum²
733 1017 1064 1082 dissensio.
1157 1017 1325 1081 Sunt
1370 1021 1434 1080 et
1465 1017 1575 1080 alii
1618 1018 1907 1100 capitosi.
2000 1019 2307 1084 Garriunt
2349 1041 2464 1084 suo
2511 1042 2701 1098 more,

439 1125 507 1165 se
551 1107 770 1164 amant
823 1124 1061 1166 omnes.
1156 1102 1313 1165 Aliis
1372 1103 1663 1166 invident
1729 1104 1963 1167 omnia.
2071 1103 2375 1166 Scribunt
2438 1106 2705 1170 consilia

441 1191 506 1250 et
551 1187 930 1268 profitentur
974 1188 1264 1271 exemplo
1297 1188 1659 1262 Baldorum‚
1706 1189 1834 1252 imo
1873 1188 2236 1252 Balborum.
2304 1189 2701 1272 Quamquam

439 1294 583 1355 spes
628 1272 714 1334 sit
760 1294 884 1336 non
933 1273 1146 1350 dubia,
1209 1279 1273 1336 te
1319 1272 1450 1337 fore
1517 1275 1868 1355 praelatum
1932 1274 2377 1338 canonicorum
2431 1277 2704 1339 Witten-

441 1358 873 1440 burgensium,
943 1358 997 1419 si
1043 1358 1562 1440 perseveraveris,
1658 1359 2002 1422 Institutae
2060 1363 2212 1422 sunt
2274 1361 2441 1422 enim
2489 1362 2705 1425 multi-

435 1443 684 1526 jugae·
743 1443 1191 1525 praefecturae.
1285 1444 1380 1506 Ad
1442 1445 1654 1507 aulam
1708 1465 1857 1508 vero
1919 1445 2197 1528 pertinet
2256 1465 2385 1508 non
2443 1446 2705 1510 omnino

441 1530 531 1592 ita
577 1529 805 1604 vivere,
851 1532 925 1592 ut
968 1529 1156 1592 vivis:
1205 1533 1378 1593 totos
1425 1529 1562 1591 dies
1608 1528 2035 1607 sedereinter
2078 1551 2327 1611 pueros),
2372 1553 2703 1614 nunquam

443 1614 617 1678 exire
663 1614 938 1694 dareque
984 1614 1182 1678 otium
1231 1613 1713 1697 reprehenditur
1758 1638 1798 1678 a
1827 1616 2095 1680 nasutis.
2186 1615 2394 1698 Regat
2439 1616 2703 1682 obsecro

446 1697 738 1781 pappas.²
830 1699 1196 1783 Principum
1245 1699 1361 1763 filii
1417 1700 1608 1780 longe
1653 1701 1779 1764 alia
1811 1700 1935 1778 via,
1999 1721 2190 1782 quam
2236 1704 2310 1764 tu
2352 1703 2527 1780 teria,
2574 1701 2701 1766 for-

441 1785 660 1849 mandi
717 1788 885 1848 sunt.
978 1784 1118 1848 Non
1185 1786 1316 1848 sint
1374 1783 1691 1848 monachi.
1782 1783 2013 1850 Vereor
2082 1786 2369 1864 nimium,
2438 1809 2515 1848 ne
2560 1788 2703 1872 plus

446 1870 654 1934 oneris
701 1891 933 1945 sumam,
983 1892 1173 1952 quam
1221 1869 1382 1933 ferre
1426 1870 1659 1934 valeas,
1754 1869 1824 1934 Si
1869 1872 2109 1934 siccum
2156 1877 2219 1934 et
2252 1872 2551 1950 frigidum
2598 1895 2701 1936 ce-

441 1956 690 2020 rebrum
740 1977 870 2019 non
916 1955 1071 2019 sinit
1117 1963 1180 2018 te
1225 1955 1532 2039 ampliora
1578 1955 1840 2032 discere,
1889 1957 1952 2018 in
1990 1977 2063 2019 eo
2096 1977 2221 2037 quo
2256 1979 2321 2020 es
2353 1961 2529 2020 statu
2562 1980 2701 2040 per-

440 2063 721 2112 maneaS,
770 2063 848 2102 ne
894 2042 1085 2104 cadas
1130 2041 1194 2103 in
1245 2041 1622 2105 vecordiam.
1714 2039 1915 2104 Nosse
1960 2063 2027 2104 se
2060 2041 2266 2123 ipsum
2312 2043 2517 2124 prima
2564 2042 2702 2106 laus

440 2131 556 2200 est,
605 2147 732 2190 non
780 2128 1105 2208 superbire
1159 2126 1457 2203 secunda,
1525 2148 1655 2189 non
1720 2148 1856 2189 esse
1918 2127 2431 2209 superstitiosum
2492 2129 2703 2191 tertia.

440 2213 610 2276 Haec
656 2212 780 2274 tria
826 2213 937 2294 qui
972 2233 1097 2275 non
1130 2212 1524 2294 expendunt,
1572 2232 1759 2292 saepe
1792 2211 1959 2278 fiunt
1990 2212 2219 2289 insani,
2266 2213 2704 2278 intolerabiles

439 2302 504 2362 et
547 2298 628 2360 ob
675 2298 1094 2374 anxietatem,
1153 2318 1345 2378 quam
1409 2297 1692 2361 acediam
1761 2301 1997 2361 vocant
2067 2296 2370 2380 theologi,
2434 2299 2702 2362 ridiculi.

440 2383 536 2446 Tu
580 2387 847 2447 naturae
892 2382 1080 2446 bonis
1126 2387 1303 2446 utere
1349 2387 1414 2446 et-
1460 2381 1720 2445 valebiS.

746 2483 868 2537 Ood.
905 2482 1039 2536 Frcf.
1076 2483 1158 2537 96.

450 2620 684 2690 (Gotha.)
1504 2603 1646 2667 134.
2327 2620 2372 2670 1.
2409 2618 2517 2671 Mai
2555 2619 2704 2672 1510.

1132 2710 1422 2781 Mutian
1465 2731 1565 2780 an
1609 2707 2015 2797 PetrejuS.³

441 2842 850 2908 (Glaekuunsch
883 2857 988 2893 zur
1034 2838 1246 2893 Wiener
1279 2839 1435 2892 Reise
1467 2840 1555 2891 des
1588 2838 1840 2891 Bruders.
1900 2837 2149 2905 Austray,
2186 2838 2325 2891 nack
2357 2837 2503 2891 einer
2539 2855 2707 2891 netum

958 2908 1164 2975 Schrift
1196 2908 1283 2960 dea
1331 2908 1711 2961 Volaterrana-9
1745 2906 2183 2971 ummo-schanan.)

1033 3020 1284 3080 Petrejo
1321 3020 1735 3080 Aper-baccho
1772 3020 1861 3069 M.
1896 3018 2119 3069 Busae.

654 3115 721 3178 S.
811 3114 1032 3177 Frater
1079 3118 1229 3177 tuus
1277 3113 1507 3177 Bacchi
1565 3112 1785 3175 urbem
1846 3113 2026 3194 petit,
2092 3112 2187 3175 uti
2234 3110 2387 3175 mihi
2452 3110 2705 3186 dicitur,

577 3265 606 3292 a.
635 3249 958 3315 multivagae
998 3247 1146 3300 Tenz.

585 3304 602 3332 ¹
639 3317 923 3383 Christoph
964 3314 1204 3380 Scheurl,
1253 3313 1389 3366 Prof.
1429 3315 1521 3366 der
1554 3314 1756 3365 Rechte
1791 3312 1843 3363 in
1882 3312 2226 3379 Wittenberg.
2300 3312 2321 3343 ²
2338 3310 2709 3363 Anscheinend

445 3387 529 3438 ein
565 3386 866 3437 Wittenber
901 3401 958 3436 er
989 3383 1174 3436 Jurist.
1246 3383 1394 3435 Doch
1431 3384 1498 3435 da
1532 3398 1591 3434 es
1624 3381 1763 3433 nach
1798 3381 2253 3445 For-stemann,
2288 3379 2406 3431 Alb.
2428 3378 2577 3431 Witt.
2600 3380 2709 3431 und

443 3456 492 3507 J.
533 3454 798 3521 Zanger,
897 3452 1028 3505 ratio
1064 3451 1257 3505 saecul.
1302 3450 1356 3501 in
1393 3451 1538 3504 acad.
1576 3450 1731 3501 Witt.
1770 3448 1978 3516 collegii
2006 3447 2223 3515 juridici
2267 3447 2476 3499 nomine
2511 3447 2706 3500 habita.

439 3522 636 3575 Witeb.
683 3522 815 3575 1602
863 3520 1051 3573 keinen
1090 3520 1183 3573 des
1219 3520 1546 3571 Vol-nameus
1582 3518 1739 3585 giebt,
1778 3532 1835 3569 so
1869 3517 1941 3569 ist
1976 3518 2069 3569 der
2116 3516 2220 3568 Erf.
2255 3515 2290 3567 J
2294 3516 2426 3568 urist
2460 3514 2708 3567 Valentin

438 3592 473 3644 J
475 3606 800 3657 ungermann
834 3605 930 3641 aus
959 3588 1143 3639 Zerbst
1179 3603 1246 3639 zu
1263 3587 1558 3649 verstehen,
1579 3588 1672 3639 der
1689 3586 1745 3637 in
1775 3585 1876 3636 den
1903 3585 1988 3651 fig.
2018 3585 2103 3636 Br.
2141 3584 2396 3637 Cerberus
2426 3582 2709 3650 (Zerbster)

439 3661 669 3727 genannt
714 3658 859 3709 wird.
908 3656 1024 3723 Vgl.
1069 3655 1122 3709 S.
1167 3657 1266 3707 173
1300 3657 1366 3706 A.
1403 3657 1450 3709 6.
1595 3658 1615 3687 ²
1650 3654 1758 3705 Der
1793 3653 1897 3705 alte
1953 3652 2409 3705 Oberhofmeister.
2465 3651 2549 3703 Br.
2595 3653 2707 3703 115.

448 3730 560 3781 116.
671 3728 692 3757 ³
726 3725 778 3779 S.
816 3726 881 3777 97
918 3727 981 3777 A.
1022 3726 1066 3777 1.
1140 3723 1274 3791 Irrig
1307 3722 1381 3775 ist
1417 3723 1502 3775 die
1535 3723 1691 3775 Notiz
1727 3720 1814 3773 bei
1860 3720 2101 3773 Bockin
2148 3762 2161 3777 .
2208 3720 2336 3786 Opp.
2375 3720 2524 3771 Hutt.
2562 3719 2603 3783 Ι,
2643 3720 2707 3771 21

440 3801 614 3859 Anm.,
652 3795 773 3846 dass
809 3793 894 3851 ein
928 3792 1015 3847 Br.
1063 3792 1156 3845 des
1192 3790 1432 3857 Petrejus
1483 3807 1551 3842 an
1592 3789 1793 3842 Vadian
1841 3805 1963 3841 vom
1999 3790 2045 3842 2.
2144 3789 2195 3841 ai
2234 3789 2369 3841 1510
2419 3802 2516 3840 aus
2550 3787 2712 3839 Wien

446 3861 797 3932 (Vindobona)
837 3860 1026 3913 datiert
1061 3860 1154 3927 sei,
1191 3874 1302 3911 was
1337 3858 1437 3909 mit
1471 3859 1594 3910 dem
1613 3858 1811 3910 Datum
1838 3856 2027 3925 obigen
2050 3857 2155 3922 Br.,
2194 3857 2286 3907 der
2310 3856 2396 3909 die
2422 3858 2708 3907 Anwesen-

447 3932 559 3985 hoit
594 3931 687 3983 des
722 3929 964 3996 Petrejus
999 3929 1055 3980 in
1089 3928 1268 3981 Erfurt
1302 3929 1647 3989 voraussetzt,
1696 3924 1847 3977 nicht
1882 3926 2133 3977 stirnmen
2169 3924 2363 3976 wiirde.
2436 3923 2713 3975 VioLmehr

448 4002 615 4053 lautet
651 3998 736 4051 die
772 3996 1129 4050 Unterschrift
1163 3997 1256 4048 des
1291 3994 1407 4047 Br.:
1445 3995 1552 4046 »Ex
1568 3992 1803 4045 Timonio
1840 3997 2033 4045 nostro.
2070 3992 2297 4059 Raptim.
2336 3992 2497 4044 Sexto
2532 3991 2711 4043 Nonas

454 4068 597 4136 Maji.
621 4069 773 4119 Anno
798 4064 1002 4117 MDX.<‹
1037 4064 1358 4132 (Mitteilung
1388 4064 1481 4115 der
1503 4062 1576 4115 St.
1600 4061 1842 4113 Gallener
1866 4060 2344 4128 Stadtbibliothek.)
2394 4062 2594 4111 Ausser
2610 4060 2711 4111 den

455 4154 559 4190 von
591 4134 827 4201 Booking
861 4134 1230 4201 ausgefiihrten
1264 4131 1476 4183 Briefen
1512 4148 1563 4184 v.
1602 4130 1649 4181 2.
1689 4129 1796 4181 Mai
1837 4129 1971 4181 1510
2008 4129 2243 4196 (Fa-fun),
2280 4144 2377 4179 aus
2414 4127 2623 4179 Olmiitz
2661 4143 2710 4179 v.

452 4208 530 4259 15.
557 4207 692 4270 Aug.
729 4220 780 4257 u.
813 4205 891 4254 11.
921 4201 1062 4268 Sept.
1101 4201 1250 4265 1510,
1287 4215 1382 4253 aus
1417 4200 1596 4251 Erfmt
1630 4215 1680 4249 v.
1700 4199 1747 4250 5.
1772 4196 1890 4249 Okt.
1915 4199 2044 4249 1511
2086 4196 2313 4265 (abgedr.
2345 4196 2430 4248 bei
2457 4194 2712 4262 Bocking)

452 4272 698 4326 samtlich
734 4286 801 4323 an
836 4271 1057 4335 Vadian,
1103 4269 1344 4321 befinden
1389 4267 1506 4320 sich
1556 4267 1649 4319 auf
1680 4266 1772 4317 der
1808 4265 2046 4317 Vadiana
2091 4266 2229 4317 noch
2280 4266 2316 4315 4
2348 4263 2711 4317 handschriffl.

460 4342 634 4397 Briefe
671 4340 764 4393 des
797 4339 1067 4406 Peneius:
1103 4337 1281 4391 Erfurt
1305 4337 1352 4390 7.
1372 4335 1484 4389 Juli
1509 4334 1661 4402 1512,
1697 4332 1835 4387 Rom
1860 4335 1940 4387 15.
1959 4332 2109 4400 April
2130 4332 2279 4400 1514,
2314 4332 2453 4385 Rom
2476 4332 2559 4388 10.
2577 4333 2711 4400 Aug.
