3084 4895
1176 380 1180 384 ,
1261 317 1472 372 Mutian
1509 335 1577 379 an
1616 321 1817 385 Urban.
2534 326 2657 392 135

400 490 553 554 huic
598 491 916 571 voluptati
963 493 1198 556 cedunt
1241 515 1480 556 merces
1525 497 1592 555 et
1636 492 1922 556 auctaria
1968 492 2261 555 dominae
2293 497 2670 558 cerussatae.

399 576 557 650 Quis
603 582 820 640 autem
870 578 1202 659 epistolam
1252 584 1426 642 tuam
1477 600 1603 640 non
1638 581 1894 640 censeat
1940 599 2076 640 esse
2121 576 2450 655 mellitam,
2497 580 2668 643 inta-

402 660 750 738 minatam,
816 683 1038 742 puram
1107 668 1359 746 putam,
1429 685 1627 744 quum
1686 663 1947 726 omnino
1992 667 2171 726 casta
2226 665 2311 726 sit
2360 664 2673 742 latinitas,

398 752 668 809 sanctus
715 748 951 812 candor
1011 750 1492 826 sententiarum,
1556 748 2005 829 conspicabilis
2063 748 2415 830 dispositio.
2506 751 2672 814 Nam

393 832 530 894 sive
575 854 676 894 me
723 833 1010 896 mandati
1069 835 1167 898 tui
1223 856 1610 911 commoneS,
1672 834 1803 898 sive
1868 838 2265 897 amusoteras
2326 834 2668 907 sciolorum

393 917 728 982 lectiones¹
797 919 1075 996 vellicaS,
1137 919 1270 982 sive
1325 943 1423 984 me
1483 919 1765 982 consulis
1828 919 1903 981 de
1949 940 2174 998 graeco
2238 927 2674 1002 praeceptore.

393 1003 645 1066 videtur
689 1003 889 1068 Musis
937 1027 1070 1066 eam
1121 1005 1516 1068 dictantibus
1565 1008 1849 1086 excepta.
1938 1005 2072 1085 Ego
2108 1025 2254 1067 vero
2305 1027 2381 1068 ne
2413 1006 2671 1087 longum

392 1087 641 1166 faciam,
691 1110 816 1151 non
868 1090 1146 1154 conabor
1190 1092 1367 1172 paria
1412 1089 1673 1166 referre,
1740 1090 1847 1152 sed
1895 1089 2136 1164 rudiuS‚
2196 1091 2395 1152 amice
2451 1095 2665 1158 tamen

394 1173 618 1238 dicam.
709 1173 1035 1238 Mandasti
1082 1176 1286 1254 nobie,
1351 1177 1436 1238 mi
1486 1174 1760 1246 Urbane,
1809 1180 1881 1238 ut
1926 1175 2283 1238 senecionis
2328 1176 2563 1256 gradus
2608 1179 2672 1240 in

395 1259 852 1339 Erphordianis
885 1261 1153 1324 aedibus
1185 1259 1441 1324 vestris²
1484 1262 1606 1324 tibi
1640 1261 2065 1341 assignandos
2096 1282 2402 1339 curarem,
2438 1263 2673 1341 quibus

397 1349 470 1407 tu
502 1344 741 1408 relictis
793 1351 1047 1409 tuorum
1096 1347 1523 1410 seditionibus
1572 1347 1855 1409 eruditae
1889 1347 2122 1427 quietis
2155 1345 2483 1427 fastigium
2521 1369 2671 1410 cou-

393 1431 743 1494 scendereS.
859 1431 1110 1512 Agnovi
1182 1432 1521 1495 honestum
1600 1432 2015 1512 propositum.
2105 1431 2198 1494 Eo
2265 1432 2535 1514 pedibus
2602 1433 2668 1496 in

391 1520 573 1578 tuam
625 1517 1030 1580 sententiam.
1081 1517 1246 1580 Novi
1280 1516 1550 1579 Vallium
1586 1517 2129 1598 pertinacissimas
2164 1517 2399 1580 sordes.
2445 1517 2676 1582 Pastor

399 1622 526 1664 non
577 1600 775 1665 habet
820 1602 1096 1684 aliquem
1163 1602 1381 1679 salem,
1445 1604 1623 1682 gregi
1670 1602 1945 1665 salillum
2004 1602 2407 1665 Herebordus
2468 1603 2671 1666 offert.

395 1684 520 1749 Sed
581 1708 738 1767 grex
797 1687 1294 1751 nauseabundus
1353 1709 1477 1750 non
1539 1688 1678 1751 vult
1725 1687 2045 1767 delingere
2102 1687 2437 1752 fastidiens
2498 1692 2673 1752 recta

397 1772 632 1836 studia.
725 1772 1108 1836 Adulatores
1156 1774 1380 1836 virosis
1446 1773 1998 1836 assentationibus
2059 1795 2243 1836 aures
2290 1771 2670 1853 Archigalli³

395 1859 783 1938 constipant.
881 1857 1085 1924 Nemo
1133 1859 1517 1922 frumentum
1567 1882 1604 1920 a
1650 1858 1820 1929 lolio
1869 1881 2081 1920 verum
2131 1857 2378 1932 afaISO,
2428 1858 2665 1922 bonum

396 1965 434 2006 a
481 1943 671 2019 ma10,
717 1965 1016 2040 aequum
1049 1945 1130 2007 ab
1179 1944 1400 2026 iniquo
1455 1909 2664 2026 secernit,mista241022usstdvov002⁴

394 2032 569 2104 sunt,
616 2029 799 2109 quasi
856 2017 1225 2112 φιλόιεὶκοι
1273 2031 1336 2092 111
1369 2030 1691 2111 pirateriO,
1740 2033 1804 2092 et
1836 2030 1984 2092 dum
2021 2029 2309 2092 certatim
2344 2030 2671 2124 diripiunt,

395 2119 718 2217 usurpant
764 2115 919 2178 illud
971 2116 1464 2197 Pythagoricum
1517 2121 1583 2178 et
1613 2114 2013 2177 Platonicum
2060 2103 2245 2175 κοινοῖ
2277 2135 2401 2196 qap
2432 2137 2513 2176 za
2545 2113 2673 2176 τῶν

393 2195 623 2284 φίλων.
721 2200 864 2262 Non
912 2207 1010 2264 est
1058 2200 1536 2277 monachoiQum
1581 2199 1689 2264 sed
1735 2202 2121 2281 piaedonum
2157 2200 2665 2262 contubernium.

395 2286 620 2367 Itaque
670 2290 732 2348 te
779 2286 1125 2367 adjuvandi
1171 2287 1569 2350 occasionem
1620 2285 1857 2348 nullam
1907 2285 2427 2366 praetermittam.
2486 2285 2671 2350 Nitar

399 2392 598 2453 prece,
664 2373 890 2453 pret-io,
950 2373 1142 2455 plana
1191 2378 1257 2435 et
1304 2373 1565 2434 sinistra
1631 2372 1749 2447 via,
1816 2374 1889 2434 ut
1940 2374 2005 2433 te
2060 2371 2360 2432 eximium
2420 2370 2667 2434 faciam.

397 2456 755 2537 Castigasti
801 2480 900 2521 me
949 2459 1157 2521 verbis
1205 2460 1364 2521 satis
1410 2457 1778 2521 incivilibus
1824 2461 1887 2519 et
1920 2457 2246 2534 aculeatiS,
2292 2458 2463 2537 quod
2498 2457 2671 2521 Ster-

399 2543 643 2605 cutium
694 2544 1062 2624 imprudens
1104 2545 1380 2607 laudavi.
1452 2542 1740 2620 Peccavi,
1774 2542 1994 2618 fateor,
2030 2543 2139 2605 sed
2172 2563 2297 2605 non
2333 2542 2666 2617 malitiose,

396 2628 583 2691 deum
633 2632 852 2692 testor.
948 2628 1173 2693 Merito
1221 2652 1318 2691 me
1365 2633 1437 2690 ut
1470 2627 1737 2691 bardum
1774 2632 1837 2690 et
1868 2628 2135 2691 stultum
2170 2627 2419 2691 Gothae
2464 2650 2670 2709 repre-

399 2713 734 2777 henderas.
829 2713 969 2776 Tuli
1018 2736 1285 2795 poenam
1336 2715 1653 2794 patienter
1697 2717 1762 2776 et
1808 2736 1944 2776 sum
1995 2714 2057 2776 in
2092 2712 2313 2777 multis
2357 2735 2483 2777 non
2532 2735 2667 2775 om-

399 2800 555 2862 nino
596 2800 1293 2881 circumspectissimus.
1343 2800 1479 2862 Hoc
1511 2800 1654 2863 ideo
1690 2800 1849 2875 dico,
1884 2803 1955 2861 ut
1988 2800 2173 2861 amici
2209 2799 2365 2861 vitia
2397 2798 2667 2875 noveriS‚

400 2906 529 2949 non
599 2885 823 2948 oderis.
937 2885 1098 2960 Quid
1169 2886 1470 2965 quaeris?
1575 2883 1726 2949 Seni
1796 2884 2114 2947 succedes
2218 2884 2315 2946 lta
2372 2884 2671 2965 polliceor

395 2970 695 3050 daboque
757 2991 1031 3051 operam,
1093 2974 1165 3033 ut
1235 2971 1409 3032 nulla
1469 2969 1584 3033 fiat
1643 2970 1708 3031 in
1764 2970 1936 3033 omni
1990 2970 2124 3031 vita
2193 2969 2669 3032 benevolentiae

393 3061 654 3118 nostrae
692 3054 962 3135 jactura.
1067 3056 1246 3132 Quod
1299 3059 1509 3117 autem
1576 3054 1696 3117 sub
1743 3054 2032 3117 barbaris
2079 3054 2484 3137 philosophis
2528 3054 2669 3117 bar-

395 3141 546 3203 bare
606 3139 1035 3222 philosophari
1107 3142 1384 3221 cogeris,
1447 3141 1500 3203 si
1559 3161 1837 3221 possem,
1909 3141 2303 3221 corrigerem.
2404 3138 2530 3203 Sed
2587 3139 2667 3201 do

402 3225 682 3289 salutare
725 3225 1091 3290 remedium.
1185 3226 1369 3288 Nunc
1431 3230 1528 3289 est
1589 3226 1867 3287 otiosum
1928 3226 2351 3289 intervallum.
2445 3224 2671 3287 Cessat

395 3311 632 3373 clamor
677 3311 1078 3393 pulpitarius.
1171 3310 1509 3373 Feriantur
1557 3309 1901 3392 sophistae.
1997 3311 2241 3373 Vacant
2285 3310 2659 3392 paedagogi.

393 3396 736 3459 Dormiunt
781 3400 1070 3458 noctuae.
1162 3395 1448 3457 Minerva
1493 3396 1788 3475 quiescit.
1882 3394 2191 3458 Gan-iuvit
2235 3396 2297 3457 iu
2348 3394 2668 3456 subselliis

399 3481 704 3543 bacularii
757 3480 1111 3544 literatuli⁵.
1191 3482 1314 3543 Eos
1346 3481 1592 3557 audiaS,
1642 3479 1695 3542 si
1728 3480 1925 3543 latine
1959 3482 2207 3558 sciunt,
2256 3481 2308 3541 si
2342 3480 2668 3541 abortivas

397 3567 598 3628 edunt
646 3588 851 3647 nugas
898 3568 1074 3644 (sunt
1119 3567 1284 3629 enim
1351 3566 1477 3628 fere
1522 3566 1723 3646 inepti
1770 3571 1836 3628 et
1881 3566 2174 3647 glandem
2230 3568 2524 3627 asserunt
2569 3586 2665 3627 re-

531 3730 558 3757 a
591 3716 674 3767 So.

543 3784 681 3835 'Die
705 3782 1069 3849 Vorlesungen
1107 3784 1200 3834 der
1236 3782 1554 3860 Leipzigcr»
1532 3782 1875 3849 »Sophisten«.
1988 3785 2007 3813 ‘²
2031 3782 2128 3834 Die
2158 3782 2317 3835 Stelle
2354 3780 2497 3831 eines
2534 3780 2662 3832 Pr—o

391 3852 607 3904 kuiwatm
655 3852 747 3903 des
779 3851 1188 3917 Georgenthaler
1223 3850 1385 3903 Hofes
1420 3852 1476 3902 in
1511 3850 1703 3911 Erfmt,
1752 3851 1836 3901 die
1873 3850 1951 3903 U1
1956 3851 2053 3902 ban
2101 3851 2237 3903 nach
2274 3849 2446 3901 seiner
2480 3848 2662 3900 Riick—

393 3920 526 3971 kehr
573 3936 678 3972 von
714 3919 931 3985 Leipzig
977 3919 1055 3971 als
1092 3919 1409 3986 Nachfolgor
1445 3920 1537 3970 des
1574 3918 1875 3985 bishen'gen
1912 3917 2051 3971 alten
2087 3919 2245 3971 Verw
2248 3918 2407 3969 alters
2454 3916 2659 3968 e1h1elt

394 3988 503 4039 Der
549 3986 958 4055 Georgenthaler
1003 3986 1198 4039 Monch
1256 3987 1549 4039 Stercutius
1602 3988 1851 4039 reclinete
1897 3988 1987 4038 auf
2029 3988 2173 4039 diese
2220 3986 2471 4051 Stellimg.
2546 3984 2665 4051 Vgl.

393 4056 482 4107 Br.
520 4056 601 4108 99.
710 4057 730 4086 ³
764 4054 872 4107 Des
911 4055 1274 4122 Erzpriesters
1325 4056 1372 4106 d.
1411 4056 1444 4107 i.
1495 4056 1588 4107 des
1626 4055 1804 4108 Abtes.
1913 4058 1935 4086 ⁴
1970 4054 2247 4116 Melanuri,
2298 4055 2541 4121 sprichw.
2580 4053 2666 4103 1“1’11·

393 4123 731 4177 Unsittliche.
784 4125 1024 4183 Φίλακρο
1071 4124 1304 4175 entzicht
1346 4123 1462 4175 sich
1513 4124 1634 4175 dem
1672 4122 2193 4174 Ve1·st.·indnis.⁵
2226 4122 2288 4174 In
2325 4124 2425 4173 den
2474 4120 2664 4173 Schul-

393 4192 559 4243 ferien
598 4191 807 4243 durften
847 4192 985 4243 auch
1022 4192 1106 4243 die
1142 4191 1457 4243 Bakularien
1493 4191 1859 4258 Vorlesungen
1895 4190 2089 4242 halten.
2150 4190 2353 4243 Mutian
2390 4191 2539 4241 horte
2577 4188 2663 4240 die

395 4258 758 4327 Vorlesungen
811 4258 1168 4327 Sommerings
1205 4260 1336 4311 iiber
1371 4260 1472 4311 den
1507 4259 1801 4311 Eunuchen
1838 4260 1931 4311 des
1965 4259 2174 4326 Terenz,
2225 4258 2301 4311 als
2337 4256 2667 4327 Sommering

394 4328 538 4381 noch
571 4327 892 4381 Bakularius
927 4344 1050 4380 war.
1121 4328 1207 4380 Br.
1249 4327 1350 4383 208
1387 4328 1478 4380 des
1515 4328 1637 4382 Cod.
