<?xml version="1.0" encoding="UTF-8"?>
<!DOCTYPE html PUBLIC "-//W3C//DTD XHTML 1.0 Transitional//EN"
    "http://www.w3.org/TR/xhtml1/DTD/xhtml1-transitional.dtd">
<html xmlns="http://www.w3.org/1999/xhtml" xml:lang="en" lang="en">
 <head>
  <title>
</title>
<meta http-equiv="Content-Type" content="text/html;charset=utf-8" />
  <meta name='ocr-system' content='tesseract 3.04.00' />
  <meta name='ocr-capabilities' content='ocr_page ocr_carea ocr_par ocr_line ocrx_word'/>
</head>
<body>
  <div class='ocr_page' id='page_1' title='image "./derbriefwechsel02kraugoog_0354.png"; bbox 0 0 3084 4895; ppageno 0'>
   <div class='ocr_carea' id='block_1_1' title="bbox 449 394 1892 479">
    <p class='ocr_par' dir='ltr' id='par_1_1' title="bbox 449 394 1892 479">
     <span class='ocr_line' id='line_1_1' title="bbox 449 394 1892 479; baseline -0.006 -20"><span class='ocrx_word' id='word_1_1' title='bbox 449 394 574 459; x_wconf 79' lang='grc'>268</span> <span class='ocrx_word' id='word_1_2' title='bbox 1115 472 1124 479; x_wconf 83' lang='lat'>.</span> <span class='ocrx_word' id='word_1_3' title='bbox 1273 396 1447 453; x_wconf 84' lang='lat' dir='ltr'>Briefe</span> <span class='ocrx_word' id='word_1_4' title='bbox 1485 398 1577 453; x_wconf 82' lang='lat' dir='ltr'>des</span> <span class='ocrx_word' id='word_1_5' title='bbox 1611 398 1661 453; x_wconf 85' lang='lat' dir='ltr'>J.</span> <span class='ocrx_word' id='word_1_6' title='bbox 1702 398 1847 452; x_wconf 82' lang='lat'>1512.</span> <span class='ocrx_word' id='word_1_7' title='bbox 1886 414 1892 421; x_wconf 93' lang='lat'>·</span> 
     </span>
    </p>
   </div>
   <div class='ocr_carea' id='block_1_2' title="bbox 443 566 2703 2550">
    <p class='ocr_par' dir='ltr' id='par_1_2' title="bbox 443 566 2703 2550">
     <span class='ocr_line' id='line_1_2' title="bbox 454 566 2697 653; baseline 0 -21"><span class='ocrx_word' id='word_1_8' title='bbox 454 566 744 632; x_wconf 88' lang='lat' dir='ltr'>vafritias</span> <span class='ocrx_word' id='word_1_9' title='bbox 789 590 924 631; x_wconf 86' lang='lat' dir='ltr'>esse</span> <span class='ocrx_word' id='word_1_10' title='bbox 969 567 1424 648; x_wconf 85' lang='lat' dir='ltr'>animadverto,</span> <span class='ocrx_word' id='word_1_11' title='bbox 1469 573 1544 633; x_wconf 85' lang='lat' dir='ltr'>ut</span> <span class='ocrx_word' id='word_1_12' title='bbox 1588 574 1872 635; x_wconf 87' lang='lat' dir='ltr'>nostram</span> <span class='ocrx_word' id='word_1_13' title='bbox 1917 569 2263 635; x_wconf 77' lang='lat' dir='ltr'>amicitiam</span> <span class='ocrx_word' id='word_1_14' title='bbox 2302 591 2697 653; x_wconf 81' lang='lat' dir='ltr'><strong>summopere</strong></span> 
     </span>
     <span class='ocr_line' id='line_1_3' title="bbox 449 654 2698 735; baseline 0.001 -18"><span class='ocrx_word' id='word_1_15' title='bbox 449 654 803 735; x_wconf 89' lang='lat' dir='ltr'>augendam</span> <span class='ocrx_word' id='word_1_16' title='bbox 874 676 1182 717; x_wconf 88' lang='lat' dir='ltr'>censeam.</span> <span class='ocrx_word' id='word_1_17' title='bbox 1270 656 1410 719; x_wconf 87' lang='lat' dir='ltr'>Non</span> <span class='ocrx_word' id='word_1_18' title='bbox 1482 657 1688 719; x_wconf 85' lang='lat' dir='ltr'>sinam</span> <span class='ocrx_word' id='word_1_19' title='bbox 1754 658 1953 719; x_wconf 85' lang='lat' dir='ltr'>averti</span> <span class='ocrx_word' id='word_1_20' title='bbox 1998 656 2371 731; x_wconf 84' lang='lat' dir='ltr'>Duronium,</span> <span class='ocrx_word' id='word_1_21' title='bbox 2416 657 2536 719; x_wconf 82' lang='lat' dir='ltr'>etsi</span> <span class='ocrx_word' id='word_1_22' title='bbox 2582 678 2698 720; x_wconf 86' lang='lat' dir='ltr'>vos</span> 
     </span>
     <span class='ocr_line' id='line_1_4' title="bbox 450 740 2697 821; baseline 0.001 -18"><span class='ocrx_word' id='word_1_23' title='bbox 450 740 770 818; x_wconf 78' lang='lat' dir='ltr'>cucullati,</span> <span class='ocrx_word' id='word_1_24' title='bbox 818 761 970 821; x_wconf 87' lang='lat' dir='ltr'>pace</span> <span class='ocrx_word' id='word_1_25' title='bbox 999 744 1114 804; x_wconf 89' lang='lat' dir='ltr'>tua</span> <span class='ocrx_word' id='word_1_26' title='bbox 1147 741 1372 819; x_wconf 87' lang='lat' dir='ltr'>dicam,</span> <span class='ocrx_word' id='word_1_27' title='bbox 1407 742 1550 806; x_wconf 88' lang='lat' dir='ltr'>sitis</span> <span class='ocrx_word' id='word_1_28' title='bbox 1581 741 1902 806; x_wconf 83' lang='lat' dir='ltr'>levissimi.</span> <span class='ocrx_word' id='word_1_29' title='bbox 1972 742 2137 807; x_wconf 84' lang='lat' dir='ltr'>Rara</span> <span class='ocrx_word' id='word_1_30' title='bbox 2166 746 2264 806; x_wconf 90' lang='lat' dir='ltr'>est</span> <span class='ocrx_word' id='word_1_31' title='bbox 2293 742 2355 804; x_wconf 92' lang='lat' dir='ltr'>in</span> <span class='ocrx_word' id='word_1_32' title='bbox 2390 742 2697 805; x_wconf 89' lang='lat' dir='ltr'>coenobio</span> 
     </span>
     <span class='ocr_line' id='line_1_5' title="bbox 447 824 2695 907; baseline 0 -17"><span class='ocrx_word' id='word_1_33' title='bbox 447 827 804 903; x_wconf 84' lang='lat' dir='ltr'>sinceritas;</span> <span class='ocrx_word' id='word_1_34' title='bbox 865 847 1023 907; x_wconf 90' lang='lat' dir='ltr'>quos</span> <span class='ocrx_word' id='word_1_35' title='bbox 1069 826 1250 890; x_wconf 89' lang='lat' dir='ltr'>rebar</span> <span class='ocrx_word' id='word_1_36' title='bbox 1310 850 1446 903; x_wconf 84' lang='lat' dir='ltr'>esse</span> <span class='ocrx_word' id='word_1_37' title='bbox 1504 832 1671 901; x_wconf 82' lang='lat' dir='ltr'>tuos,</span> <span class='ocrx_word' id='word_1_38' title='bbox 1734 851 1859 893; x_wconf 89' lang='lat' dir='ltr'>non</span> <span class='ocrx_word' id='word_1_39' title='bbox 1917 832 2068 892; x_wconf 86' lang='lat' dir='ltr'>sunt</span> <span class='ocrx_word' id='word_1_40' title='bbox 2126 829 2240 892; x_wconf 88' lang='lat' dir='ltr'>tui.</span> <span class='ocrx_word' id='word_1_41' title='bbox 2330 824 2695 891; x_wconf 79' lang='lat' dir='ltr'>Musardus‘</span> 
     </span>
     <span class='ocr_line' id='line_1_6' title="bbox 449 913 2699 995; baseline 0.001 -20"><span class='ocrx_word' id='word_1_42' title='bbox 449 913 650 976; x_wconf 84' lang='lat' dir='ltr'>multa</span> <span class='ocrx_word' id='word_1_43' title='bbox 695 913 917 976; x_wconf 80' lang='lat' dir='ltr'>scribit</span> <span class='ocrx_word' id='word_1_44' title='bbox 961 918 1026 975; x_wconf 87' lang='lat' dir='ltr'>et</span> <span class='ocrx_word' id='word_1_45' title='bbox 1069 935 1254 995; x_wconf 84' lang='lat' dir='ltr'>saepe</span> <span class='ocrx_word' id='word_1_46' title='bbox 1302 913 1378 977; x_wconf 91' lang='lat' dir='ltr'>de</span> <span class='ocrx_word' id='word_1_47' title='bbox 1421 914 1651 977; x_wconf 87' lang='lat' dir='ltr'>studiis</span> <span class='ocrx_word' id='word_1_48' title='bbox 1716 915 1953 978; x_wconf 83' lang='lat' dir='ltr'>nostris</span> <span class='ocrx_word' id='word_1_49' title='bbox 2001 914 2461 979; x_wconf 81' lang='lat' dir='ltr'>communibus,</span> <span class='ocrx_word' id='word_1_50' title='bbox 2556 914 2699 977; x_wconf 90' lang='lat' dir='ltr'>Non</span> 
     </span>
     <span class='ocr_line' id='line_1_7' title="bbox 449 996 2700 1081; baseline 0.001 -20"><span class='ocrx_word' id='word_1_51' title='bbox 449 997 816 1079; x_wconf 76' lang='lat' dir='ltr'>respondeo,</span> <span class='ocrx_word' id='word_1_52' title='bbox 907 996 1209 1081; x_wconf 85' lang='lat' dir='ltr'>Suspicor</span> <span class='ocrx_word' id='word_1_53' title='bbox 1253 1002 1418 1062; x_wconf 90' lang='lat' dir='ltr'>enim</span> <span class='ocrx_word' id='word_1_54' title='bbox 1469 1001 1679 1064; x_wconf 91' lang='lat' dir='ltr'>nescio</span> <span class='ocrx_word' id='word_1_55' title='bbox 1727 1001 1898 1081; x_wconf 86' lang='lat' dir='ltr'>quid.</span> <span class='ocrx_word' id='word_1_56' title='bbox 1994 1002 2149 1064; x_wconf 89' lang='lat' dir='ltr'>Nam</span> <span class='ocrx_word' id='word_1_57' title='bbox 2194 1001 2260 1062; x_wconf 91' lang='lat' dir='ltr'>in</span> <span class='ocrx_word' id='word_1_58' title='bbox 2293 1000 2479 1064; x_wconf 87' lang='lat' dir='ltr'>domo</span> <span class='ocrx_word' id='word_1_59' title='bbox 2529 999 2700 1063; x_wconf 89' lang='lat' dir='ltr'>Lotii</span> 
     </span>
     <span class='ocr_line' id='line_1_8' title="bbox 445 1084 2698 1168; baseline 0 -19"><span class='ocrx_word' id='word_1_60' title='bbox 445 1084 802 1168; x_wconf 83' lang='lat' dir='ltr'>appellatus</span> <span class='ocrx_word' id='word_1_61' title='bbox 863 1090 960 1149; x_wconf 86' lang='lat' dir='ltr'>est</span> <span class='ocrx_word' id='word_1_62' title='bbox 1020 1090 1212 1167; x_wconf 89' lang='lat' dir='ltr'>poeta</span> <span class='ocrx_word' id='word_1_63' title='bbox 1255 1088 1318 1149; x_wconf 92' lang='lat' dir='ltr'>in</span> <span class='ocrx_word' id='word_1_64' title='bbox 1377 1108 1579 1149; x_wconf 87' lang='lat' dir='ltr'>meam</span> <span class='ocrx_word' id='word_1_65' title='bbox 1638 1086 2107 1151; x_wconf 84' lang='lat' dir='ltr'>contumeliam.</span> <span class='ocrx_word' id='word_1_66' title='bbox 2200 1086 2429 1152; x_wconf 81' lang='lat' dir='ltr'>Osores</span> <span class='ocrx_word' id='word_1_67' title='bbox 2498 1087 2698 1149; x_wconf 84' lang='lat' dir='ltr'>nostri</span> 
     </span>
     <span class='ocr_line' id='line_1_9' title="bbox 445 1170 2701 1254; baseline 0 -20"><span class='ocrx_word' id='word_1_68' title='bbox 445 1171 711 1234; x_wconf 89' lang='lat' dir='ltr'>laudant</span> <span class='ocrx_word' id='word_1_69' title='bbox 740 1170 1115 1234; x_wconf 86' lang='lat' dir='ltr'>Otteranum</span> <span class='ocrx_word' id='word_1_70' title='bbox 1162 1174 1226 1235; x_wconf 85' lang='lat' dir='ltr'>et</span> <span class='ocrx_word' id='word_1_71' title='bbox 1269 1170 1854 1254; x_wconf 84' lang='lat' dir='ltr'>Francobergium‚²</span> <span class='ocrx_word' id='word_1_72' title='bbox 1905 1177 1977 1237; x_wconf 89' lang='lat' dir='ltr'>ut</span> <span class='ocrx_word' id='word_1_73' title='bbox 2005 1194 2079 1237; x_wconf 94' lang='lat' dir='ltr'>eo</span> <span class='ocrx_word' id='word_1_74' title='bbox 2128 1172 2315 1237; x_wconf 88' lang='lat' dir='ltr'>modo</span> <span class='ocrx_word' id='word_1_75' title='bbox 2348 1171 2701 1235; x_wconf 84' lang='lat' dir='ltr'>Herebordi</span> 
     </span>
     <span class='ocr_line' id='line_1_10' title="bbox 452 1256 2694 1340; baseline 0 -20"><span class='ocrx_word' id='word_1_76' title='bbox 452 1257 716 1340; x_wconf 84' lang='lat' dir='ltr'>gloriam</span> <span class='ocrx_word' id='word_1_77' title='bbox 779 1256 1024 1337; x_wconf 87' lang='lat' dir='ltr'>vulgari</span> <span class='ocrx_word' id='word_1_78' title='bbox 1089 1262 1374 1339; x_wconf 78' lang='lat' dir='ltr'>coeptam</span> <span class='ocrx_word' id='word_1_79' title='bbox 1443 1257 1802 1322; x_wconf 86' lang='lat' dir='ltr'>obscurent.</span> <span class='ocrx_word' id='word_1_80' title='bbox 1898 1260 2059 1325; x_wconf 84' lang='lat' dir='ltr'>Novi</span> <span class='ocrx_word' id='word_1_81' title='bbox 2123 1280 2327 1322; x_wconf 90' lang='lat' dir='ltr'>mores</span> <span class='ocrx_word' id='word_1_82' title='bbox 2394 1258 2694 1322; x_wconf 89' lang='lat' dir='ltr'>invidiae.</span> 
     </span>
     <span class='ocr_line' id='line_1_11' title="bbox 453 1342 2700 1427; baseline 0.001 -22"><span class='ocrx_word' id='word_1_83' title='bbox 453 1343 636 1417; x_wconf 84' lang='lat' dir='ltr'>Audi,</span> <span class='ocrx_word' id='word_1_84' title='bbox 671 1363 796 1423; x_wconf 92' lang='lat' dir='ltr'>quo</span> <span class='ocrx_word' id='word_1_85' title='bbox 830 1364 956 1405; x_wconf 90' lang='lat' dir='ltr'>rem</span> <span class='ocrx_word' id='word_1_86' title='bbox 993 1342 1317 1407; x_wconf 87' lang='lat' dir='ltr'>deducam.</span> <span class='ocrx_word' id='word_1_87' title='bbox 1394 1344 1469 1406; x_wconf 90' lang='lat' dir='ltr'>H.</span> <span class='ocrx_word' id='word_1_88' title='bbox 1507 1343 1953 1427; x_wconf 85' lang='lat' dir='ltr'>Aperbacchus</span> <span class='ocrx_word' id='word_1_89' title='bbox 1986 1350 2176 1409; x_wconf 89' lang='lat' dir='ltr'>notus</span> <span class='ocrx_word' id='word_1_90' title='bbox 2208 1349 2306 1408; x_wconf 87' lang='lat' dir='ltr'>est</span> <span class='ocrx_word' id='word_1_91' title='bbox 2335 1342 2700 1407; x_wconf 80' lang='lat' dir='ltr'>Nithardo.³</span> 
     </span>
     <span class='ocr_line' id='line_1_12' title="bbox 449 1428 2699 1511; baseline 0 -18"><span class='ocrx_word' id='word_1_92' title='bbox 449 1429 652 1511; x_wconf 87' lang='lat' dir='ltr'>Hujus</span> <span class='ocrx_word' id='word_1_93' title='bbox 703 1428 1206 1493; x_wconf 87' lang='lat' dir='ltr'>benevolentiam</span> <span class='ocrx_word' id='word_1_94' title='bbox 1253 1435 1503 1511; x_wconf 86' lang='lat' dir='ltr'>augeat.</span> <span class='ocrx_word' id='word_1_95' title='bbox 1595 1430 1996 1496; x_wconf 88' lang='lat' dir='ltr'>Herebordus</span> <span class='ocrx_word' id='word_1_96' title='bbox 2028 1436 2091 1495; x_wconf 87' lang='lat' dir='ltr'>et</span> <span class='ocrx_word' id='word_1_97' title='bbox 2120 1435 2195 1495; x_wconf 88' lang='lat' dir='ltr'>tu</span> <span class='ocrx_word' id='word_1_98' title='bbox 2226 1428 2699 1511; x_wconf 79' lang='lat' dir='ltr'>Engelmanno⁴</span> 
     </span>
     <span class='ocr_line' id='line_1_13' title="bbox 451 1514 2700 1598; baseline 0.002 -21"><span class='ocrx_word' id='word_1_99' title='bbox 451 1516 774 1598; x_wconf 84' lang='lat' dir='ltr'>placeatis.</span> <span class='ocrx_word' id='word_1_100' title='bbox 867 1514 936 1577; x_wconf 92' lang='lat' dir='ltr'>In</span> <span class='ocrx_word' id='word_1_101' title='bbox 993 1515 1254 1595; x_wconf 90' lang='lat' dir='ltr'>reliquis</span> <span class='ocrx_word' id='word_1_102' title='bbox 1319 1538 1540 1598; x_wconf 89' lang='lat' dir='ltr'>parum</span> <span class='ocrx_word' id='word_1_103' title='bbox 1610 1521 1707 1579; x_wconf 88' lang='lat' dir='ltr'>est</span> <span class='ocrx_word' id='word_1_104' title='bbox 1773 1517 1937 1588; x_wconf 65' lang='lat' dir='ltr'>fidei.</span> <span class='ocrx_word' id='word_1_105' title='bbox 2030 1516 2533 1597; x_wconf 84' lang='lat' dir='ltr'>Francobergius</span> <span class='ocrx_word' id='word_1_106' title='bbox 2601 1522 2700 1581; x_wconf 84' lang='lat' dir='ltr'>est</span> 
     </span>
     <span class='ocr_line' id='line_1_14' title="bbox 453 1600 2701 1683; baseline 0.001 -19"><span class='ocrx_word' id='word_1_107' title='bbox 453 1600 797 1665; x_wconf 81' lang='lat' dir='ltr'>Jacobita.⁵</span> <span class='ocrx_word' id='word_1_108' title='bbox 885 1601 956 1663; x_wconf 93' lang='lat' dir='ltr'>In</span> <span class='ocrx_word' id='word_1_109' title='bbox 1004 1624 1076 1664; x_wconf 90' lang='lat' dir='ltr'>ea</span> <span class='ocrx_word' id='word_1_110' title='bbox 1123 1606 1295 1663; x_wconf 86' lang='lat' dir='ltr'>secta</span> <span class='ocrx_word' id='word_1_111' title='bbox 1351 1600 1603 1665; x_wconf 81' lang='lat' dir='ltr'>Cotius⁶</span> <span class='ocrx_word' id='word_1_112' title='bbox 1653 1610 1749 1667; x_wconf 90' lang='lat' dir='ltr'>est</span> <span class='ocrx_word' id='word_1_113' title='bbox 1795 1608 1858 1666; x_wconf 86' lang='lat' dir='ltr'>et</span> <span class='ocrx_word' id='word_1_114' title='bbox 1901 1604 2087 1667; x_wconf 86' lang='lat' dir='ltr'>multi</span> <span class='ocrx_word' id='word_1_115' title='bbox 2143 1603 2442 1683; x_wconf 86' lang='lat' dir='ltr'>theologi.</span> <span class='ocrx_word' id='word_1_116' title='bbox 2535 1603 2701 1679; x_wconf 84' lang='lat' dir='ltr'>Quid</span> 
     </span>
     <span class='ocr_line' id='line_1_15' title="bbox 456 1685 2703 1768; baseline 0.001 -18"><span class='ocrx_word' id='word_1_117' title='bbox 456 1688 651 1751; x_wconf 88' lang='lat' dir='ltr'>faciat</span> <span class='ocrx_word' id='word_1_118' title='bbox 703 1686 799 1752; x_wconf 89' lang='lat' dir='ltr'>Jo.</span> <span class='ocrx_word' id='word_1_119' title='bbox 867 1685 1249 1750; x_wconf 85' lang='lat' dir='ltr'>Vuerlich‘?⁷</span> <span class='ocrx_word' id='word_1_120' title='bbox 1339 1685 1643 1768; x_wconf 85' lang='lat' dir='ltr'>Sequitur</span> <span class='ocrx_word' id='word_1_121' title='bbox 1708 1687 2131 1767; x_wconf 82' lang='lat' dir='ltr'>Isenachum‚⁸</span> <span class='ocrx_word' id='word_1_122' title='bbox 2196 1695 2269 1751; x_wconf 84' lang='lat' dir='ltr'>ut</span> <span class='ocrx_word' id='word_1_123' title='bbox 2335 1688 2703 1752; x_wconf 82' lang='lat' dir='ltr'>Maternus⁹</span> 
     </span>
     <span class='ocr_line' id='line_1_16' title="bbox 451 1772 2695 1857; baseline 0.001 -21"><span class='ocrx_word' id='word_1_124' title='bbox 451 1772 798 1837; x_wconf 89' lang='lat' dir='ltr'>Paulum.¹⁰</span> <span class='ocrx_word' id='word_1_125' title='bbox 888 1774 990 1835; x_wconf 91' lang='lat' dir='ltr'>Dii</span> <span class='ocrx_word' id='word_1_126' title='bbox 1036 1773 1185 1837; x_wconf 89' lang='lat' dir='ltr'>boni</span> <span class='ocrx_word' id='word_1_127' title='bbox 1218 1772 1444 1850; x_wconf 82' lang='lat' dir='ltr'>faxint,</span> <span class='ocrx_word' id='word_1_128' title='bbox 1477 1781 1552 1838; x_wconf 87' lang='lat' dir='ltr'>ut</span> <span class='ocrx_word' id='word_1_129' title='bbox 1580 1772 1981 1839; x_wconf 82' lang='lat' dir='ltr'>Herebordus</span> <span class='ocrx_word' id='word_1_130' title='bbox 2012 1776 2347 1839; x_wconf 86' lang='lat' dir='ltr'>lectionem</span> <span class='ocrx_word' id='word_1_131' title='bbox 2379 1774 2695 1857; x_wconf 88' lang='lat' dir='ltr'>publicam</span> 
     </span>
     <span class='ocr_line' id='line_1_17' title="bbox 450 1858 2703 1942; baseline 0.001 -20"><span class='ocrx_word' id='word_1_132' title='bbox 450 1864 844 1941; x_wconf 82' lang='lat' dir='ltr'>assequatur.</span> <span class='ocrx_word' id='word_1_133' title='bbox 937 1858 1062 1923; x_wconf 87' lang='lat' dir='ltr'>Cur</span> <span class='ocrx_word' id='word_1_134' title='bbox 1134 1859 1258 1922; x_wconf 87' lang='lat' dir='ltr'>sibi</span> <span class='ocrx_word' id='word_1_135' title='bbox 1333 1881 1458 1923; x_wconf 89' lang='lat' dir='ltr'>non</span> <span class='ocrx_word' id='word_1_136' title='bbox 1531 1860 1749 1942; x_wconf 87' lang='lat' dir='ltr'>jungit</span> <span class='ocrx_word' id='word_1_137' title='bbox 1815 1860 2241 1926; x_wconf 84' lang='lat' dir='ltr'>Otteranum‘?</span> <span class='ocrx_word' id='word_1_138' title='bbox 2332 1859 2703 1925; x_wconf 90' lang='lat' dir='ltr'>Contemnit</span> 
     </span>
     <span class='ocr_line' id='line_1_18' title="bbox 451 1944 2702 2027; baseline 0 -17"><span class='ocrx_word' id='word_1_139' title='bbox 451 1946 763 2026; x_wconf 88' lang='lat' dir='ltr'>aequales.</span> <span class='ocrx_word' id='word_1_140' title='bbox 853 1944 1017 2008; x_wconf 90' lang='lat' dir='ltr'>Male</span> <span class='ocrx_word' id='word_1_141' title='bbox 1062 1944 1234 2008; x_wconf 85' lang='lat' dir='ltr'>facit.</span> <span class='ocrx_word' id='word_1_142' title='bbox 1326 1945 1496 2009; x_wconf 87' lang='lat' dir='ltr'>Vaeh</span> <span class='ocrx_word' id='word_1_143' title='bbox 1544 1946 1680 2010; x_wconf 89' lang='lat' dir='ltr'>soli.</span> <span class='ocrx_word' id='word_1_144' title='bbox 1774 1946 2009 2011; x_wconf 89' lang='lat' dir='ltr'>Vellem</span> <span class='ocrx_word' id='word_1_145' title='bbox 2053 1948 2351 2011; x_wconf 85' lang='lat' dir='ltr'>fundaret</span> <span class='ocrx_word' id='word_1_146' title='bbox 2395 1948 2702 2027; x_wconf 85' lang='lat' dir='ltr'>grandem</span> 
     </span>
     <span class='ocr_line' id='line_1_19' title="bbox 447 2031 2701 2116; baseline 0 -22"><span class='ocrx_word' id='word_1_147' title='bbox 447 2039 706 2108; x_wconf 84' lang='lat' dir='ltr'>sectam,</span> <span class='ocrx_word' id='word_1_148' title='bbox 754 2032 904 2113; x_wconf 88' lang='lat' dir='ltr'>quia</span> <span class='ocrx_word' id='word_1_149' title='bbox 949 2031 1202 2095; x_wconf 87' lang='lat' dir='ltr'>barbari</span> <span class='ocrx_word' id='word_1_150' title='bbox 1245 2032 1401 2095; x_wconf 83' lang='lat' dir='ltr'>totis</span> <span class='ocrx_word' id='word_1_151' title='bbox 1445 2032 1689 2095; x_wconf 84' lang='lat' dir='ltr'>viribus</span> <span class='ocrx_word' id='word_1_152' title='bbox 1744 2038 2117 2116; x_wconf 86' lang='lat' dir='ltr'>oppugnant</span> <span class='ocrx_word' id='word_1_153' title='bbox 2160 2034 2471 2097; x_wconf 86' lang='lat' dir='ltr'>eruditam</span> <span class='ocrx_word' id='word_1_154' title='bbox 2532 2035 2701 2095; x_wconf 88' lang='lat' dir='ltr'>anti-</span> 
     </span>
     <span class='ocr_line' id='line_1_20' title="bbox 443 2116 2698 2199; baseline 0 -18"><span class='ocrx_word' id='word_1_155' title='bbox 443 2118 774 2199; x_wconf 84' lang='lat' dir='ltr'>quitatem.</span> <span class='ocrx_word' id='word_1_156' title='bbox 863 2118 932 2181; x_wconf 90' lang='lat' dir='ltr'>In</span> <span class='ocrx_word' id='word_1_157' title='bbox 1003 2116 1304 2181; x_wconf 85' lang='lat' dir='ltr'>Cicerone</span> <span class='ocrx_word' id='word_1_158' title='bbox 1370 2124 1483 2183; x_wconf 90' lang='lat' dir='ltr'>tuo</span> <span class='ocrx_word' id='word_1_159' title='bbox 1552 2117 1851 2182; x_wconf 63' lang='lat' dir='ltr'>nullum*</span> <span class='ocrx_word' id='word_1_160' title='bbox 1916 2120 2121 2184; x_wconf 87' lang='lat' dir='ltr'>adhuc</span> <span class='ocrx_word' id='word_1_161' title='bbox 2190 2142 2436 2189; x_wconf 87' lang='lat' dir='ltr'>versum</span> <span class='ocrx_word' id='word_1_162' title='bbox 2483 2118 2698 2199; x_wconf 85' lang='lat' dir='ltr'>legi.&#39;¹</span> 
     </span>
     <span class='ocr_line' id='line_1_21' title="bbox 451 2203 2693 2285; baseline 0.001 -18"><span class='ocrx_word' id='word_1_163' title='bbox 451 2204 716 2268; x_wconf 90' lang='lat' dir='ltr'>Miraris.</span> <span class='ocrx_word' id='word_1_164' title='bbox 807 2203 958 2267; x_wconf 84' lang='lat' dir='ltr'>Mox</span> <span class='ocrx_word' id='word_1_165' title='bbox 990 2208 1062 2267; x_wconf 87' lang='lat' dir='ltr'>ut</span> <span class='ocrx_word' id='word_1_166' title='bbox 1094 2204 1326 2285; x_wconf 88' lang='lat' dir='ltr'>accepi,</span> <span class='ocrx_word' id='word_1_167' title='bbox 1373 2204 1723 2268; x_wconf 89' lang='lat' dir='ltr'>ornandum</span> <span class='ocrx_word' id='word_1_168' title='bbox 1772 2207 2002 2269; x_wconf 88' lang='lat' dir='ltr'>tradidi</span> <span class='ocrx_word' id='word_1_169' title='bbox 2048 2205 2320 2270; x_wconf 88' lang='lat' dir='ltr'>Henrico</span> <span class='ocrx_word' id='word_1_170' title='bbox 2366 2204 2693 2269; x_wconf 83' lang='lat' dir='ltr'>Rhanis.¹²</span> 
     </span>
     <span class='ocr_line' id='line_1_22' title="bbox 453 2289 2695 2373; baseline -0.001 -15"><span class='ocrx_word' id='word_1_171' title='bbox 453 2291 761 2358; x_wconf 88' lang='lat' dir='ltr'>Ornatum</span> <span class='ocrx_word' id='word_1_172' title='bbox 820 2296 970 2372; x_wconf 87' lang='lat' dir='ltr'>toga</span> <span class='ocrx_word' id='word_1_173' title='bbox 1025 2311 1368 2373; x_wconf 88' lang='lat' dir='ltr'>prosequar</span> <span class='ocrx_word' id='word_1_174' title='bbox 1422 2292 1596 2354; x_wconf 88' lang='lat' dir='ltr'>omni</span> <span class='ocrx_word' id='word_1_175' title='bbox 1642 2290 1872 2370; x_wconf 81' lang='lat' dir='ltr'>favore,</span> <span class='ocrx_word' id='word_1_176' title='bbox 1918 2297 1991 2357; x_wconf 91' lang='lat' dir='ltr'>ut</span> <span class='ocrx_word' id='word_1_177' title='bbox 2036 2315 2112 2357; x_wconf 89' lang='lat' dir='ltr'>ne</span> <span class='ocrx_word' id='word_1_178' title='bbox 2156 2289 2375 2373; x_wconf 78' lang='grc' dir='ltr'><em>Δαβὶδ</em></span> <span class='ocrx_word' id='word_1_179' title='bbox 2440 2291 2695 2373; x_wconf 90' lang='lat' dir='ltr'>quidem</span> 
     </span>
     <span class='ocr_line' id='line_1_23' title="bbox 459 2366 2703 2463; baseline 0.002 -24"><span class='ocrx_word' id='word_1_180' title='bbox 459 2366 802 2463; x_wconf 78' lang='grc' dir='ltr'><strong><em>προφήτης</em></strong></span> <span class='ocrx_word' id='word_1_181' title='bbox 847 2377 1000 2440; x_wconf 85' lang='grc'>1111111</span> <span class='ocrx_word' id='word_1_182' title='bbox 1046 2377 1246 2440; x_wconf 89' lang='lat' dir='ltr'>carior</span> <span class='ocrx_word' id='word_1_183' title='bbox 1292 2400 1426 2441; x_wconf 83' lang='lat' dir='ltr'>esse</span> <span class='ocrx_word' id='word_1_184' title='bbox 1469 2378 1777 2440; x_wconf 86' lang='lat' dir='ltr'>videatur.</span> <span class='ocrx_word' id='word_1_185' title='bbox 1871 2378 2034 2443; x_wconf 89' lang='lat' dir='ltr'>Vale.</span> <span class='ocrx_word' id='word_1_186' title='bbox 2131 2378 2338 2461; x_wconf 88' lang='lat' dir='ltr'>„Haec</span> <span class='ocrx_word' id='word_1_187' title='bbox 2370 2379 2518 2444; x_wconf 83' lang='lat' dir='ltr'>data</span> <span class='ocrx_word' id='word_1_188' title='bbox 2550 2384 2703 2443; x_wconf 90' lang='lat' dir='ltr'>sunt</span> 
     </span>
     <span class='ocr_line' id='line_1_24' title="bbox 452 2463 1811 2550; baseline -0.001 -22"><span class='ocrx_word' id='word_1_189' title='bbox 452 2464 661 2550; x_wconf 90' lang='lat' dir='ltr'>gelido</span> <span class='ocrx_word' id='word_1_190' title='bbox 709 2463 955 2527; x_wconf 86' lang='lat' dir='ltr'>Gothae</span> <span class='ocrx_word' id='word_1_191' title='bbox 1001 2464 1120 2527; x_wconf 91' lang='lat' dir='ltr'>sub</span> <span class='ocrx_word' id='word_1_192' title='bbox 1165 2485 1380 2528; x_wconf 88' lang='lat' dir='ltr'>mense</span> <span class='ocrx_word' id='word_1_193' title='bbox 1425 2463 1811 2528; x_wconf 85' lang='lat' dir='ltr'>Decembri.“</span> 
     </span>
    </p>
   </div>
   <div class='ocr_carea' id='block_1_3' title="bbox 766 2583 1211 2638">
    <p class='ocr_par' dir='ltr' id='par_1_3' title="bbox 766 2583 1211 2638">
     <span class='ocr_line' id='line_1_25' title="bbox 766 2583 1211 2638; baseline 0.002 -2"><span class='ocrx_word' id='word_1_194' title='bbox 766 2584 887 2637; x_wconf 89' lang='lat' dir='ltr'>Cod.</span> <span class='ocrx_word' id='word_1_195' title='bbox 926 2583 1058 2637; x_wconf 82' lang='lat' dir='ltr'>Frcf.</span> <span class='ocrx_word' id='word_1_196' title='bbox 1097 2583 1211 2638; x_wconf 89' lang='grc'>282.</span> 
     </span>
    </p>
   </div>
   <div class='ocr_carea' id='block_1_4' title="bbox 557 2725 853 2732">
    <p class='ocr_par' dir='ltr' id='par_1_4' title="bbox 557 2725 853 2732">
     <span class='ocr_line' id='line_1_26' title="bbox 557 2725 853 2732; baseline 0 2163"><span class='ocrx_word' id='word_1_197' title='bbox 557 2725 853 2732; x_wconf 95' lang='lat' dir='ltr'> </span> 
     </span>
    </p>
   </div>
   <div class='ocr_carea' id='block_1_5' title="bbox 583 2807 1200 2863">
    <p class='ocr_par' dir='ltr' id='par_1_5' title="bbox 583 2807 1200 2863">
     <span class='ocr_line' id='line_1_27' title="bbox 583 2807 1200 2863; baseline 0.006 -4"><span class='ocrx_word' id='word_1_198' title='bbox 583 2822 610 2850; x_wconf 75' lang='lat' dir='ltr'>a</span> <span class='ocrx_word' id='word_1_199' title='bbox 635 2807 842 2860; x_wconf 73' lang='lat' dir='ltr'>nullum</span> <span class='ocrx_word' id='word_1_200' title='bbox 877 2826 968 2862; x_wconf 85' lang='lat' dir='ltr'>am</span> <span class='ocrx_word' id='word_1_201' title='bbox 1002 2809 1200 2863; x_wconf 69' lang='lat' dir='ltr'>Raude.</span> 
     </span>
    </p>
   </div>
   <div class='ocr_carea' id='block_1_6' title="bbox 449 2891 2703 4397">
    <p class='ocr_par' dir='ltr' id='par_1_6' title="bbox 449 2891 2703 4397">
     <span class='ocr_line' id='line_1_28' title="bbox 455 2891 2698 2964; baseline -0.001 -18"><span class='ocrx_word' id='word_1_202' title='bbox 455 2893 591 2947; x_wconf 87' lang='lat' dir='ltr'>bach</span> <span class='ocrx_word' id='word_1_203' title='bbox 628 2893 835 2962; x_wconf 80' lang='lat' dir='ltr'>(Ostern</span> <span class='ocrx_word' id='word_1_204' title='bbox 889 2895 968 2949; x_wconf 86' lang='lat' dir='ltr'>bis</span> <span class='ocrx_word' id='word_1_205' title='bbox 1002 2894 1275 2949; x_wconf 85' lang='lat' dir='ltr'>Michaelis</span> <span class='ocrx_word' id='word_1_206' title='bbox 1321 2895 1476 2964; x_wconf 83' lang='lat'>1512)</span> <span class='ocrx_word' id='word_1_207' title='bbox 1522 2896 1738 2949; x_wconf 83' lang='lat' dir='ltr'>wurden</span> <span class='ocrx_word' id='word_1_208' title='bbox 1782 2895 1865 2948; x_wconf 88' lang='lat' dir='ltr'>die</span> <span class='ocrx_word' id='word_1_209' title='bbox 1908 2894 2205 2947; x_wconf 82' lang='lat' dir='ltr'>Kanoniker</span> <span class='ocrx_word' id='word_1_210' title='bbox 2248 2892 2512 2946; x_wconf 90' lang='lat' dir='ltr'>Binchard</span> <span class='ocrx_word' id='word_1_211' title='bbox 2558 2891 2698 2944; x_wconf 82' lang='lat' dir='ltr'>Hille</span> 
     </span>
     <span class='ocr_line' id='line_1_29' title="bbox 455 2961 2693 3032; baseline -0.001 -18"><span class='ocrx_word' id='word_1_212' title='bbox 455 2963 562 3014; x_wconf 88' lang='lat' dir='ltr'>und</span> <span class='ocrx_word' id='word_1_213' title='bbox 597 2961 722 3016; x_wconf 86' lang='lat' dir='ltr'>Eob.</span> <span class='ocrx_word' id='word_1_214' title='bbox 761 2963 965 3032; x_wconf 84' lang='lat' dir='ltr'>Ziegler</span> <span class='ocrx_word' id='word_1_215' title='bbox 1000 2965 1064 3017; x_wconf 88' lang='lat' dir='ltr'>de</span> <span class='ocrx_word' id='word_1_216' title='bbox 1099 2965 1283 3018; x_wconf 84' lang='lat' dir='ltr'>Salcza</span> <span class='ocrx_word' id='word_1_217' title='bbox 1315 2964 1391 3016; x_wconf 89' lang='lat' dir='ltr'>im</span> <span class='ocrx_word' id='word_1_218' title='bbox 1426 2964 1665 3018; x_wconf 84' lang='lat' dir='ltr'>Sommer</span> <span class='ocrx_word' id='word_1_219' title='bbox 1713 2965 1845 3016; x_wconf 83' lang='lat'>1512</span> <span class='ocrx_word' id='word_1_220' title='bbox 1888 2981 1955 3016; x_wconf 89' lang='lat' dir='ltr'>zu</span> <span class='ocrx_word' id='word_1_221' title='bbox 1997 2962 2312 3016; x_wconf 86' lang='lat' dir='ltr'>Bakularien</span> <span class='ocrx_word' id='word_1_222' title='bbox 2358 2962 2449 3013; x_wconf 87' lang='lat' dir='ltr'>der</span> <span class='ocrx_word' id='word_1_223' title='bbox 2493 2961 2693 3012; x_wconf 81' lang='lat' dir='ltr'>Rechte</span> 
     </span>
     <span class='ocr_line' id='line_1_30' title="bbox 455 3028 2702 3101; baseline -0 -19"><span class='ocrx_word' id='word_1_224' title='bbox 455 3031 788 3098; x_wconf 82' lang='lat' dir='ltr'>promoviert,</span> <span class='ocrx_word' id='word_1_225' title='bbox 825 3049 948 3086; x_wconf 87' lang='lat' dir='ltr'>man</span> <span class='ocrx_word' id='word_1_226' title='bbox 983 3033 1154 3086; x_wconf 72' lang='lat' dir='ltr'>zahlte</span> <span class='ocrx_word' id='word_1_227' title='bbox 1197 3035 1256 3086; x_wconf 84' lang='lat'>18</span> <span class='ocrx_word' id='word_1_228' title='bbox 1290 3033 1606 3087; x_wconf 78' lang='lat' dir='ltr'>Bakularien</span> <span class='ocrx_word' id='word_1_229' title='bbox 1642 3033 1745 3101; x_wconf 71' lang='grc' dir='ltr'>(ΒΓ.</span> <span class='ocrx_word' id='word_1_230' title='bbox 1785 3031 1897 3086; x_wconf 85' lang='grc'>183.</span> <span class='ocrx_word' id='word_1_231' title='bbox 1938 3031 2071 3100; x_wconf 87' lang='grc'>184).</span> <span class='ocrx_word' id='word_1_232' title='bbox 2142 3031 2295 3084; x_wconf 87' lang='lat' dir='ltr'>Nach</span> <span class='ocrx_word' id='word_1_233' title='bbox 2332 3029 2508 3098; x_wconf 88' lang='lat' dir='ltr'>obiger</span> <span class='ocrx_word' id='word_1_234' title='bbox 2542 3028 2702 3082; x_wconf 86' lang='lat' dir='ltr'>Stelle</span> 
     </span>
     <span class='ocr_line' id='line_1_31' title="bbox 455 3099 2699 3170; baseline 0 -18"><span class='ocrx_word' id='word_1_235' title='bbox 455 3101 584 3153; x_wconf 90' lang='lat' dir='ltr'>aber</span> <span class='ocrx_word' id='word_1_236' title='bbox 625 3102 907 3168; x_wconf 84' lang='lat' dir='ltr'>versprach</span> <span class='ocrx_word' id='word_1_237' title='bbox 958 3101 1285 3170; x_wconf 72' lang='lat' dir='ltr'>Sommering</span> <span class='ocrx_word' id='word_1_238' title='bbox 1333 3105 1440 3155; x_wconf 89' lang='lat' dir='ltr'>erst</span> <span class='ocrx_word' id='word_1_239' title='bbox 1473 3102 1549 3153; x_wconf 89' lang='lat' dir='ltr'>im</span> <span class='ocrx_word' id='word_1_240' title='bbox 1583 3103 1709 3154; x_wconf 81' lang='lat' dir='ltr'>Dez,</span> <span class='ocrx_word' id='word_1_241' title='bbox 1750 3102 1883 3154; x_wconf 83' lang='lat'>1512</span> <span class='ocrx_word' id='word_1_242' title='bbox 1919 3101 2062 3170; x_wconf 80' lang='lat' dir='ltr'>(dass</span> <span class='ocrx_word' id='word_1_243' title='bbox 2098 3101 2193 3152; x_wconf 86' lang='lat' dir='ltr'>der</span> <span class='ocrx_word' id='word_1_244' title='bbox 2225 3099 2313 3152; x_wconf 76' lang='grc' dir='ltr'>ΒΓ.</span> <span class='ocrx_word' id='word_1_245' title='bbox 2350 3099 2405 3150; x_wconf 86' lang='grc'>111</span> <span class='ocrx_word' id='word_1_246' title='bbox 2440 3099 2555 3164; x_wconf 62' lang='lat' dir='ltr'>den⁴</span> <span class='ocrx_word' id='word_1_247' title='bbox 2573 3099 2699 3152; x_wconf 81' lang='lat' dir='ltr'>Dez,</span> 
     </span>
     <span class='ocr_line' id='line_1_32' title="bbox 457 3167 2699 3238; baseline -0.001 -17"><span class='ocrx_word' id='word_1_248' title='bbox 457 3169 592 3222; x_wconf 83' lang='lat'>1512</span> <span class='ocrx_word' id='word_1_249' title='bbox 627 3170 825 3238; x_wconf 65' lang='grc'>3911611,</span> <span class='ocrx_word' id='word_1_250' title='bbox 862 3171 1004 3223; x_wconf 87' lang='lat' dir='ltr'>steht</span> <span class='ocrx_word' id='word_1_251' title='bbox 1037 3171 1174 3224; x_wconf 86' lang='lat' dir='ltr'>nach</span> <span class='ocrx_word' id='word_1_252' title='bbox 1208 3172 1404 3224; x_wconf 85' lang='lat' dir='ltr'>Datum</span> <span class='ocrx_word' id='word_1_253' title='bbox 1439 3172 1549 3223; x_wconf 89' lang='lat' dir='ltr'>und</span> <span class='ocrx_word' id='word_1_254' title='bbox 1582 3171 1917 3237; x_wconf 72' lang='lat' dir='ltr'>Erwahnung</span> <span class='ocrx_word' id='word_1_255' title='bbox 1951 3170 2044 3222; x_wconf 87' lang='lat' dir='ltr'>des</span> <span class='ocrx_word' id='word_1_256' title='bbox 2080 3169 2258 3223; x_wconf 86' lang='lat' dir='ltr'>Cicero</span> <span class='ocrx_word' id='word_1_257' title='bbox 2285 3167 2699 3220; x_wconf 72' lang='lat' dir='ltr'>unumstosslich</span> 
     </span>
     <span class='ocr_line' id='line_1_33' title="bbox 453 3235 2697 3306; baseline -0.001 -16"><span class='ocrx_word' id='word_1_258' title='bbox 453 3237 573 3306; x_wconf 81' lang='lat' dir='ltr'>fest)</span> <span class='ocrx_word' id='word_1_259' title='bbox 611 3239 704 3292; x_wconf 86' lang='lat' dir='ltr'>das</span> <span class='ocrx_word' id='word_1_260' title='bbox 740 3239 1044 3292; x_wconf 86' lang='lat' dir='ltr'>Bakulariat</span> <span class='ocrx_word' id='word_1_261' title='bbox 1076 3256 1144 3292; x_wconf 85' lang='lat' dir='ltr'>an</span> <span class='ocrx_word' id='word_1_262' title='bbox 1177 3239 1319 3292; x_wconf 80' lang='lat' dir='ltr'>Hille</span> <span class='ocrx_word' id='word_1_263' title='bbox 1353 3241 1464 3292; x_wconf 89' lang='lat' dir='ltr'>und</span> <span class='ocrx_word' id='word_1_264' title='bbox 1495 3239 1689 3293; x_wconf 88' lang='lat' dir='ltr'>Morus.</span> <span class='ocrx_word' id='word_1_265' title='bbox 1764 3239 1862 3292; x_wconf 91' lang='lat' dir='ltr'>Die</span> <span class='ocrx_word' id='word_1_266' title='bbox 1906 3238 2060 3292; x_wconf 77' lang='lat' dir='ltr'>Notiz</span> <span class='ocrx_word' id='word_1_267' title='bbox 2095 3237 2168 3289; x_wconf 91' lang='lat' dir='ltr'>im</span> <span class='ocrx_word' id='word_1_268' title='bbox 2204 3235 2697 3304; x_wconf 83' lang='lat' dir='ltr'>Rechnungsbuche</span> 
     </span>
     <span class='ocr_line' id='line_1_34' title="bbox 457 3304 2703 3381; baseline -0.002 -21"><span class='ocrx_word' id='word_1_269' title='bbox 457 3306 664 3360; x_wconf 87' lang='lat' dir='ltr'>scheint</span> <span class='ocrx_word' id='word_1_270' title='bbox 717 3307 974 3361; x_wconf 85' lang='lat' dir='ltr'>demnach</span> <span class='ocrx_word' id='word_1_271' title='bbox 1029 3308 1144 3361; x_wconf 87' lang='lat' dir='ltr'>eine</span> <span class='ocrx_word' id='word_1_272' title='bbox 1197 3325 1471 3378; x_wconf 88' lang='lat' dir='ltr'>ungeuaue</span> <span class='ocrx_word' id='word_1_273' title='bbox 1525 3325 1593 3360; x_wconf 90' lang='lat' dir='ltr'>zu</span> <span class='ocrx_word' id='word_1_274' title='bbox 1644 3309 1757 3361; x_wconf 88' lang='lat' dir='ltr'>sein</span> <span class='ocrx_word' id='word_1_275' title='bbox 1802 3308 1910 3360; x_wconf 90' lang='lat' dir='ltr'>und</span> <span class='ocrx_word' id='word_1_276' title='bbox 1960 3312 2095 3359; x_wconf 71' lang='lat' dir='ltr'>ware</span> <span class='ocrx_word' id='word_1_277' title='bbox 2131 3306 2269 3358; x_wconf 89' lang='lat' dir='ltr'>dann</span> <span class='ocrx_word' id='word_1_278' title='bbox 2305 3305 2443 3359; x_wconf 85' lang='lat' dir='ltr'>auch</span> <span class='ocrx_word' id='word_1_279' title='bbox 2477 3305 2563 3358; x_wconf 89' lang='lat' dir='ltr'>Br.</span> <span class='ocrx_word' id='word_1_280' title='bbox 2604 3304 2703 3381; x_wconf 75' lang='grc'>184</span> 
     </span>
     <span class='ocr_line' id='line_1_35' title="bbox 449 3373 2703 3444; baseline -0.002 -16"><span class='ocrx_word' id='word_1_281' title='bbox 449 3378 558 3429; x_wconf 87' lang='lat' dir='ltr'>erst</span> <span class='ocrx_word' id='word_1_282' title='bbox 592 3392 658 3429; x_wconf 88' lang='lat' dir='ltr'>an</span> <span class='ocrx_word' id='word_1_283' title='bbox 696 3376 838 3429; x_wconf 89' lang='lat' dir='ltr'>diese</span> <span class='ocrx_word' id='word_1_284' title='bbox 873 3376 1034 3430; x_wconf 84' lang='lat' dir='ltr'>Stelle</span> <span class='ocrx_word' id='word_1_285' title='bbox 1070 3394 1138 3430; x_wconf 90' lang='lat' dir='ltr'>zu</span> <span class='ocrx_word' id='word_1_286' title='bbox 1171 3379 1386 3430; x_wconf 80' lang='lat' dir='ltr'>riicken.</span> <span class='ocrx_word' id='word_1_287' title='bbox 1456 3377 1565 3430; x_wconf 86' lang='lat' dir='ltr'>Der</span> <span class='ocrx_word' id='word_1_288' title='bbox 1598 3377 1979 3444; x_wconf 87' lang='lat' dir='ltr'>Widerspruch</span> <span class='ocrx_word' id='word_1_289' title='bbox 2013 3375 2117 3428; x_wconf 72' lang='lat' dir='ltr'>lost</span> <span class='ocrx_word' id='word_1_290' title='bbox 2150 3375 2267 3428; x_wconf 89' lang='lat' dir='ltr'>sich</span> <span class='ocrx_word' id='word_1_291' title='bbox 2300 3391 2402 3426; x_wconf 89' lang='lat' dir='ltr'>nur</span> <span class='ocrx_word' id='word_1_292' title='bbox 2426 3373 2594 3426; x_wconf 87' lang='lat' dir='ltr'>durch</span> <span class='ocrx_word' id='word_1_293' title='bbox 2617 3373 2703 3425; x_wconf 88' lang='grc'>(119</span> 
     </span>
     <span class='ocr_line' id='line_1_36' title="bbox 450 3441 2697 3514; baseline -0 -17"><span class='ocrx_word' id='word_1_294' title='bbox 450 3449 614 3498; x_wconf 85' lang='lat' dir='ltr'>etwas</span> <span class='ocrx_word' id='word_1_295' title='bbox 659 3461 1009 3514; x_wconf 82' lang='lat' dir='ltr'>gezwungene</span> <span class='ocrx_word' id='word_1_296' title='bbox 1055 3446 1347 3514; x_wconf 54' lang='lat' dir='ltr'>Annahme²</span> <span class='ocrx_word' id='word_1_297' title='bbox 1396 3445 1471 3498; x_wconf 90' lang='lat' dir='ltr'>M.</span> <span class='ocrx_word' id='word_1_298' title='bbox 1507 3447 1631 3499; x_wconf 89' lang='lat' dir='ltr'>rede</span> <span class='ocrx_word' id='word_1_299' title='bbox 1665 3445 1721 3498; x_wconf 91' lang='grc'>111</span> <span class='ocrx_word' id='word_1_300' title='bbox 1758 3447 1859 3498; x_wconf 85' lang='grc'>(1911</span> <span class='ocrx_word' id='word_1_301' title='bbox 1892 3445 2113 3498; x_wconf 59' lang='lat' dir='ltr'>WVorten</span> <span class='ocrx_word' id='word_1_302' title='bbox 2160 3443 2341 3497; x_wconf 74' lang='lat' dir='ltr'>»Nunc</span> <span class='ocrx_word' id='word_1_303' title='bbox 2375 3441 2564 3495; x_wconf 75' lang='lat' dir='ltr'>allicit«</span> <span class='ocrx_word' id='word_1_304' title='bbox 2598 3445 2697 3496; x_wconf 85' lang='grc'>910.</span> 
     </span>
     <span class='ocr_line' id='line_1_37' title="bbox 453 3510 2701 3584; baseline -0.002 -18"><span class='ocrx_word' id='word_1_305' title='bbox 453 3531 560 3567; x_wconf 88' lang='lat' dir='ltr'>von</span> <span class='ocrx_word' id='word_1_306' title='bbox 597 3515 689 3566; x_wconf 88' lang='lat' dir='ltr'>der</span> <span class='ocrx_word' id='word_1_307' title='bbox 724 3515 1156 3583; x_wconf 79' lang='lat' dir='ltr'>Vei-gangenheit.</span> <span class='ocrx_word' id='word_1_308' title='bbox 1227 3517 1335 3568; x_wconf 87' lang='lat' dir='ltr'>Der</span> <span class='ocrx_word' id='word_1_309' title='bbox 1368 3515 1671 3568; x_wconf 87' lang='lat' dir='ltr'>Kanoniker</span> <span class='ocrx_word' id='word_1_310' title='bbox 1706 3514 1921 3584; x_wconf 76' lang='lat' dir='ltr'>Ziegler,</span> <span class='ocrx_word' id='word_1_311' title='bbox 1959 3515 2051 3566; x_wconf 92' lang='lat' dir='ltr'>der</span> <span class='ocrx_word' id='word_1_312' title='bbox 2084 3512 2162 3565; x_wconf 89' lang='lat' dir='ltr'>als</span> <span class='ocrx_word' id='word_1_313' title='bbox 2198 3513 2295 3565; x_wconf 89' lang='lat' dir='ltr'>dns</span> <span class='ocrx_word' id='word_1_314' title='bbox 2329 3511 2456 3565; x_wconf 88' lang='lat' dir='ltr'>Eob.</span> <span class='ocrx_word' id='word_1_315' title='bbox 2498 3510 2701 3577; x_wconf 86' lang='lat' dir='ltr'>Czigler</span> 
     </span>
     <span class='ocr_line' id='line_1_38' title="bbox 453 3579 2701 3638; baseline -0.003 -2"><span class='ocrx_word' id='word_1_316' title='bbox 453 3582 736 3636; x_wconf 87' lang='lat' dir='ltr'>Saltzensis</span> <span class='ocrx_word' id='word_1_317' title='bbox 770 3583 845 3635; x_wconf 89' lang='lat' dir='ltr'>im</span> <span class='ocrx_word' id='word_1_318' title='bbox 881 3583 1118 3637; x_wconf 85' lang='lat' dir='ltr'>Sommer</span> <span class='ocrx_word' id='word_1_319' title='bbox 1158 3585 1290 3638; x_wconf 82' lang='lat'>1512</span> <span class='ocrx_word' id='word_1_320' title='bbox 1329 3585 1478 3636; x_wconf 84' lang='lat' dir='ltr'>unter</span> <span class='ocrx_word' id='word_1_321' title='bbox 1511 3584 1577 3636; x_wconf 90' lang='lat' dir='ltr'>H.</span> <span class='ocrx_word' id='word_1_322' title='bbox 1614 3583 1915 3637; x_wconf 86' lang='lat' dir='ltr'>Eberbachs</span> <span class='ocrx_word' id='word_1_323' title='bbox 1949 3582 2233 3634; x_wconf 84' lang='lat' dir='ltr'>Rektorate</span> <span class='ocrx_word' id='word_1_324' title='bbox 2275 3579 2701 3633; x_wconf 73' lang='lat' dir='ltr'>immatrikulieit</span> 
     </span>
     <span class='ocr_line' id='line_1_39' title="bbox 453 3649 2698 3720; baseline -0.002 -16"><span class='ocrx_word' id='word_1_325' title='bbox 453 3652 525 3705; x_wconf 87' lang='lat' dir='ltr'>ist</span> <span class='ocrx_word' id='word_1_326' title='bbox 575 3651 964 3719; x_wconf 88' lang='lat' dir='ltr'>(Weissenb.</span> <span class='ocrx_word' id='word_1_327' title='bbox 1002 3654 1172 3706; x_wconf 81' lang='lat' dir='ltr'>Akten</span> <span class='ocrx_word' id='word_1_328' title='bbox 1215 3653 1286 3720; x_wconf 78' lang='grc' dir='ltr'>Π,</span> <span class='ocrx_word' id='word_1_329' title='bbox 1323 3652 1444 3720; x_wconf 87' lang='grc'>275)</span> <span class='ocrx_word' id='word_1_330' title='bbox 1500 3652 1572 3706; x_wconf 87' lang='lat' dir='ltr'>ist</span> <span class='ocrx_word' id='word_1_331' title='bbox 1616 3652 1774 3706; x_wconf 88' lang='lat' dir='ltr'>allem</span> <span class='ocrx_word' id='word_1_332' title='bbox 1819 3651 2117 3705; x_wconf 81' lang='lat' dir='ltr'>Anscheine</span> <span class='ocrx_word' id='word_1_333' title='bbox 2159 3651 2297 3702; x_wconf 89' lang='lat' dir='ltr'>naeh</span> <span class='ocrx_word' id='word_1_334' title='bbox 2342 3650 2435 3703; x_wconf 87' lang='lat' dir='ltr'>der</span> <span class='ocrx_word' id='word_1_335' title='bbox 2468 3664 2568 3701; x_wconf 89' lang='lat' dir='ltr'>uns</span> <span class='ocrx_word' id='word_1_336' title='bbox 2606 3649 2698 3700; x_wconf 90' lang='lat' dir='ltr'>be-</span> 
     </span>
     <span class='ocr_line' id='line_1_40' title="bbox 451 3717 2699 3789; baseline -0.001 -16"><span class='ocrx_word' id='word_1_337' title='bbox 451 3722 646 3773; x_wconf 86' lang='lat' dir='ltr'>kannte</span> <span class='ocrx_word' id='word_1_338' title='bbox 681 3719 1018 3789; x_wconf 83' lang='lat' dir='ltr'>Pseudonym</span> <span class='ocrx_word' id='word_1_339' title='bbox 1054 3721 1245 3776; x_wconf 64' lang='lat' dir='ltr'>Morus».</span> <span class='ocrx_word' id='word_1_340' title='bbox 1390 3723 1407 3752; x_wconf 84' lang='lat'>¹</span> <span class='ocrx_word' id='word_1_341' title='bbox 1445 3719 1496 3774; x_wconf 79' lang='lat' dir='ltr'>S.</span> <span class='ocrx_word' id='word_1_342' title='bbox 1536 3721 1637 3773; x_wconf 90' lang='grc'>212</span> <span class='ocrx_word' id='word_1_343' title='bbox 1671 3724 1733 3772; x_wconf 90' lang='grc' dir='ltr'>Α.</span> <span class='ocrx_word' id='word_1_344' title='bbox 1772 3720 1820 3774; x_wconf 92' lang='grc'>6.</span> <span class='ocrx_word' id='word_1_345' title='bbox 1960 3721 1980 3752; x_wconf 79' lang='lat'>²</span> <span class='ocrx_word' id='word_1_346' title='bbox 2016 3719 2066 3774; x_wconf 83' lang='lat' dir='ltr'>S.</span> <span class='ocrx_word' id='word_1_347' title='bbox 2105 3719 2201 3773; x_wconf 87' lang='grc'>267</span> <span class='ocrx_word' id='word_1_348' title='bbox 2238 3720 2299 3773; x_wconf 94' lang='lat' dir='ltr'>A.</span> <span class='ocrx_word' id='word_1_349' title='bbox 2337 3719 2385 3770; x_wconf 90' lang='lat'>4.</span> <span class='ocrx_word' id='word_1_350' title='bbox 2466 3773 2473 3782; x_wconf 68' lang='grc'><em>,</em></span> <span class='ocrx_word' id='word_1_351' title='bbox 2528 3718 2549 3749; x_wconf 78' lang='lat'>³</span> <span class='ocrx_word' id='word_1_352' title='bbox 2581 3717 2699 3770; x_wconf 87' lang='lat' dir='ltr'>Joh.</span> 
     </span>
     <span class='ocr_line' id='line_1_41' title="bbox 455 3785 2702 3857; baseline -0.003 -14"><span class='ocrx_word' id='word_1_353' title='bbox 455 3789 701 3855; x_wconf 82' lang='lat' dir='ltr'>Nithard‚</span> <span class='ocrx_word' id='word_1_354' title='bbox 728 3789 813 3842; x_wconf 86' lang='lat' dir='ltr'>ein</span> <span class='ocrx_word' id='word_1_355' title='bbox 847 3790 1082 3844; x_wconf 83' lang='lat' dir='ltr'>Erfurter</span> <span class='ocrx_word' id='word_1_356' title='bbox 1115 3789 1417 3844; x_wconf 87' lang='lat' dir='ltr'>Kanoniker</span> <span class='ocrx_word' id='word_1_357' title='bbox 1450 3807 1500 3842; x_wconf 84' lang='lat' dir='ltr'>v.</span> <span class='ocrx_word' id='word_1_358' title='bbox 1539 3789 1590 3843; x_wconf 84' lang='lat' dir='ltr'>S.</span> <span class='ocrx_word' id='word_1_359' title='bbox 1630 3789 1826 3844; x_wconf 82' lang='lat' dir='ltr'>Severi.</span> <span class='ocrx_word' id='word_1_360' title='bbox 1866 3789 2129 3857; x_wconf 82' lang='lat' dir='ltr'>(Thuring.</span> <span class='ocrx_word' id='word_1_361' title='bbox 2166 3803 2315 3841; x_wconf 86' lang='lat' dir='ltr'>sacra</span> <span class='ocrx_word' id='word_1_362' title='bbox 2348 3804 2396 3854; x_wconf 91' lang='lat' dir='ltr'>p.</span> <span class='ocrx_word' id='word_1_363' title='bbox 2434 3785 2555 3855; x_wconf 91' lang='grc'>204)</span> <span class='ocrx_word' id='word_1_364' title='bbox 2590 3785 2702 3837; x_wconf 89' lang='lat' dir='ltr'>und</span> 
     </span>
     <span class='ocr_line' id='line_1_42' title="bbox 457 3854 2698 3928; baseline -0.002 -18"><span class='ocrx_word' id='word_1_365' title='bbox 457 3858 759 3925; x_wconf 74' lang='lat' dir='ltr'>Prapositus</span> <span class='ocrx_word' id='word_1_366' title='bbox 794 3860 934 3912; x_wconf 87' lang='lat' dir='ltr'>nach</span> <span class='ocrx_word' id='word_1_367' title='bbox 968 3859 1055 3912; x_wconf 89' lang='lat' dir='ltr'>Br.</span> <span class='ocrx_word' id='word_1_368' title='bbox 1091 3860 1195 3912; x_wconf 87' lang='lat'>454</span> <span class='ocrx_word' id='word_1_369' title='bbox 1231 3860 1322 3913; x_wconf 86' lang='lat' dir='ltr'>des</span> <span class='ocrx_word' id='word_1_370' title='bbox 1359 3859 1479 3912; x_wconf 81' lang='lat' dir='ltr'>Cod.</span> <span class='ocrx_word' id='word_1_371' title='bbox 1520 3858 1715 3928; x_wconf 87' lang='lat'>(1515).</span> <span class='ocrx_word' id='word_1_372' title='bbox 1789 3860 1901 3911; x_wconf 87' lang='lat' dir='ltr'>Aus</span> <span class='ocrx_word' id='word_1_373' title='bbox 1944 3857 2135 3910; x_wconf 85' lang='lat' dir='ltr'>Anlass</span> <span class='ocrx_word' id='word_1_374' title='bbox 2170 3857 2262 3910; x_wconf 89' lang='lat' dir='ltr'>der</span> <span class='ocrx_word' id='word_1_375' title='bbox 2296 3856 2331 3909; x_wconf 86' lang='lat' dir='ltr'>S</span> <span class='ocrx_word' id='word_1_376' title='bbox 2370 3854 2698 3908; x_wconf 86' lang='lat' dir='ltr'>alatinschen</span> 
     </span>
     <span class='ocr_line' id='line_1_43' title="bbox 457 3923 2700 3997; baseline -0.002 -19"><span class='ocrx_word' id='word_1_377' title='bbox 457 3926 1038 3997; x_wconf 76' lang='lat' dir='ltr'>Pfriindenbestallung,</span> <span class='ocrx_word' id='word_1_378' title='bbox 1076 3928 1159 3980; x_wconf 89' lang='lat' dir='ltr'>die</span> <span class='ocrx_word' id='word_1_379' title='bbox 1195 3944 1252 3981; x_wconf 90' lang='lat' dir='ltr'>er</span> <span class='ocrx_word' id='word_1_380' title='bbox 1286 3927 1670 3996; x_wconf 81' lang='lat' dir='ltr'>auszufertigen</span> <span class='ocrx_word' id='word_1_381' title='bbox 1706 3927 1814 3980; x_wconf 87' lang='lat' dir='ltr'>hat.</span> <span class='ocrx_word' id='word_1_382' title='bbox 1850 3926 1904 3979; x_wconf 89' lang='lat' dir='ltr'>in</span> <span class='ocrx_word' id='word_1_383' title='bbox 1941 3927 2040 3978; x_wconf 90' lang='lat' dir='ltr'>den</span> <span class='ocrx_word' id='word_1_384' title='bbox 2077 3928 2285 3994; x_wconf 70' lang='lat' dir='ltr'>spatam</span> <span class='ocrx_word' id='word_1_385' title='bbox 2365 3924 2528 3976; x_wconf 87' lang='lat' dir='ltr'>riefen</span> <span class='ocrx_word' id='word_1_386' title='bbox 2564 3923 2700 3975; x_wconf 90' lang='lat' dir='ltr'>noch</span> 
     </span>
     <span class='ocr_line' id='line_1_44' title="bbox 460 3991 2698 4068; baseline -0.003 -19"><span class='ocrx_word' id='word_1_387' title='bbox 460 3997 534 4049; x_wconf 88' lang='lat' dir='ltr'>oft</span> <span class='ocrx_word' id='word_1_388' title='bbox 585 3997 832 4048; x_wconf 70' lang='lat' dir='ltr'>erwahnt.</span> <span class='ocrx_word' id='word_1_389' title='bbox 975 3999 996 4028; x_wconf 79' lang='lat'><strong>⁴</strong></span> <span class='ocrx_word' id='word_1_390' title='bbox 1031 3997 1081 4052; x_wconf 81' lang='lat' dir='ltr'>S.</span> <span class='ocrx_word' id='word_1_391' title='bbox 1120 3997 1220 4051; x_wconf 90' lang='grc'>206</span> <span class='ocrx_word' id='word_1_392' title='bbox 1266 3998 1326 4048; x_wconf 88' lang='lat' dir='ltr'>A.</span> <span class='ocrx_word' id='word_1_393' title='bbox 1365 3996 1411 4049; x_wconf 87' lang='grc'>2.</span> <span class='ocrx_word' id='word_1_394' title='bbox 1554 3999 1575 4030; x_wconf 77' lang='lat'>⁵</span> <span class='ocrx_word' id='word_1_395' title='bbox 1610 3997 1889 4064; x_wconf 67' lang='lat' dir='ltr'>Anhanger</span> <span class='ocrx_word' id='word_1_396' title='bbox 1937 3997 2029 4048; x_wconf 86' lang='lat' dir='ltr'>des</span> <span class='ocrx_word' id='word_1_397' title='bbox 2074 3996 2107 4048; x_wconf 89' lang='lat' dir='ltr'><strong>J</strong></span> <span class='ocrx_word' id='word_1_398' title='bbox 2110 3995 2240 4048; x_wconf 87' lang='lat' dir='ltr'>akob</span> <span class='ocrx_word' id='word_1_399' title='bbox 2292 3993 2545 4058; x_wconf 73' lang='lat' dir='ltr'>Dolia‘mr,</span> <span class='ocrx_word' id='word_1_400' title='bbox 2592 3991 2698 4068; x_wconf 69' lang='lat' dir='ltr'>De-</span> 
     </span>
     <span class='ocr_line' id='line_1_45' title="bbox 455 4059 2695 4133; baseline -0.003 -15"><span class='ocrx_word' id='word_1_401' title='bbox 455 4066 681 4118; x_wconf 85' lang='lat' dir='ltr'>chanten</span> <span class='ocrx_word' id='word_1_402' title='bbox 725 4081 828 4118; x_wconf 90' lang='lat' dir='ltr'>von</span> <span class='ocrx_word' id='word_1_403' title='bbox 877 4064 929 4118; x_wconf 80' lang='lat' dir='ltr'>S.</span> <span class='ocrx_word' id='word_1_404' title='bbox 965 4065 1160 4118; x_wconf 84' lang='lat' dir='ltr'>Severi.</span> <span class='ocrx_word' id='word_1_405' title='bbox 1217 4065 1266 4118; x_wconf 83' lang='lat' dir='ltr'>S.</span> <span class='ocrx_word' id='word_1_406' title='bbox 1306 4065 1404 4117; x_wconf 87' lang='grc'>237</span> <span class='ocrx_word' id='word_1_407' title='bbox 1455 4068 1515 4116; x_wconf 89' lang='grc' dir='ltr'>Α.</span> <span class='ocrx_word' id='word_1_408' title='bbox 1557 4067 1604 4119; x_wconf 89' lang='grc'>6.</span> <span class='ocrx_word' id='word_1_409' title='bbox 1746 4067 1767 4098; x_wconf 75' lang='lat'><strong>⁶</strong></span> <span class='ocrx_word' id='word_1_410' title='bbox 1800 4089 1867 4105; x_wconf 63' lang='grc' dir='ltr'>τε</span> <span class='ocrx_word' id='word_1_411' title='bbox 1923 4064 2082 4118; x_wconf 72' lang='lat' dir='ltr'>Cotio.</span> <span class='ocrx_word' id='word_1_412' title='bbox 2226 4064 2245 4095; x_wconf 87' lang='lat'>⁷</span> <span class='ocrx_word' id='word_1_413' title='bbox 2280 4061 2397 4133; x_wconf 82' lang='lat' dir='ltr'>Joh,</span> <span class='ocrx_word' id='word_1_414' title='bbox 2438 4059 2695 4126; x_wconf 80' lang='lat' dir='ltr'>Werhch,</span> 
     </span>
     <span class='ocr_line' id='line_1_46' title="bbox 454 4128 2697 4204; baseline -0.003 -18"><span class='ocrx_word' id='word_1_415' title='bbox 454 4135 690 4186; x_wconf 85' lang='lat' dir='ltr'>Erfurter</span> <span class='ocrx_word' id='word_1_416' title='bbox 723 4133 975 4204; x_wconf 88' lang='lat' dir='ltr'>Magister</span> <span class='ocrx_word' id='word_1_417' title='bbox 1008 4135 1116 4186; x_wconf 92' lang='lat' dir='ltr'>und</span> <span class='ocrx_word' id='word_1_418' title='bbox 1153 4134 1366 4202; x_wconf 85' lang='lat' dir='ltr'>zeitiger</span> <span class='ocrx_word' id='word_1_419' title='bbox 1400 4133 1605 4188; x_wconf 84' lang='lat' dir='ltr'>Rektor.</span> <span class='ocrx_word' id='word_1_420' title='bbox 1644 4135 1731 4186; x_wconf 89' lang='lat' dir='ltr'>Br.</span> <span class='ocrx_word' id='word_1_421' title='bbox 1761 4135 1872 4187; x_wconf 88' lang='grc'>196.</span> <span class='ocrx_word' id='word_1_422' title='bbox 1980 4135 2001 4165; x_wconf 78' lang='lat' dir='ltr'>s</span> <span class='ocrx_word' id='word_1_423' title='bbox 2033 4133 2312 4186; x_wconf 82' lang='lat' dir='ltr'>Tmtfetter</span> <span class='ocrx_word' id='word_1_424' title='bbox 2346 4148 2399 4183; x_wconf 83' lang='lat' dir='ltr'>v.</span> <span class='ocrx_word' id='word_1_425' title='bbox 2422 4128 2697 4182; x_wconf 83' lang='lat' dir='ltr'>Eisenach.</span> 
     </span>
     <span class='ocr_line' id='line_1_47' title="bbox 458 4199 2693 4266; baseline -0.003 -11"><span class='ocrx_word' id='word_1_426' title='bbox 458 4203 508 4257; x_wconf 80' lang='lat' dir='ltr'>S.</span> <span class='ocrx_word' id='word_1_427' title='bbox 542 4201 639 4256; x_wconf 90' lang='grc'>267</span> <span class='ocrx_word' id='word_1_428' title='bbox 677 4204 738 4254; x_wconf 88' lang='lat' dir='ltr'>A.</span> <span class='ocrx_word' id='word_1_429' title='bbox 777 4205 823 4256; x_wconf 91' lang='lat'>5.</span> <span class='ocrx_word' id='word_1_430' title='bbox 965 4205 987 4236; x_wconf 80' lang='lat'><strong>⁹</strong></span> <span class='ocrx_word' id='word_1_431' title='bbox 1021 4203 1299 4256; x_wconf 76' lang='lat' dir='ltr'>PistoriuS.</span> <span class='ocrx_word' id='word_1_432' title='bbox 1335 4201 1384 4256; x_wconf 85' lang='lat' dir='ltr'>S.</span> <span class='ocrx_word' id='word_1_433' title='bbox 1407 4203 1440 4254; x_wconf 88' lang='grc'>9</span> <span class='ocrx_word' id='word_1_434' title='bbox 1475 4205 1534 4256; x_wconf 88' lang='grc' dir='ltr'>Α.</span> <span class='ocrx_word' id='word_1_435' title='bbox 1574 4205 1621 4254; x_wconf 89' lang='grc'>4.</span> <span class='ocrx_word' id='word_1_436' title='bbox 1768 4205 1809 4236; x_wconf 81' lang='lat'>¹⁰</span> <span class='ocrx_word' id='word_1_437' title='bbox 1844 4203 2040 4256; x_wconf 82' lang='lat' dir='ltr'>Paulus</span> <span class='ocrx_word' id='word_1_438' title='bbox 2078 4201 2294 4266; x_wconf 82' lang='lat' dir='ltr'>Hutten‚</span> <span class='ocrx_word' id='word_1_439' title='bbox 2332 4199 2489 4266; x_wconf 88' lang='lat' dir='ltr'>episc.</span> <span class='ocrx_word' id='word_1_440' title='bbox 2528 4200 2693 4250; x_wconf 87' lang='lat' dir='ltr'>Asca-</span> 
     </span>
     <span class='ocr_line' id='line_1_48' title="bbox 454 4265 2699 4342; baseline -0.003 -18"><span class='ocrx_word' id='word_1_441' title='bbox 454 4271 697 4324; x_wconf 88' lang='lat' dir='ltr'>lonensis.</span> <span class='ocrx_word' id='word_1_442' title='bbox 736 4271 787 4326; x_wconf 80' lang='lat' dir='ltr'>S.</span> <span class='ocrx_word' id='word_1_443' title='bbox 826 4271 922 4324; x_wconf 83' lang='lat'>267</span> <span class='ocrx_word' id='word_1_444' title='bbox 949 4265 1022 4327; x_wconf 81' lang='grc' dir='ltr'>Ἀ.</span> <span class='ocrx_word' id='word_1_445' title='bbox 1060 4275 1107 4326; x_wconf 87' lang='grc'>5.</span> <span class='ocrx_word' id='word_1_446' title='bbox 1254 4273 1292 4303; x_wconf 82' lang='lat'>¹²</span> <span class='ocrx_word' id='word_1_447' title='bbox 1325 4271 1566 4338; x_wconf 85' lang='lat' dir='ltr'>Petrejus</span> <span class='ocrx_word' id='word_1_448' title='bbox 1602 4273 1747 4326; x_wconf 86' lang='lat' dir='ltr'>hatte</span> <span class='ocrx_word' id='word_1_449' title='bbox 1781 4271 1871 4328; x_wconf 85' lang='lat' dir='ltr'>ihu</span> <span class='ocrx_word' id='word_1_450' title='bbox 1910 4288 2013 4324; x_wconf 83' lang='lat' dir='ltr'>von</span> <span class='ocrx_word' id='word_1_451' title='bbox 2048 4269 2261 4342; x_wconf 86' lang='lat' dir='ltr'>Leipzig</span> <span class='ocrx_word' id='word_1_452' title='bbox 2295 4285 2359 4322; x_wconf 85' lang='lat' dir='ltr'>an</span> <span class='ocrx_word' id='word_1_453' title='bbox 2394 4267 2573 4324; x_wconf 81' lang='lat' dir='ltr'>Urban</span> <span class='ocrx_word' id='word_1_454' title='bbox 2609 4281 2699 4334; x_wconf 77' lang='lat' dir='ltr'>ge-</span> 
     </span>
     <span class='ocr_line' id='line_1_49' title="bbox 459 4339 1542 4397; baseline 0.002 -3"><span class='ocrx_word' id='word_1_455' title='bbox 459 4341 680 4394; x_wconf 82' lang='lat' dir='ltr'>schickt.</span> <span class='ocrx_word' id='word_1_456' title='bbox 717 4340 802 4393; x_wconf 90' lang='lat' dir='ltr'>Br.</span> <span class='ocrx_word' id='word_1_457' title='bbox 840 4340 954 4395; x_wconf 83' lang='lat'>210.</span> <span class='ocrx_word' id='word_1_458' title='bbox 1097 4342 1138 4374; x_wconf 76' lang='lat'>¹⁹</span> <span class='ocrx_word' id='word_1_459' title='bbox 1173 4339 1223 4394; x_wconf 79' lang='lat' dir='ltr'>S.</span> <span class='ocrx_word' id='word_1_460' title='bbox 1261 4340 1362 4393; x_wconf 88' lang='grc'>242</span> <span class='ocrx_word' id='word_1_461' title='bbox 1399 4342 1458 4397; x_wconf 88' lang='lat' dir='ltr'>A.</span> <span class='ocrx_word' id='word_1_462' title='bbox 1494 4341 1542 4396; x_wconf 85' lang='lat'>4.</span> 
     </span>
    </p>
   </div>
   <div class='ocr_carea' id='block_1_7' title="bbox 3012 348 3016 1151">
    <p class='ocr_par' dir='ltr' id='par_1_7' title="bbox 3012 348 3016 1151">
     <span class='ocr_line' id='line_1_50' title="bbox 3012 348 3016 1151; baseline 0 0"><span class='ocrx_word' id='word_1_463' title='bbox 3012 348 3016 1151; x_wconf 95' lang='lat' dir='ltr'> </span> 
     </span>
    </p>
   </div>
   <div class='ocr_carea' id='block_1_8' title="bbox 3012 2238 3016 3084">
    <p class='ocr_par' dir='ltr' id='par_1_8' title="bbox 3012 2238 3016 3084">
     <span class='ocr_line' id='line_1_51' title="bbox 3012 2238 3016 3084; baseline 0 0"><span class='ocrx_word' id='word_1_464' title='bbox 3012 2238 3016 3084; x_wconf 95' lang='lat' dir='ltr'> </span> 
     </span>
    </p>
   </div>
   <div class='ocr_carea' id='block_1_9' title="bbox 3012 3383 3014 4046">
    <p class='ocr_par' dir='ltr' id='par_1_9' title="bbox 3012 3383 3014 4046">
     <span class='ocr_line' id='line_1_52' title="bbox 3012 3383 3014 4046; baseline 0 0"><span class='ocrx_word' id='word_1_465' title='bbox 3012 3383 3014 4046; x_wconf 95' lang='lat' dir='ltr'> </span> 
     </span>
    </p>
   </div>
  </div>
 </body>
</html>
