3084 4895
477 388 604 455 592
941 380 1249 441 Zerstreute
1290 374 1464 439 Briefe
1501 401 1599 469 aus
1636 384 2051 440 verschiedenen
2088 388 2289 443 Zeiten.

485 562 962 645 dispensatione
1035 582 1178 625 cum
1254 580 1456 623 essem
1531 560 1935 641 praeposit-us
2008 560 2458 642 sapienterque
2532 560 2759 624 omnia

489 654 554 711 et
598 648 762 711 bene
816 646 1104 727 egissem,
1171 667 1336 728 quae
1393 645 1473 707 ad
1519 646 1585 708 id
1632 644 1910 709 officium
1979 647 2257 709 maxime
2317 646 2756 727 pertinebant,

487 734 674 798 Petro
738 730 1146 813 Aperbaccho
1205 736 1532 812 tamquam
1600 731 1804 793 amico
1868 731 2059 795 etiam
2130 731 2631 812 gratificaturuS,
2678 738 2757 795 ut

484 841 584 883 me
649 818 920 882 amicum
987 817 1406 891 ostenderem,
1479 838 1619 879 mea
1688 816 2021 896 diligentia
2088 816 2212 880 feci
2276 818 2473 897 (quod
2536 818 2593 880 is
2640 817 2752 881 diu

485 909 674 968 antea
719 903 940 967 multis
987 902 1156 966 votis
1211 902 1693 984 postulaverat),
1740 908 1815 965 ut
1858 924 1939 965 ex
1983 901 2120 983 ejus
2175 902 2549 983 myropolio'
2610 923 2754 965 sac-

482 990 740 1053 charum
807 992 1119 1051 emeretur
1184 988 1395 1051 decem
1459 991 1524 1049 et
1590 992 1833 1067 septem
1901 1008 2231 1051 nummum
2288 988 2427 1051 auri
2484 987 2749 1068 signati.

485 1074 666 1151 Quod
715 1096 856 1137 cum
905 1073 1336 1153 gratissimum
1386 1077 1574 1148 esset,
1620 1072 1700 1135 ad
1734 1072 2037 1135 celebrem
2074 1071 2293 1137 feriam
2326 1094 2467 1135 cum
2502 1072 2752 1153 collega

486 1158 653 1223 meo²
704 1164 966 1223 vocatus
1013 1158 1091 1220 ad
1141 1158 1522 1221 meridianas
1557 1158 1751 1239 dapes
1782 1178 1923 1219 cum
1961 1157 2148 1221 Petro
2180 1163 2245 1220 et
2276 1158 2411 1239 ejus
2442 1157 2749 1221 omnibus

482 1267 753 1328 pransus
821 1266 979 1307 sum.
1073 1244 1231 1306 Cum
1300 1246 1624 1323 praeterea
1690 1264 1833 1306 cum
1902 1243 2120 1305 eodem
2188 1244 2254 1305 in
2324 1264 2481 1306 cena
2550 1244 2749 1306 etiam

482 1353 705 1407 essem,
751 1352 972 1394 mensa
1015 1334 1259 1392 remota
1313 1328 1637 1410 coepimus
1690 1328 1904 1391 ludere
1964 1350 2105 1391 cum
2168 1327 2379 1409 puella
2422 1334 2487 1391 et
2534 1328 2751 1391 vetula

483 1414 641 1481 anu³
689 1421 751 1479 et
799 1415 942 1478 aliis
987 1416 1098 1496 qui
1143 1414 1430 1490 aderant,
1475 1434 1671 1493 quom
1718 1435 1855 1477 sors
1900 1414 2257 1478 communis
2301 1413 2511 1491 Petro,
2558 1418 2636 1475 ut
2680 1414 2749 1475 in

482 1509 728 1583 tergum
775 1501 1075 1565 manibus
1119 1502 1577 1581 percuteretur,
1625 1498 1787 1561 forte
1834 1499 2089 1561 fortuna
2137 1500 2365 1563 evenit.
2442 1498 2747 1574 Quicum

478 1587 559 1651 ab
621 1588 764 1651 aliis
808 1592 873 1650 et-
917 1606 1103 1668 saepe
1149 1590 1212 1649 et
1257 1584 1555 1666 graviter,
1610 1607 1647 1647 a
1695 1606 1793 1647 me
1852 1585 2045 1648 semel
2109 1585 2333 1647 leviter
2377 1585 2441 1646 in
2489 1590 2747 1665 tergum

477 1674 933 1746 verberaretur,
1005 1671 1144 1753 „Dii
1210 1670 1311 1734 te“
1390 1670 1621 1751 inquit,
1696 1669 2027 1749 „Eobanel
2118 1668 2483 1751 Vapulabis,
2540 1670 2596 1733 si
2644 1690 2749 1731 me

477 1780 696 1823 rursus
757 1754 1196 1839 percusseri8.“
1291 1755 1427 1836 Ego
1495 1755 1652 1817 haec
1722 1755 1907 1819 nihili
1935 1765 1964 1794 ²
2026 1754 2285 1833 faciens,
2355 1754 2525 1836 quod
2594 1776 2745 1817 cum

477 1846 680 1909 amico
733 1866 832 1907 me
895 1864 1031 1907 esse
1091 1842 1419 1924 putabam,
1481 1841 1664 1922 coepi
1715 1861 1935 1904 rursus
1990 1841 2268 1918 caedere,
2326 1841 2457 1919 sed,
2504 1840 2598 1914 ita
2646 1860 2747 1903 me

480 1931 637 1995 deus
681 1934 870 2006 amet,
915 1928 1098 1993 valde
1141 1928 1393 1991 leviter:
1452 1926 1601 1989 dum
1651 1926 1755 1989 ille
1800 1925 2091 1989 insiliens
2150 1947 2366 2008 pugno
2412 1947 2514 1989 me
2557 1926 2625 1988 in
2672 1946 2747 1989 os

479 2016 794 2099 percussit
838 2036 1030 2097 supra
1075 2013 1332 2076 modum
1381 2010 1641 2089 duriter,
1673 2012 1764 2073 ita
1795 2016 1868 2074 ut
1900 2012 2213 2093 sanguine
2259 2013 2481 2075 dentes
2526 2010 2747 2073 made-

477 2103 720 2165 fierent.
811 2099 946 2183 Ego
1015 2119 1162 2162 vero
1230 2098 1500 2178 patienS,
1562 2102 1634 2159 ut
1680 2118 1840 2172 sum,
1908 2098 2187 2177 graviter
2253 2097 2455 2160 multa
2524 2097 2744 2159 dicens

479 2187 627 2250 abii.
720 2186 1025 2251 Obtestor
1067 2190 1152 2258 te,
1201 2183 1506 2259 Mutiane,
1571 2183 1692 2256 dic,
1752 2183 2063 2264 numquid
2121 2182 2281 2246 mihi
2338 2182 2599 2246 ferenda
2644 2185 2744 2245 est

477 2278 662 2336 tanta
722 2270 1000 2354 injuria?
1114 2270 1252 2333 Non
1319 2269 1547 2350 patiar,
1614 2272 1782 2330 certe
1847 2289 1975 2331 non
2042 2269 2266 2351 patiar.
2378 2268 2565 2331 Prius
2632 2289 2742 2330 ex-

470 2358 752 2440 perietur
802 2354 1268 2439 AperbacchuS,
1318 2353 1469 2434 quid
1519 2354 1777 2434 possim,
1834 2375 2023 2435 quam
2082 2353 2331 2417 fortiter
2376 2374 2478 2415 me
2526 2352 2735 2415 vindi-

475 2465 614 2507 care
676 2443 892 2507 sciam.
982 2439 1112 2504 Nec
1173 2445 1288 2516 est,
1345 2438 1516 2521 quod
1572 2439 1911 2521 suspiceris
1966 2461 2066 2503 me
2122 2463 2200 2503 ex
2247 2440 2737 2504 conversatione

472 2530 704 2594 sororis
748 2549 1128 2611 provocasse
1173 2530 1395 2590 contra
1440 2547 1538 2588 me
1583 2526 1909 2588 invidiam.
2002 2526 2265 2589 Cautior
2322 2547 2483 2603 sum,
2540 2545 2735 2605 quam

477 2616 585 2697 qui
632 2616 696 2676 in
744 2616 886 2678 istis
933 2613 1283 2694 puerilibus
1321 2611 1639 2674 erroribus
1671 2610 2120 2692 deprehendar.
2210 2610 2444 2674 Famae
2477 2614 2735 2673 nostrae

474 2700 688 2782 potius
733 2700 980 2763 invidet
1025 2698 1268 2774 Petrae,
1317 2719 1505 2778 quarn
1576 2715 1746 2759 nunc
1798 2695 2139 2774 obtrectat,
2191 2696 2430 2760 lacerat
2474 2700 2543 2759 et-
2585 2715 2735 2758 con-

473 2791 756 2848 temnere
821 2807 887 2847 se
956 2784 1129 2846 dicit.
1221 2783 1401 2859 Quod
1467 2786 1542 2845 ut
1601 2781 1924 2862 intelligas
1985 2786 2049 2844 et
2108 2803 2324 2845 verum
2391 2802 2530 2844 esse
2597 2781 2733 2861 ipse

475 2891 684 2934 coram
746 2871 982 2946 videaS,
1039 2868 1378 2950 subjiciam
1437 2867 1563 2930 duo
1624 2866 1913 2948 exempla
1961 2866 2227 2930 duarum
2296 2865 2733 2947 epistolarum,

474 2979 634 3039 quas
665 2956 745 3019 ad
780 2978 878 3019 me
911 2955 1167 3036 scripsit
1211 2953 1420 3017 furore
1464 2953 1693 3034 plenus
1725 2957 1789 3014 et
1817 2953 2090 3029 insania,
2137 2972 2332 3034 quom
2371 2951 2735 3014 humaniter

472 3063 588 3122 ego
635 3046 700 3105 et
768 3041 1044 3122 benigne
1101 3040 1492 3121 scripsissem
1550 3060 1650 3101 me
1702 3043 1874 3100 recto
1923 3037 2165 3118 judicio
2210 3036 2731 3119 propulsaturum

469 3132 718 3191 tantam
779 3127 1097 3209 injuriam.
1190 3124 1353 3200 Quid
1408 3145 1557 3186 vero
1614 3126 1835 3187 contra
1901 3143 2015 3186 nos
2062 3122 2491 3200 deblaterarit,
2559 3143 2730 3184 nunc

463 3214 696 3296 accipe.

500 3365 547 3420 ⁴·
603 3349 867 3432 „Petrus
915 3346 1362 3430 Aperbacchus
1405 3345 1669 3409 Eobano
1720 3323 1939 3422 flesse,
1986 3349 2211 3427 poetae
2253 3341 2601 3426 egestosa*

673 3452 954 3524 Eobane,
989 3451 1144 3514 satis
1176 3471 1346 3512 nunc
1371 3448 1522 3512 mihi
1552 3454 1613 3511 te
1639 3447 2000 3512 ostendisti.
2062 3445 2151 3512 Ut
2173 3467 2317 3510 aera
2340 3446 2606 3528 tinnitu,
2638 3447 2729 3510 sic

470 3538 759 3601 homines
805 3538 1016 3601 verbis
1062 3546 1552 3616 cognoscuntur.
1642 3533 1777 3614 Ego
1825 3534 1972 3597 dum
2020 3533 2208 3595 hodie
2239 3532 2588 3596 vanissima
2619 3536 2731 3595 tua

466 3623 793 3686 mendacia
846 3623 1137 3704 legerem,
1199 3621 1373 3683 visus
1419 3641 1559 3682 sum
1608 3623 1671 3682 te
1716 3641 1929 3700 gerrae
1995 3615 2273 3682 Siculas⁵
2344 3619 2724 3700 garrientem

468 3710 686 3772 audire
744 3729 950 3790 neque
1011 3707 1352 3789 quicquam
1427 3705 1888 3768 commovebar.
1982 3703 2051 3768 Si
2099 3710 2162 3767 te
2206 3704 2397 3768 talem
2444 3707 2727 3768 tantum-

599 3858 627 3885 a
655 3842 800 3894 nihil.

607 3915 619 3943 ¹
660 3911 758 3964 Die
814 3910 1104 3977 Apotheke,
1164 3924 1266 3960 von
1320 3908 1414 3959 der
1464 3907 1664 3959 Mutter
1716 3906 2000 3973 betrieben,
2054 3905 2197 3959 hiess
2232 3906 2326 3958 der
2360 3906 2603 3958 Later-an.
2670 3903 2723 3958 S.

465 3981 648 4033 weiter
671 3983 848 4033 unten.
922 3982 1034 4031 Aus
1073 3979 1194 4029 dem
1229 3975 1456 4028 Lateran
1491 3976 1562 4029 ist
1598 3975 1736 4028 auch
1771 3975 1856 4027 ein
1892 3974 1978 4029 ΒΥ.
2018 3975 2111 4028 des
2146 3973 2286 4026 Petr.
2325 3991 2389 4026 an
2426 3973 2607 4026 Eoban
2646 3973 2723 4026 15.

462 4050 497 4101 J
499 4049 590 4101 uni
647 4048 780 4101 1508
837 4047 1042 4113 datiert,
1094 4047 1144 4097 in
1195 4045 1290 4097 des
1341 4044 1587 4098 Letztem
1642 4043 1839 4097 Schrist
1892 4043 1970 4095 De
2028 4043 2320 4096 amantium
2374 4041 2723 4096 infoelicitate.

463 4117 738 4183 Krause‚
787 4116 846 4170 E.
897 4115 1048 4168 Hess,
1087 4116 1131 4178 Ι,
1167 4113 1248 4167 68.
1393 4115 1414 4146 ²
1447 4110 1610 4166 Woh]
1667 4113 1780 4165 sein
1832 4112 2269 4180 Stubengenosse,
2323 4109 2725 4175 contubernalis»,

467 4191 628 4238 unten
686 4189 1057 4239 conterraneus
1114 4184 1354 4250 genannt.
1499 4183 1520 4214 ⁸
1557 4179 1857 4235 Schwester
1909 4181 2019 4232 und
2076 4180 2272 4232 Mutter
2324 4180 2418 4232 des
2471 4177 2725 4244 Petrejus.

401 4291 406 4294 -
468 4253 584 4322 vgl.
623 4253 712 4306 Br.
750 4253 867 4308 206.
1010 4253 1036 4288 ⁴·
1067 4251 1268 4304 Mutian
1325 4250 1516 4302 nimmt
1570 4250 1757 4304 darauf
1804 4249 1985 4316 Bezug
2026 4265 2091 4300 an
2126 4248 2342 4315 Petrej.:
2398 4247 2727 4300 »Notandum

462 4329 545 4376 ost
579 4323 799 4382 miniata
835 4321 1036 4385 cerula,
1074 4320 1212 4387 quod
1249 4318 1551 4385 scripseris:
1590 4321 1827 4388 egestoso
1862 4325 2088 4385 poetae«
2156 4316 2309 4368 Tenz.
2346 4315 2458 4370 Rel.
2498 4331 2615 4383 epp.
2658 4313 2725 4368 M.

459 4409 507 4458 p.
548 4391 663 4444 249.
733 4451 737 4456 .
807 4393 827 4422 ⁵
863 4389 1120 4456 Sprichw.
1147 4393 1226 4426 '==
1262 4387 1474 4441 Possen.
