3084 4895
1227 410 1437 471 Mutian
1471 432 1538 471 an
1578 412 1773 472 Urban.
2486 413 2609 485 287

385 588 518 653 Imo
564 592 705 651 uter
752 588 837 651 sit
880 588 1150 666 stultior,
1217 588 1605 670 ambiguum.
1696 586 1909 651 Credit
1969 589 2191 651 doctus
2249 588 2491 654 insulso
2550 596 2615 654 et

385 674 585 751 fatue,
631 677 695 736 et
739 672 885 735 dum
955 674 1094 754 pius
1163 695 1296 736 esse
1361 674 1500 738 vult
1556 674 1621 735 in
1678 694 1843 745 suos,
1903 673 1977 737 fit
2019 674 2083 736 in
2131 681 2327 738 semet
2390 676 2613 739 hostie.

387 760 614 821 Annon
664 758 748 821 sit
791 759 995 821 hostis
1038 759 1124 821 rei
1168 780 1336 828 suae,
1374 761 1482 839 qui
1516 780 1641 821 non
1675 760 1914 841 patitur
1944 780 2266 821 nummum
2300 760 2364 822 in
2394 762 2617 824 loculis

389 843 754 925 quiescere?
867 844 1233 907 Admonebo
1301 849 1363 908 et
1427 843 1817 925 extorquebo
1886 846 2235 926 pecuniam.
2324 846 2459 910 Nisi
2518 869 2617 910 res

386 934 555 993 esset
626 928 822 993 ardua
887 933 950 992 et
1017 929 1309 993 remediis
1381 930 1709 1011 indigeret,
1784 929 2201 993 condonarem
2266 931 2328 993 id
2398 933 2616 1015 culpae

389 1014 720 1098 Spalatino
765 1018 830 1077 et
874 1015 950 1077 de
993 1036 1094 1077 me
1133 1014 1436 1096 judicium
1486 1015 1771 1078 facerem.
1861 1014 2001 1078 Non
2035 1016 2199 1079 enim
2232 1016 2440 1082 minus
2476 1040 2611 1081 sum

387 1122 624 1183 pauper
698 1121 883 1181 quam
967 1100 1090 1177 ille,
1159 1101 1273 1163 etsi
1343 1105 1590 1163 sumtus
1656 1104 1720 1162 et
1784 1100 2101 1181 impensas
2163 1102 2349 1181 longe
2416 1105 2615 1185 magis

393 1187 774 1249 necessarias
835 1184 1017 1248 facio.
1107 1184 1338 1248 Victito
1385 1186 1573 1259 domi,
1634 1208 1761 1249 non
1820 1186 2000 1249 aulae
2060 1208 2337 1249 mensam
2406 1189 2612 1252 visito,

387 1272 651 1335 Emendi
695 1276 846 1334 sunt
891 1270 1072 1346 casei,
1119 1275 1344 1347 vesteS,
1393 1271 1711 1352 butyrum,
1760 1292 1977 1334 carnes
2009 1278 2070 1335 et
2100 1273 2353 1335 tandem
2387 1275 2616 1338 omnia.

389 1357 501 1420 Ille
545 1358 748 1421 alieno
797 1356 937 1419 cibo
985 1356 1157 1431 vivit,
1221 1357 1424 1419 alieno
1488 1356 1755 1420 vestitur
1818 1378 2029 1438 panno
2074 1362 2137 1421 et
2181 1362 2390 1421 tamen
2460 1360 2615 1425 nihil

385 1443 655 1523 reponit,
717 1441 1080 1524 praesertim
1130 1463 1268 1504 oum
1316 1441 1561 1505 natales
1608 1442 1737 1505 sint
1781 1443 1861 1506 ab
1906 1442 2167 1506 infamia
2222 1444 2612 1508 redimendi.¹

387 1527 562 1603 Mihi,
629 1549 708 1591 ne
753 1529 1041 1602 mentiar,
1104 1528 1314 1607 gravis
1359 1527 1434 1589 fit
1476 1527 1707 1608 injuria
1772 1529 1939 1608 apud
1986 1527 2267 1592 Hessos²
2354 1528 2613 1609 Evocor,

387 1614 694 1692 stimulor,
741 1614 928 1677 audio
974 1612 1278 1694 querelaS,
1325 1612 1616 1693 intelligo
1660 1614 1941 1676 convicia
1973 1614 2416 1695 flagitantium.
2493 1616 2618 1681 Sed

389 1700 538 1781 quia
583 1699 736 1763 deus
779 1699 1177 1779 omnipotens
1222 1699 1482 1761 aurinus
1529 1699 1723 1772 deest,
1792 1720 1979 1781 cogor
2042 1700 2208 1762 intra
2268 1703 2615 1781 penetralia

386 1806 656 1847 manere.
745 1784 1010 1865 Neptem
1057 1804 1260 1845 meam
1305 1806 1342 1847 a
1388 1788 1588 1847 matre
1631 1787 1875 1847 tutores
1909 1786 2124 1861 dativi,
2158 1788 2443 1866 potentia
2473 1787 2617 1851 freti

389 1870 760 1951 regentium,
819 1870 1235 1944 abstulerunt,
1293 1890 1420 1932 non
1480 1872 1615 1931 tam
1676 1869 1815 1950 jure
1862 1876 1923 1934 et
1969 1871 2361 1935 humanitate
2428 1896 2617 1954 quam

390 1955 698 2020 bonorum
764 1955 1002 2036 puellae
1065 1954 1354 2035 aucupiO.
1445 1953 1604 2018 Nam
1652 1959 1715 2017 et
1760 1976 1886 2018 rem
1933 1961 1997 2020 et
2039 1978 2366 2039 personam
2434 1980 2617 2025 occu-

389 2060 538 2123 pare
593 2041 816 2105 volunt
861 2046 925 2103 et
966 2040 1219 2103 tandem
1256 2060 1443 2121 proco
1476 2039 1665 2103 alicui
1698 2041 1793 2103 sui
1827 2042 2153 2123 sanguinis
2185 2044 2615 2124 virgunculam

390 2127 715 2191 collocare.
804 2125 1006 2189 Mater
1066 2124 1190 2189 fert
1245 2125 1307 2189 id
1367 2125 1588 2206 iniquo
1649 2127 1876 2189 anim0.
1970 2128 2090 2191 Sed
2152 2150 2315 2193 unus
2360 2151 2475 2213 ego
2520 2136 2619 2195 tot

387 2213 592 2275 tantis
635 2212 788 2275 viris
833 2213 942 2293 qui
988 2210 1326 2275 resistam?
1413 2210 1693 2275 Turbare
1735 2232 1988 2293 possum
2034 2218 2240 2277 totum
2298 2218 2617 2296 negotium

389 2298 485 2361 vel
559 2298 910 2380 principum
981 2297 1430 2360 intercessione
1489 2296 1587 2359 vel
1650 2296 1774 2359 alia
1832 2300 2100 2376 vafritia,
2162 2300 2269 2362 sed
2329 2302 2623 2383 prodesse

387 2384 662 2447 mallem.
753 2382 835 2445 Et
897 2383 1052 2445 haec
1097 2388 1192 2446 est
1237 2382 1454 2445 nativa
1529 2383 1800 2462 bonitas,
1864 2406 2052 2465 quam
2120 2388 2279 2450 aeris
2344 2386 2621 2452 defectus

391 2471 545 2533 facit
588 2461 1093 2533 verecundiorem
1143 2475 1204 2532 et
1250 2470 1431 2550 quasi
1479 2468 1777 2533 retardat.
1868 2469 2035 2534 Bene
2081 2472 2233 2555 vale.

694 2569 816 2622 eod.
854 2568 986 2623 Fref.
1025 2567 1088 2620 27
1093 2569 1140 2621 5.

392 2757 620 2826 (notha.)
813 2707 818 2714 .
931 2818 944 2833 Ι
1426 2741 1569 2806 232.
2280 2761 2415 2828 (Ans.
2456 2763 2624 2832 1513.)

1133 2865 1418 2935 Mutian
1463 2827 1561 2937 an
1605 2865 1881 2938 Urban.

391 2996 522 3062 (Hac
561 2995 918 3062 Sbmwwrinqs
953 2995 1190 3047 Amwort
1221 3011 1390 3062 weyen
1423 2995 1508 3047 des
1546 2995 1789 3062 Diploms
1824 3013 1897 3048 cm
1935 2996 2187 3064 Spalatin
2214 2999 2483 3064 yeschickt,
2509 2999 2621 3050 dem

403 3065 584 3118 Urbem
625 3065 798 3116 wichte
843 3064 1173 3132 verspreehen
1205 3065 1316 3126 soll,
1352 3064 1421 3116 da
1457 3081 1513 3116 er
1545 3067 1726 3116 semen
1780 3064 2233 3133 Vevpslichtunqm
2276 3067 2422 3120 nieht
2464 3068 2626 3120 naeh-

661 3134 870 3186 kommt.
955 3133 1065 3186 Von
1097 3133 1194 3184 den
1228 3132 1450 3194 Mittam,
1488 3149 1585 3184 um
1628 3133 1917 3201 Campeyus
1950 3151 2024 3186 zu
2058 3135 2364 3203 bef‘o’rdmvz.)

1135 3249 1215 3298 H.
1252 3249 1505 3300 Urbano
1540 3248 1628 3298 Μ.
1663 3247 1883 3299 Rufus·

598 3359 661 3423 S.
752 3359 1110 3424 Laudamus
1155 3363 1236 3437 te,
1283 3359 1436 3424 deus
1496 3363 1729 3438 noster,
1776 3360 1885 3442 qui
1928 3359 2116 3424 bonis
2169 3361 2319 3424 viris
2364 3364 2426 3423 et
2471 3359 2624 3422 mihi

398 3446 718 3510 Urbanum
767 3452 1069 3528 tanquam
1133 3447 1509 3528 praesidium
1579 3451 1975 3529 tutoremque
2043 3447 2267 3510 salutis
2314 3450 2376 3508 et
2421 3446 2625 3526 digni-

395 3532 550 3596 tatis
615 3536 866 3596 nostrae
938 3532 1184 3595 dedisti.
1273 3531 1500 3596 Multa>
1535 3531 1691 3595 mihi
1736 3537 1799 3594 et
1837 3533 1991 3595 meis
2050 3533 2311 3595 adversa
2370 3538 2518 3595 sunt
2563 3536 2627 3595 et

393 3617 667 3682 fuerunt.
755 3618 827 3682 In
873 3619 1166 3682 omnibus
1226 3639 1409 3682 nemo
1473 3617 1693 3681 melius
1762 3616 2201 3700 efficaciusque
2272 3617 2626 3681 sublevavit

395 3727 479 3780 re,
525 3704 754 3780 verbis»,
798 3725 988 3786 opera
1032 3725 1218 3785 quam
1267 3703 1579 3768 Urbanus.
1669 3703 1893 3783 Itaque
1953 3704 2095 3766 vivo
2155 3723 2299 3785 „per
2341 3706 2406 3766 te
2448 3724 2625 3784 prae-

396 3794 636 3853 sentem
686 3790 1221 3872 conspicuumque
1266 3786 1555 3853 deum.“³
1643 3788 1760 3850 Fui
1806 3793 1955 3852 ante
2011 3788 2296 3852 brumam
2344 3810 2467 3851 non
2516 3788 2626 3852 ad-

395 3877 648 3938 modum
716 3876 950 3939 firmus.
1065 3874 1204 3938 Pati
1269 3876 1531 3938 adversa
1608 3873 1861 3937 Crotum
1939 3872 2203 3937 audivi*
2314 3872 2625 3956 Spalatini

535 4013 549 4042 ¹
589 4011 702 4062 Von
739 4011 860 4062 dem
897 4009 1067 4062 Makel
1103 4009 1195 4062 der
1227 4010 1573 4062 unehelichen
1615 4007 1825 4060 Geburt.
1866 4007 1983 4076 Vgl.
2022 4008 2071 4061 S.
2094 4009 2195 4062 286
2230 4012 2290 4064 A.
2317 4009 2363 4062 3.
2504 4009 2523 4040 ²
2566 4008 2625 4060 In

396 4081 514 4132 dom
554 4079 1048 4142 Erbschaftsstreite.
1087 4079 1136 4131 S.
1175 4079 1275 4130 283
1311 4081 1371 4132 A.
1409 4079 1455 4131 3.
1600 4078 1621 4108 ³
1656 4076 1806 4130 Ovid.
1845 4076 1994 4129 Trist.
2032 4077 2100 4143 ΙΙ,
2137 4079 2217 4130 54.
2360 4078 2381 4110 ⁴
2416 4077 2617 4135 Crotus,

396 4149 532 4200 noch
568 4149 621 4200 in
657 4147 836 4210 Fulda,
897 4151 1000 4200 trat
1051 4163 1142 4198 um
1177 4147 1320 4199 diese
1357 4147 1468 4198 Zeit
1514 4145 1573 4196 in
1620 4146 1718 4196 den
1774 4145 2083 4212 geistlichen
2137 4146 2313 4211 Stand,
2364 4162 2473 4198 war
2506 4146 2629 4198 aber

394 4216 595 4269 sowohl
638 4217 736 4268 mit
781 4217 956 4268 seinen
1011 4216 1322 4269 Einkiinften
1383 4216 1460 4267 als
1496 4215 1593 4264 mit
1628 4215 1747 4265 dem
1811 4213 1992 4266 Leben
2045 4219 2197 4266 unter
2252 4214 2476 4267 »Idioten
2522 4215 2629 4265 und

395 4285 620 4338 Pfaffen«
655 4286 778 4337 sehr
811 4285 1160 4337 unzufrieden.
1236 4284 1387 4336 Auch
1424 4284 1491 4334 im
1531 4283 1647 4348 folg.
1684 4281 1732 4334 J.
1769 4280 1911 4348 klagt
1946 4299 2016 4347 er,
2056 4301 2112 4336 so
2149 4283 2201 4334 iu
2238 4283 2410 4336 einem
2447 4283 2532 4334 ΒΓ.
2560 4298 2625 4334 an

396 4353 600 4407 Mutian
635 4371 684 4406 V.
725 4355 770 4407 3.
807 4354 945 4407 Juni.
1002 4353 1122 4406 Cod.
1161 4353 1309 4406 Goth.
1349 4356 1395 4404 A
1430 4352 1528 4403 379
1564 4351 1654 4404 Nr.
1692 4351 1773 4402 47.
1835 4351 1950 4403 Von
1990 4352 2161 4404 seiner
2195 4351 2520 4423 Bewerbung
2540 4367 2630 4402 um

397 4422 484 4474 ein
520 4423 749 4477 Gothaer
782 4422 1074 4476 Kanonikat
1108 4423 1176 4474 ist
1211 4422 1264 4473 in
1301 4421 1385 4474 ΒΓ.
1423 4419 1524 4474 202
1560 4420 1644 4472 die
1680 4418 1836 4472 Rede.
