3084 4895
479 399 560 466 14
1149 397 1326 454 Briefe
1361 400 1444 454 bis
1477 416 1595 454 zum
1630 399 1831 454 Herbst
1869 393 2015 456 1505.

475 571 676 636 fiteor.
767 570 1026 636 Absolvi
1057 594 1158 636 me
1186 573 1457 656 postulo.
1533 573 1617 636 Et
1648 595 1761 655 pro
1791 575 2041 638 actione
2070 575 2411 655 gratiarum
2443 586 2471 614 ⁸
2513 576 2706 640 offero

475 680 572 722 me
633 657 757 722 tibi
817 665 880 722 et
941 659 1123 722 trado
1181 682 1282 722 me
1339 667 1545 722 totum
1594 667 1657 722 et
1702 659 1866 723 hanc
1932 661 2305 722 subitariam
2374 663 2701 742 epistolam

474 765 650 808 meae
707 765 856 825 erga
898 749 964 808 te
1008 745 1446 809 observantiae
1507 747 1755 826 pignus.
1846 747 2067 808 Valeas
2122 746 2387 809 feliciter
2446 753 2511 810 et
2564 771 2707 810 ama

473 835 644 894 tuam
713 831 1158 904 urbanitatem,
1225 853 1387 912 quae
1455 833 1655 895 virtus
1720 833 1927 895 media
1985 839 2081 895 est
2140 834 2303 894 inter
2362 834 2487 896 duo
2534 836 2707 908 vitia,

476 915 910 980 austeritatem
958 923 1022 980 et
1069 917 1554 994 bomolochian,¹
1606 941 1768 999 quae
1814 919 2007 981 latine
2053 919 2399 980 scurrilitas
2457 919 2707 995 dicitur,

479 1009 540 1066 et
585 1003 996 1066 bomolocbus
1060 1025 1289 1067 scurra.
1385 1005 1476 1066 Ex
1532 1003 1743 1067 Gotha
1778 1006 1889 1078 ‚die
1935 1005 2249 1066 dominico
2294 1013 2358 1066 et
2404 1006 2589 1068 Petro
2634 1029 2708 1070 ac

475 1088 670 1153 Paulo
716 1093 1099 1152 consecrato,

775 1189 896 1244 Cod.
933 1189 1066 1242 Frcf.
1106 1191 1151 1241 1.

473 1403 702 1476 (Gotha)
1542 1387 1639 1450 12·
2064 1443 2087 1460 .
2221 1404 2480 1472 (Sommer
2516 1405 2711 1474 1505.)2

1217 1515 1504 1586 Mutian
1549 1536 1646 1585 an
1690 1515 1967 1586 Urban.

470 1643 844 1713 (Etnpfelzluny
883 1645 1158 1712 Spalatins
1193 1645 1307 1698 und
1339 1645 1490 1706 Bate,
1528 1645 1627 1697 ilm
1648 1645 1795 1697 nicht
1818 1645 1955 1697 nack
1976 1645 2224 1696 Zwielmu
2236 1644 2395 1709 ychen
2419 1661 2492 1696 zu
2518 1645 2706 1707 las-sen,

863 1713 1038 1766 wollin
1071 1731 1203 1767 man
1237 1715 1334 1766 ilm
1370 1715 1451 1766 als
1489 1714 1901 1766 Stacltsehrez'ber
1935 1713 2147 1780 berufen
2180 1713 2325 1776 will.)

775 1827 1022 1888 optimo
1059 1832 1121 1879 et
1157 1829 1517 1879 suavissimo
1552 1830 1722 1888 patri
1756 1829 2010 1879 Urbano
2057 1828 2146 1878 M.
2182 1827 2401 1877 Rufus.

679 1939 747 2004 Si
795 1939 983 2016 vales,
1035 1941 1192 2004 bene
1239 1947 1362 2017 est3
1409 1963 1545 2021 ego,
1595 1942 1761 2022 quod
1812 1944 1909 2003 est
1954 1941 2151 2004 divini
2200 1938 2495 2015 muneriS,
2542 1944 2708 2000 recte

479 2027 672 2090 vale0.
764 2025 1060 2091 Omnium
1109 2029 1308 2091 nostri
1355 2029 1592 2090 ordinis
1655 2028 2058 2090 beatissimus
2118 2031 2286 2089 esset
2341 2024 2711 2105 Spalatinus

481 2119 716 2191 noster,
751 2113 801 2176 si
839 2115 1126 2196 princeps
1157 2119 1305 2177 tuus
1338 2115 1426 2176 ita
1457 2115 1629 2176 illius
1665 2114 2007 2176 modestam
2044 2113 2503 2174 humanitatem
2536 2116 2608 2172 ut
2640 2117 2711 2170 tu

480 2206 900 2279 cognosceret.
956 2199 1182 2281 Utique
1217 2200 1479 2280 probum
1507 2199 1799 2280 juvenem
1834 2205 1897 2262 et
1928 2200 2241 2262 hominem
2277 2198 2711 2260 doctissimum

480 2287 967 2349 mansuetudine
998 2309 1130 2363 sua,
1167 2309 1326 2367 quae
1344 2286 1696 2368 'singularis
1727 2292 1842 2363 est,
1876 2285 2444 2367 comprehenderet.
2497 2282 2713 2362 Neque

485 2371 646 2435 enim
718 2376 845 2436 tam
916 2394 1170 2435 suavem
1241 2373 1672 2454 paedagogum
1743 2373 1976 2435 sineret
2039 2371 2327 2434 aberrare
2385 2390 2457 2432 ac
2504 2370 2713 2450 potius

483 2458 867 2540 Thuringiae
911 2460 1069 2523 fines
1115 2460 1430 2523 excedere.
1528 2460 1663 2522 Vidi
1694 2459 1925 2535 literaS,
1960 2460 2107 2533 vidi,
2140 2460 2227 2521 mi
2258 2457 2527 2532 Urbane,
2574 2455 2715 2535 qui-

474 2545 594 2609 bus
644 2545 1028 2609 sollicitatur
1073 2568 1108 2607 a
1157 2550 1378 2609 senatu
1415 2544 1897 2623 szickaviano,
1930 2549 2002 2607 ut
2034 2544 2201 2607 illius
2235 2542 2714 2606 honestissimae

480 2632 760 2695 civitatis
809 2632 1014 2695 scriba
1060 2632 1348 2713 publicus
1393 2632 1523 2695 fiat.
1617 2633 1720 2695 Sic
1764 2638 2040 2694 vestrum
2098 2630 2489 2705 coenobium,
2545 2626 2713 2707 quod

479 2718 769 2799 equidem
835 2719 1236 2799 magnifacio,
1297 2718 1534 2781 carebit
1589 2719 1827 2798 optimo
1874 2724 2276 2799 praeceptore
2321 2725 2384 2777 et
2428 2723 2498 2777 tu
2544 2734 2715 2775 ama-

481 2803 594 2868 bili
643 2808 706 2867 et
764 2810 1016 2885 propter
1075 2805 1432 2866 communia
1489 2805 1701 2866 studia
1757 2804 2072 2885 diligendo
2128 2803 2489 2865 domestico.
2578 2799 2715 2860 Erit

477 2890 598 2953 hoc
645 2890 708 2953 in
756 2892 928 2954 omni
979 2891 1107 2953 vita
1152 2890 1508 2953 luctuosum
1576 2890 1811 2952 derasis
1871 2890 2185 2952 tironibus
2245 2888 2489 2950 vestris,
2580 2884 2713 2965 Ego

478 2996 731 3057 quoque
778 2978 894 3041 etsi
943 2974 1257 3058 Spalatini
1304 2976 1730 3039 familiaritate
1776 2982 1837 3039 et
1884 2975 2327 3057 conjunctione
2375 2973 2709 3055 plurimum

479 3062 753 3126 delector
799 3070 860 3125 et.
906 3060 986 3125 ob
1035 3064 1095 3125 id
1146 3084 1451 3125 recessum
1501 3085 1537 3124 a
1587 3061 1767 3124 nobis
1816 3063 1995 3142 quasi
2044 3062 2259 3135 defleo,
2308 3060 2436 3121 fero
2481 3066 2713 3132 tamen,

479 3150 626 3231 quia
672 3148 881 3213 forsan
929 3148 1075 3211 fatis
1124 3149 1212 3211 ita
1258 3148 1514 3229 placuit.
1608 3148 1730 3211 Sed
1761 3155 2087 3228 utcunque
2119 3148 2221 3219 sit,
2269 3149 2518 3226 gratum
2561 3143 2711 3205 mihi

476 3234 876 3299 vehementer
923 3235 1159 3308 t'eceriS‚
1224 3237 1275 3296 si
1333 3234 1625 3297 abbatem
1688 3235 2009 3297 dominum
2080 3238 2361 3295 nostrum
2432 3230 2715 3311 responsi

479 3322 893 3387 admonueris.
987 3320 1222 3402 Scripsi
1269 3321 1343 3382 ad
1393 3343 1553 3397 eum,
1619 3321 1725 3383 sed
1784 3321 1923 3383 hui!
1990 3320 2177 3401 paulo
2234 3316 2553 3393 latinius;³
2613 3314 2716 3377 hic

477 3414 621 3473 utor
681 3408 979 3473 idiomate
1040 3408 1388 3469 vernaculo⁸
1481 3407 1789 3486 Dignetur
1846 3406 2177 3487 explicare,
2240 3406 2389 3486 quid
2451 3404 2714 3485 placeat,

481 3500 544 3559 et
587 3495 770 3558 nobis
817 3517 921 3576 per
954 3504 1016 3557 te
1049 3494 1447 3575 interpretem
1497 3492 1901 3574 respondeat3
1951 3492 2113 3555 fores
2161 3492 2425 3553 notitiae
2470 3490 2713 3571 aperui.

483 3580 550 3645 Si
582 3582 879 3662 recipitur
914 3582 974 3643 in
1012 3580 1364 3644 clientela-m
1403 3585 1693 3655 vestram,
1732 3579 2099 3658 gratulabor
2130 3578 2338 3650 vobi-53
2374 3578 2471 3639 sin
2504 3584 2715 3638 autem

483 3667 705 3743 abibit,
755 3667 978 3731 favebo
1025 3673 1233 3729 tamen
1285 3666 1503 3728 honori
1563 3666 1998 3727 sanctissimae
2045 3664 2401 3727 sodalitatis
2447 3668 2711 3725 vestrae.

486 3753 649 3817 Cura
692 3760 760 3816 ut
809 3753 1016 3815 valeas
1063 3758 1121 3814 et
1170 3774 1288 3829 me,
1336 3758 1405 3814 ut
1451 3752 1623 3827 faciS,
1674 3774 1832 3813 arna.

786 3854 905 3907 eod.
944 3852 1073 3905 Frcf.
1112 3854 1193 3905 51.

619 4112 645 4141 a
685 4118 688 4120 Α

624 4170 637 4200 ²
672 4112 993 4231 ἕξῑῗλῗὲἓκ
1029 4163 1478 4218 Possemeisscrei.
1588 4164 1607 4195 ²
1642 4163 1789 4215 Etwa
1822 4162 1855 4214 J
1860 4161 1947 4223 uli,
1986 4162 2052 4215 da
2088 4162 2221 4214 nach
2256 4160 2339 4213 Br.
2384 4158 2447 4211 18
2481 4157 2716 4225 Spalatin

486 4236 539 4289 in
575 4236 675 4290 den
723 4236 1062 4302 Hundstageu
1119 4234 1229 4286 sich
1286 4234 1474 4285 bereits
1523 4233 1642 4285 dem
1691 4233 1825 4286 Abte
1862 4231 1939 4283 als
1974 4248 2134 4283 neuer
2185 4230 2380 4281 Lehrer
2434 4227 2711 4280 vorstellen

483 4304 647 4361 sollte.
721 4306 780 4359 In
819 4306 1045 4358 diesolbo
1083 4302 1193 4355 Zeit
1231 4305 1415 4369 iriogen
1452 4302 1536 4354 Br.
1582 4303 1657 4354 13.
1701 4303 1776 4355 15.
1819 4302 1880 4352 16
1915 4300 2084 4352 fallen.
2227 4300 2247 4329 ³
2281 4297 2601 4364 Anspielung
2625 4295 2721 4346 auf

484 4376 576 4429 das
615 4376 954 4429 beschoidono
992 4373 1131 4425 Mass
1169 4373 1424 4423 humanm·
1462 4370 1691 4437 Bildung
1728 4371 1817 4422 des
1858 4370 2031 4421 Abtos.
2106 4368 2153 4421 S.
2193 4371 2223 4420 5
2262 4372 2320 4419 A.
2363 4370 2408 4420 1.
