3084 4895
470 413 594 478 158
1235 407 1412 464 Briefe
1445 423 1549 463 von
1591 403 1945 463 1508-1509,

470 586 796 649 Hactenus
864 603 1100 644 severa.
1191 579 1382 644 Nunc
1444 580 1729 661 ,iucunda
1794 582 2087 646 scribam.
2184 581 2507 664 Adelphus
2572 583 2731 663 ille¹,

471 669 762 751 quisquis
830 670 884 730 is
955 671 1072 742 est,
1139 666 1357 729 sordes
1433 665 1676 729 salibus
1740 667 2020 748 vulgatis
2086 668 2383 749 aspergit.
2476 667 2733 744 Quanto

470 756 754 831 latiniuS,
781 760 853 816 ut
875 773 1080 835 pauca
1115 751 1190 813 de
1221 751 1441 814 multis
1467 753 1843 828 examinem,
1874 754 1966 815 ita
1995 753 2307 834 principio
2342 754 2730 835 scripsisset:

1011 836 1391 900 Emendatio
1437 838 1677 918 primae
1723 836 2167 902 cavillationis

674 923 840 986 Data
885 926 983 986 est
1025 921 1266 984 Romae
1301 920 1569 1002 ‘magnis
1614 921 1769 984 viris
1812 921 2061 1002 aliquot
2113 921 2443 1004 pontificia
2488 927 2552 986 et
2596 925 2736 986 adi-

470 1009 634 1090 palis
679 1029 856 1070 cena.
949 1006 1105 1070 Tam
1171 1006 1400 1068 celebri
1465 1005 1797 1068 adhibitus
1842 1006 2031 1088 epulo
2076 1007 2321 1070 facetus
2366 1009 2625 1088 quidam
2666 1014 2735 1072 et

477 1094 662 1155 dicax
724 1092 1114 1175 praelatione
1172 1090 1465 1170 insigniS,
1522 1091 1693 1171 quod
1752 1092 1995 1172 sinapis
2065 1091 2469 1156 calefactoria
2537 1099 2733 1175 atque

471 1178 629 1242 adeo
680 1177 940 1240 Veneris
995 1175 1458 1239 suscitabulum
1517 1175 1996 1250 desideraretur,
2058 1177 2447 1240 exclamasse
2502 1178 2730 1242 fertur:

475 1263 610 1346 „Oh
659 1269 902 1344 quanta
944 1263 1226 1344 patimus
1272 1281 1388 1341 pro
1429 1260 1766 1323 ecclesia!“
1861 1262 1921 1324 Is
1952 1263 2318 1330 admonitus
2352 1263 2733 1327 barbarismi

468 1350 773 1429 suscepit:
830 1347 1031 1428 „Quid
1065 1353 1138 1408 tu
1168 1345 1224 1407 R
1254 1367 1367 1428 pro
1399 1345 1444 1408 S
1477 1346 1869 1408 substituis?
1914 1350 2099 1427 quasi
2144 1369 2290 1412 vero
2336 1350 2612 1411 nesciam
2662 1355 2731 1413 et

467 1435 747 1516 patimus
804 1438 868 1495 et
926 1433 1204 1512 patimur
1271 1453 1408 1493 esse
1475 1453 1660 1494 casus
1728 1432 2052 1511 genitivi.“
2149 1431 2311 1497 Mira
2373 1434 2600 1511 irrisiO,
2656 1439 2735 1498 ut

469 1541 632 1600 quae
677 1518 758 1580 ab
817 1517 1082 1581 eruditis
1154 1516 1542 1579 fastidienda
1606 1539 1731 1578 non
1802 1517 1905 1580 sit.
1995 1517 2214 1582 Refert
2280 1520 2449 1582 enim
2514 1524 2733 1601 operte

467 1603 933 1684 impudicitiam
996 1605 1061 1664 et
1127 1602 1412 1682 ignotam
1481 1601 1773 1684 Adelpho
1842 1601 2193 1666 doctrinam
2257 1625 2385 1668 non
2440 1609 2572 1668 tam
2617 1627 2731 1674 ex-

470 1689 711 1771 primit,
756 1710 947 1770 quam
992 1687 1298 1750 insinuat.

1080 1772 1416 1836 Enarratio
1461 1772 1653 1854 hujus
1697 1772 2103 1836 urbanitatis.

676 1857 774 1921 Oh
831 1863 1076 1938 quant-a.
1135 1859 1413 1939 patimur
1470 1880 1603 1939 prO,
1662 1858 1725 1920 id
1775 1861 1874 1920 est
1918 1858 1983 1920 in
2032 1858 2296 1922 ecclesia
2341 1860 2401 1922 h.
2454 1881 2505 1922 e.
2556 1861 2731 1923 curia

467 1966 746 2008 romana.
849 1944 1158 2024 Intelligit
1213 1948 1276 2006 et
1336 1944 1549 2007 innuit
1600 1944 1874 2006 latenter
1926 1965 2211 2006 aversam
2264 1945 2729 2028 turpitudinem

469 2036 533 2094 et
601 2036 1074 2112 praeposterum
1143 2029 1393 2092 initum.
1489 2028 1779 2092 Patimus
1854 2050 1967 2111 pro
2042 2031 2320 2110 pat-imur
2394 2031 2731 2113 dupliciter

467 2117 627 2179 tueri
673 2121 904 2198 potest.
996 2114 1227 2190 Prim0,
1290 2114 1459 2194 quod
1525 2114 1776 2196 antiqui
1844 2114 2171 2195 ponebant
2216 2114 2260 2178 S
2305 2137 2417 2198 pro
2464 2116 2521 2178 R,
2564 2121 2731 2180 teste

463 2201 816 2282 Pomponio
883 2201 975 2263 De
1041 2201 1284 2280 origine
1351 2199 1512 2281 juris
1587 2197 1859 2262 romani²
1909 2205 1972 2262 et
2017 2200 2217 2263 Fabio
2282 2199 2730 2276 Quintiliano.⁸

468 2287 694 2366 Itaque
739 2287 1008 2366 legimus
1053 2285 1358 2361 Valesius,
1415 2285 1649 2348 Fusius
1681 2306 1793 2366 pro
1827 2285 2131 2363 ValeriUS‚
2165 2286 2413 2350 Furius.
2490 2287 2733 2351 Deinde

475 2371 644 2454 quod
713 2373 1038 2453 patuimus
1083 2393 1120 2432 a
1166 2375 1354 2453 pateo
1422 2373 1835 2453 praeteritum
1894 2393 2005 2454 per
2065 2391 2383 2454 syncopen
2453 2374 2733 2455 patimus

469 2462 658 2521 creat.
751 2456 1102 2537 Utrumque
1175 2457 1341 2519 dixit
1399 2456 1666 2537 genitivi
1729 2478 1913 2519 casus
1978 2479 2133 2535 esse,
2190 2458 2363 2538 quod
2408 2460 2487 2521 ad
2533 2461 2729 2522 ictum

468 2564 850 2623 cursumque
939 2542 1237 2625 genitalis
1323 2542 1586 2605 seminis
1662 2543 1977 2623 pertineat
2048 2544 2183 2625 pati
2256 2544 2591 2607 muliebria
2668 2550 2733 2608 et

469 2635 754 2710 patorem
804 2628 1045 2709 podicis
1090 2627 1465 2707 hiatumque
1510 2628 1733 2689 offerre
1778 2628 2130 2709 paediconi.
2222 2628 2412 2692 Plura
2456 2630 2731 2693 scribere

468 2715 545 2777 de
591 2714 709 2776 hac
741 2713 1018 2777 nefanda
1052 2712 1380 2795 voluptate
1411 2714 1615 2794 pudor
1649 2717 1713 2775 et-
1744 2713 2058 2776 sanctitas
2088 2734 2334 2777 morum
2366 2714 2729 2797 prohibent.

467 2798 608 2863 Dici
653 2798 997 2862 admodum
1045 2798 1209 2860 salse
1254 2802 1466 2879 potest
1512 2798 1577 2861 in
1624 2797 1836 2861 Italos,
1926 2798 2043 2875 {uer
2090 2800 2277 2879 sempff
2314 2804 2481 2862 haket
2514 2802 2619 2877 biit
2650 2803 2731 2861 bic

467 2885 586 2957 md)
635 2886 719 2945 nit
763 2894 926 2957 auten
970 2887 1174 2957 maroli.
1265 2876 1347 2963 31
1395 2893 1577 2945 essent
1621 2902 1741 2943 unm
1788 2884 2076 2957 bicbertid)
2126 2905 2185 2944 su
2234 2886 2357 2960 lyam
2400 2890 2503 2946 hen
2548 2887 2737 2966 scmpff

464 2988 646 3039 3nnut.
753 2967 1076 3048 Concerpe
1143 2990 1378 3049 quaeso
1451 2971 1672 3031 tantas
1746 2968 2235 3033 obscoenitates.
2342 2970 2728 3051 &tablibium

469 3058 566 3116 est
609 3054 847 3117 malum
896 3054 1391 3117 condimentum.
1484 3052 1686 3135 Vulgo
1734 3054 1989 3116 dicunt:
2054 3052 2330 3129 &nabent
2372 3060 2471 3115 bna
2519 3058 2731 3133 ijcmbhoe

468 3144 570 3198 nnn
619 3139 816 3215 mudjtt
863 3140 1064 3219 scmpff.
1154 3138 1392 3202 Iterum
1441 3138 1613 3201 dico:
1665 3137 2005 3219 Concerpe.

675 3223 949 3306 Adelphi
995 3225 1261 3287 dicteria
1307 3224 1465 3287 nihil
1512 3224 1899 3288 urbanitatis
1948 3245 2097 3304 prae
2142 3246 2209 3287 se
2254 3224 2485 3302 ferunt,
2526 3224 2633 3287 sed
2668 3229 2731 3287 et

471 3307 744 3372 elocutio
809 3309 1019 3372 minus
1080 3313 1176 3372 est
1235 3310 1480 3372 limata.
1574 3309 1909 3390 Antepono
1980 3309 2488 3373 concionatorem
2551 3309 2729 3372 illum

469 3392 974 3458 disertissimum.
1078 3394 1426 3458 Plurimum
1492 3394 1689 3457 habet
1750 3400 1813 3457 et
1874 3392 2028 3457 salis
2089 3400 2152 3456 et
2211 3393 2394 3457 fellis.
2502 3396 2727 3458 Verum

469 3501 672 3543 sermo
741 3481 1054 3560 stilusque
1113 3482 1292 3543 rudis
1339 3484 1454 3542 est.
1545 3480 1699 3541 Eme
1744 3500 1981 3560 quaeso
2027 3480 2147 3541 tibi
2194 3486 2260 3543 et
2304 3480 2457 3544 mihi
2526 3480 2730 3561 pervi-

469 3564 708 3629 dendas
769 3567 956 3629 mitte
1015 3564 1291 3629 Bebelii⁴
1346 3565 1631 3639 facetiaS‚
1692 3586 1853 3645 quas
1898 3564 2242 3628 admodum
2285 3587 2529 3645 ,graves
2594 3588 2730 3629 esse

467 3654 744 3714 testatur
789 3651 1133 3734 Adelphus
1225 3650 1434 3729 ErraS,
1495 3651 1665 3713 mule
1724 3650 2215 3732 Mulingorum.⁵·
2295 3651 2432 3726 Quo
2488 3649 2729 3731 judicio

614 3922 632 3952 ²
666 3922 698 3973 J
701 3921 784 3973 oh.
822 3920 1112 3987 Adelphus,
1139 3920 1224 3973 ein
1250 3920 1617 3988 Strassburger
1640 3923 1769 3973 Arzt
1793 3938 1859 3972 zu
1883 3920 2090 3988 Anfang
2115 3920 2209 3972 des
2230 3920 2308 3972 16.
2327 3920 2362 3972 J
2363 3920 2731 3985 ahrhundeits,

473 3988 684 4041 schrieb
720 3988 989 4041 Facetias:
1026 3987 1309 4056 Margarita
1342 3988 1691 4055 Facetiarum,
1727 3988 1934 4041 Alfonsi
1967 3992 2296 4055 Arragonum
2342 3988 2501 4055 Regis
2547 3988 2731 4041 Vafre-

472 4057 630 4117 dicta,
667 4056 953 4110 Proverbia
989 4057 1310 4125 Sigismundi
1347 4062 1401 4109 et
1435 4057 1686 4110 Friderici
1722 4057 1815 4110 III.
1855 4056 1947 4109 Ro.
1984 4056 2384 4123 Imperatorum,
2432 4056 2735 4109 Scomma-ta

471 4124 504 4177 J
505 4141 549 4178 ο.
588 4124 932 4193 Kaisersberg
978 4127 1354 4179 concionatoris
1390 4126 1800 4193 Argentinensis,
1850 4124 2070 4177 Mai-Silii
2118 4124 2286 4177 Ficini
2333 4124 2618 4177 Florentini
2668 4126 2732 4177 de

473 4192 593 4245 Sole
659 4194 986 4260 opusculum.
1079 4194 1347 4247 Hermolai
1418 4194 1636 4246 Barbari
1698 4192 1983 4247 Orationes,
2074 4194 2317 4245 Facetiae
2388 4194 2730 4260 Adelphinae.

473 4265 685 4329 Argent.
728 4262 874 4315 1508.
913 4264 960 4313 4.
1079 4265 1098 4295 2
1133 4263 1331 4330 Digest.
1369 4263 1410 4326 I,
1452 4263 1498 4329 2,
1536 4264 1618 4315 36.
1734 4264 1755 4294 ³
1787 4261 1915 4313 Inst.
1954 4278 2024 4314 or.
2062 4263 2104 4326 I,
2140 4264 2190 4325 4,
2231 4264 2309 4315 13.
2420 4263 2439 4292 ⁴
2475 4262 2733 4314 Heinrich

476 4330 684 4395 BebeIS,
711 4332 855 4383 eines
875 4331 1136 4397 Tfibinger
1157 4331 1524 4397 Humanisten,
1549 4330 1791 4383 Facetiae
1815 4331 2123 4382 erschienen
2152 4331 2302 4383 1506.
2399 4332 2419 4361 ⁶
2443 4330 2733 4397 Adelphus,

481 4399 574 4451 der
609 4398 726 4452 sich
758 4400 815 4450 in
852 4399 1053 4452 seinem
1087 4399 1272 4451 Buche
1307 4398 1577 4465 Mulingus
1615 4399 1740 4467 (von
1774 4398 2105 4467 Mfihlingen)
2142 4402 2317 4450 neunt.
