3084 4895
1191 393 1397 449 Mutian
1433 411 1500 448 an
1539 395 1737 452 Urban.
2454 401 2578 467 325

349 569 563 633 inania
580 566 648 630 ‘?“
681 566 698 600 ¹
791 567 974 645 Quid,
1041 567 1296 643 malum,
1363 568 1488 632 ista
1554 566 1677 632 sibi
1732 569 1869 634 vult
1932 568 2307 634 frustratio?
2390 569 2581 634 Nulla

349 655 596 719 ratione
641 653 876 717 factum
923 653 1190 730 videtur,
1222 657 1296 717 ut
1325 659 1651 735 poetarum
1698 655 1862 718 acies
1905 658 2139 719 temere
2184 661 2576 720 concurrant.

346 741 505 804 Nam
553 745 776 804 neutra
821 761 984 821 pare,
1032 740 1149 803 etsi
1195 743 1461 824 utraque
1506 741 1707 821 gloria
1738 745 1802 803 et
1831 741 2026 804 animi
2058 741 2329 805 elatione
2369 746 2583 806 osten-

345 826 609 891 tationis
657 847 844 889 causa
891 825 1163 899 dimicet,
1210 825 1598 907 triumphum
1648 831 1710 890 et
1755 827 2029 907 insignia
2088 828 2389 891 laureaea
2431 849 2579 892 con-

346 915 660 994 sequetur,
722 911 830 974 sed
887 910 1150 974 victoria
1209 910 1408 975 stabit
1467 933 1659 994 penes
1718 933 1843 989 eos,
1914 912 2024 994 qui
2086 910 2387 994 parvulis²
2450 915 2579 978 suis

343 998 574 1061 timent
637 997 925 1078 navigiiS‚
1006 1018 1164 1079 quos
1230 997 1442 1060 livoris
1526 998 1752 1062 tineab
1816 1001 2072 1077 comest,
2138 999 2245 1080 qui
2311 999 2579 1063 alienam

346 1083 705 1148 facundiam
763 1083 933 1146 laeta
989 1083 1197 1146 fronte
1251 1081 1530 1164 accipere
1588 1105 1713 1148 non
1774 1087 2061 1167 possunt,
2125 1086 2235 1166 qui
2294 1084 2580 1168 frugibus

344 1169 620 1234 inventis
665 1167 872 1232 adhuc
913 1168 1142 1252 glande
1183 1173 1525 1232 vescuntur
1574 1174 1637 1233 et
1679 1169 1991 1253 politioris
2022 1170 2345 1234 doctrinae
2377 1171 2577 1236 lucem

343 1277 486 1319 vere
531 1255 904 1319 noctuinis⁰
947 1254 1277 1318 intuentur
1338 1255 1552 1319 oculis,
1647 1255 1971 1337 Ejusmodi
2038 1255 2323 1320 homines
2390 1258 2578 1340 vulgo

346 1341 695 1406 sanctiores
737 1339 943 1404 habiti
990 1340 1119 1422 jam
1175 1341 1408 1404 multos
1467 1363 1669 1406 annos
1730 1341 1913 1406 bonis
1973 1341 2264 1422 ingeniis,
2328 1343 2577 1408 vitiosis

346 1431 412 1491 et
454 1427 772 1492 mendosis
825 1426 1194 1510 praeceptiS,
1241 1448 1320 1489 ne
1364 1427 1551 1508 nugis
1599 1427 1825 1505 dicam,
1884 1428 2319 1510 imposuerunt
2362 1434 2426 1494 et
2469 1451 2578 1512 per

345 1517 732 1596 quaestuosa
789 1511 1125 1595 sophorum
1180 1514 1507 1594 gymnasia
1553 1518 1859 1594 vagantes
1912 1514 2182 1596 turpiter
2238 1514 2578 1597 decerpunt

349 1600 618 1664 corrasis
685 1599 966 1679 undique
1035 1597 1421 1662 mercedulis.
1512 1598 1747 1664 Venere
1818 1621 2014 1680 nuper
2079 1601 2578 1682 impeditissimis

343 1685 682 1748 itineribus
727 1705 1022 1748 romanae
1067 1685 1281 1747 literae
1330 1705 1669 1765 paucorum
1715 1685 2027 1747 industria
2071 1686 2371 1749 liberatae
2417 1686 2577 1769 peri-

344 1772 506 1835 culo.
617 1769 884 1853 Excepit
950 1791 1055 1832 eas
1123 1770 1408 1833 studiosa
1475 1770 1778 1852 juventus
1854 1771 2304 1851 elegantiarum
2375 1773 2575 1835 avida.

345 1857 491 1920 Dixi
538 1855 819 1920 feliciter.
911 1855 1255 1938 Sperabam
1305 1855 1434 1918 fore
1481 1862 1553 1918 ut
1598 1857 1660 1917 in
1712 1857 1844 1919 dies
1891 1857 2089 1938 magis
2146 1859 2427 1938 vigerent
2484 1858 2579 1920 111-

347 1943 534 2024 genia
579 1945 642 2006 et
686 1963 946 2024 graecae
990 1942 1348 2022 latinaeque
1405 1942 1621 2004 literae
1666 1966 1703 2004 a
1748 1942 1876 2004 situ
1919 1946 1980 2005 et
2024 1944 2311 2025 squalore
2371 1945 2576 2007 vincli-

343 2033 637 2093 carentur
681 2029 934 2093 sublata
979 2027 1052 2090 de
1099 2027 1304 2090 medio
1361 2027 1655 2091 barbaria
1717 2027 2025 2109 multique
2074 2030 2578 2113 praeceptoribus

342 2115 597 2179 disertis
643 2121 706 2178 et
748 2114 1047 2178 librorum
1095 2114 1274 2197 copia
1321 2113 1521 2195 adjuti
1566 2115 1891 2192 florerent3
1936 2114 2017 2177 ob
2064 2114 2126 2178 id
2172 2117 2355 2180 modo
2412 2115 2579 2180 hunc

339 2201 528 2266 modo
569 2199 792 2279 ¹illum,
846 2204 918 2262 ut
980 2199 1241 2263 desertis
1286 2199 1716 2264 literatoribus
1784 2201 2131 2264 veternosis
2197 2202 2575 2282 praeclaram

347 2287 767 2352 eruditionem
815 2290 1226 2369 capesserent,
1274 2284 1590 2350 hortabar.
1679 2286 1918 2362 Inveni,
1966 2287 2074 2367 qui
2107 2287 2265 2350 bene
2297 2289 2575 2352 monenti

341 2374 870 2455 obtemperarent.
963 2371 1085 2434 Alii
1147 2371 1571 2454 eloquentiam
1617 2372 1681 2435 in
1724 2372 1881 2455 juris
1924 2371 2307 2455 professione
2364 2379 2577 2437 osten-

339 2459 590 2533 tabant,
636 2460 740 2522 alii
788 2459 1035 2541 poetico
1092 2459 1310 2522 ardore
1370 2458 1616 2522 accensi
1678 2460 2050 2541 dignitatem
2112 2460 2407 2524 carminis
2465 2462 2577 2524 ad-

339 2546 648 2610 mirantes
687 2545 1019 2628 jactabant
1063 2567 1177 2609 sua
1223 2551 1529 2626 poemata,
1579 2545 1687 2608 alii
1734 2546 1950 2609 stilum
1994 2547 2383 2627 castigantes
2415 2547 2570 2609 nihil

343 2632 470 2695 nisi
516 2631 753 2695 cultum
800 2636 913 2693 aut
955 2631 1129 2712 loqui
1175 2637 1287 2694 aut
1332 2631 1603 2694 scribere
1648 2632 2004 2696 tentabant.
2091 2632 2314 2713 Itaque
2342 2634 2575 2713 gaude-

342 2718 492 2782 bam
561 2722 623 2781 et
681 2717 982 2781 studiosis
1046 2716 1428 2797 gratulabar.
1521 2718 1645 2781 Sed
1705 2740 1741 2781 0
1798 2739 1998 2782 mores
2055 2718 2479 2792 barbarorum,
2538 2740 2573 2782 o

343 2802 627 2867 fraudem
697 2803 1061 2885 capitalem!
1153 2804 1528 2867 Pervertunt
1595 2804 1714 2867 hoc
1781 2804 2015 2867 bonum
2086 2805 2367 2901 magistri
2436 2826 2573 2867 cum

340 2888 592 2971 ingenti
663 2910 993 2973 puerorum
1071 2889 1317 2952 damno.
1429 2890 1498 2952 In
1576 2890 1807 2971 quibus
1881 2894 1951 2953 ut
2021 2912 2160 2972 acre
2234 2891 2575 2973 ingenium,

339 2975 644 3052 studium,
691 2975 989 3053 laborem,
1037 2975 1450 3056 vigilantiam,
1500 2976 1886 3057 religionem,
1952 2966 2307 3040 castitatem
2368 2977 2575 3052 laude,

339 3064 436 3127 ita
485 3060 712 3124 damno
757 3061 1188 3159 pertinaciam,
1248 3062 1571 3139 invidiam,
1636 3062 2157 3138 malevolentiam,
2223 3062 2577 3125 teterrimas

339 3145 606 3210 humani
680 3146 873 3210 animi
944 3152 1176 3228 pestes,
1254 3168 1413 3228 quae
1489 3149 1621 3211 suis
1696 3147 1985 3211 sordibus
2060 3169 2266 3211 carere
2336 3147 2577 3228 nolunt,

342 3232 668 3296 doctrinae
733 3231 975 3295 meliori
1020 3254 1144 3295 non
1210 3233 1442 3309 favent,
1503 3234 1825 3315 juventuti
1892 3234 2344 3316 praestantiam
2413 3235 2578 3316 opti-

339 3339 584 3382 marum
646 3318 877 3381 artium
933 3318 1220 3381 invident
1285 3324 1347 3381 et
1405 3341 1615 3381 secum
1678 3319 2001 3383 universos
2066 3318 2461 3391 stultiferam,
2509 3324 2581 3381 ut

340 3406 436 3468 ita
483 3404 706 3481 dicam,
753 3402 1099 3467 triremem³
1133 3406 1551 3468 conscendere
1578 3404 1820 3486 jubent.
1912 3406 2125 3486 Apage
2162 3406 2317 3467 istas
2353 3404 2574 3481 febreS,

342 3491 469 3553 ista
501 3489 952 3553 carcinomata!
1045 3490 1198 3565 Quis
1245 3490 1404 3554 ferat
1449 3491 1569 3553 hoc
1614 3511 1843 3554 novum
1892 3491 2143 3554 scelus?
2230 3491 2386 3553 Ecce
2432 3491 2579 3572 quia

346 3576 696 3639 contractis
740 3575 1025 3639 barbaris
1059 3576 1256 3658 copiis
1288 3577 1520 3639 latinas
1556 3576 1842 3640 cohortes
1874 3577 2101 3658 pellere
2132 3598 2257 3639 non
2290 3583 2577 3658 possunt,

344 3661 733 3725 insidiantur
798 3666 860 3724 et
928 3660 1086 3725 clam
1154 3684 1263 3744 per
1331 3662 1540 3725 dolum
1616 3662 1805 3726 exilio
1870 3663 2171 3725 mulctare
2238 3660 2578 3724 nituntur-,⁴

347 3746 740 3811 Existimant
801 3746 975 3811 nulla
1032 3769 1097 3810 re
1157 3747 1344 3810 citius
1411 3747 1690 3830 superari
1757 3768 1960 3830 posse,
2024 3769 2208 3830 quam
2275 3748 2327 3809 si
2387 3747 2577 3810 alium

361 3832 640 3915 ejusdem
701 3838 908 3896 sectae
961 3832 1523 3897 adsustinendum
1591 3834 1892 3915 impetum
1960 3834 2383 3916 opposuerint.
2474 3832 2577 3896 Sic

352 3918 612 3983 lacessit
684 3917 1046 3982 Tiloninum
1122 3916 1361 3981 Cordus
1437 3919 1777 4001 sophorum
1851 3919 2102 3983 vafritia
2176 3918 2576 3995 subornatus,

485 4152 513 4181 a
547 4138 727 4191 laurea
764 4138 909 4190 Tem.
1048 4143 1076 4181 b
1103 4138 1240 4191 linea
1278 4138 1422 4191 Tem.
1562 4154 1587 4181 e
1614 4140 1877 4192 nocturnis
1917 4139 2061 4190 Tem.

501 4210 516 4239 ¹
554 4205 732 4261 Psalm
770 4206 898 4273 2,1.
1042 4210 1060 4239 ²
1095 4207 1416 4275 Anspielung
1462 4209 1553 4260 anf
1595 4208 1693 4259 den
1728 4197 2155 4261 Aristotelischen
2202 4204 2474 4258 Parvulus.
2525 4204 2574 4256 S

351 4276 451 4329 322
487 4277 546 4330 A.
586 4278 634 4330 5.
711 4275 952 4328 Gemeint
987 4276 1103 4329 sind
1139 4277 1222 4328 die
1259 4276 1669 4330 scholastischen
1716 4276 1925 4330 Philoso
1962 4277 2065 4329 hen
2101 4276 2191 4327 dei
2224 4274 2325 4327 Erf.
2370 4272 2574 4338 Schule,

349 4361 511 4413 gegen
545 4344 750 4397 welche
784 4344 986 4398 Tilonin
1018 4346 1260 4413 kampfte.
1389 4348 1408 4378 ³
1441 4346 1765 4414 Anspielung
1800 4346 1891 4399 auf
1961 4345 2138 4398 randts
2172 4341 2539 4396 Narrenschiff.

347 4417 368 4446 ⁴
401 4414 522 4467 Man
557 4414 727 4482 gieng
761 4413 946 4466 darauf
977 4430 1086 4482 auS,
1123 4413 1320 4468 Tilonin
1358 4431 1424 4468 zu
1457 4415 1762 4468 vertreiben.
