3084 4895
992 370 1204 424 Mutian
1242 384 1312 423 an
1346 368 1518 437 Lang.
1589 369 1800 423 Mutian
1837 385 1906 423 an
1941 370 2123 424 Jonas.
2562 372 2687 437 601

424 546 489 606 et
542 541 885 605 saltatione
928 540 995 602 in
1042 540 1198 604 Delo
1256 540 1467 603 insula
1526 540 1666 604 fieri
1723 540 2034 603 solebant.
2127 540 2291 617 Quid
2350 542 2548 623 igitur
2610 548 2686 608 de

424 626 807 692 Christianis
852 626 1094 705 loquar,
1141 626 1252 707 qui
1299 626 1427 689 non
1473 626 1610 689 sine
1657 647 1848 689 causa
1893 630 2268 690 concentum
2330 630 2688 711 usurpant?

422 712 552 779 Sed
616 712 787 775 dicet
852 712 1203 794 quispiam:
1280 712 1457 791 „Qua
1521 711 1769 775 ratione
1840 711 2077 775 factum
2142 717 2260 789 est,
2317 718 2391 777 ut
2450 714 2702 784 Paulus·

427 797 758 881 apostolus
830 798 1126 861 maluerit
1200 797 1482 880 quinque
1557 797 1752 859 verba
1822 798 1888 878 in
1957 818 2150 860 sensu
2215 818 2407 879 quam
2475 800 2690 865 decem

427 884 603 949 milia
645 884 710 947 in
758 882 1037 964 spiritu?
1126 883 1484 951 Psallianos
1548 882 1867 963 improbat
1912 887 1976 946 et
2021 882 2440 948 consimileS.“
2533 886 2690 949 Vide

424 967 877 1033 annotationes
934 968 1203 1041 Erasmi,
1264 968 1715 1031 instauratoris
1776 968 2155 1047 theologiae,
2218 990 2379 1049 quas
2435 973 2691 1053 scripsit

426 1056 491 1118 in
551 1057 744 1135 caput
804 1053 1115 1117 decimum
1166 1058 1474 1149 ³quartum
1520 1054 1748 1135 prioris
1799 1054 2102 1135 epistolae
2148 1055 2228 1117 ad
2275 1053 2687 1120 Corinthios¹

426 1141 595 1203 Idem
642 1139 1100 1221 interpretatur
1144 1126 1495 1215 αλαλοῖζειν
1538 1139 1788 1220 proprie
1834 1144 2136 1221 perpetuo
2193 1142 2471 1204 sonitum
2533 1148 2690 1205 stre-

425 1247 571 1306 pere
636 1247 712 1288 ac
777 1224 1031 1301 tinnire,
1100 1224 1632 1306 quemadmodum
1695 1224 1770 1286 fit
1814 1225 1877 1285 in
1924 1225 2242 1287 lebetibus
2309 1224 2688 1291 DodonaeiS.

428 1312 613 1373 Hunc
680 1311 1017 1392 strepitum
1063 1313 1130 1373 et
1171 1310 1487 1373 scenicam
1555 1310 1860 1372 musicam
1929 1330 2155 1391 graves
2211 1310 2328 1374 viri
2375 1332 2499 1374 non
2548 1334 2689 1394 pro-

428 1398 605 1473 bant,
652 1395 805 1477 quia
852 1416 958 1477 per
1002 1417 1186 1459 aures
1220 1394 1569 1459 effeminati
1601 1395 1680 1460 ad
1713 1395 1994 1458 animum
2029 1396 2296 1459 affectus
2327 1401 2686 1477 penetrant.

426 1483 601 1558 Quae
668 1502 812 1544 cum
880 1481 971 1544 ita
1034 1482 1183 1556 sint,
1250 1482 1395 1562 quis
1462 1481 1621 1544 adeo
1691 1501 1916 1543 caecus
1981 1486 2078 1543 est
2124 1482 2234 1562 qui
2280 1502 2406 1543 non
2454 1483 2687 1561 videat,

433 1571 746 1651 quantum
780 1588 964 1629 verae
993 1566 1202 1643 laudis
1234 1566 1582 1631 Othmarus
1614 1572 1944 1638 mereatur,
1979 1566 2145 1629 viam
2180 1567 2368 1631 nobis
2399 1573 2692 1632 sternens

428 1655 508 1717 ad
574 1674 713 1716 eam
778 1650 1043 1715 canendi
1114 1650 1507 1725 facultatem,
1577 1673 1740 1734 quae
1807 1653 2039 1715 summi
2107 1653 2204 1715 dei
2275 1653 2692 1735 divorumque

427 1738 651 1803 laudes
712 1736 1034 1801 celebrat?
1121 1735 1283 1801 Nam
1332 1742 1395 1801 et
1439 1738 1832 1825 inflammare
1879 1742 1941 1801 et
1987 1759 2206 1802 rursus
2273 1739 2492 1802 sedare
2562 1762 2692 1803 non

430 1825 617 1889 modo
675 1824 981 1906 juvenum
1028 1843 1244 1885 verum
1292 1824 1484 1887 etiam
1532 1823 1849 1894 seniorum
1921 1824 2170 1888 animos
2237 1825 2478 1888 musico
2542 1825 2695 1889 arti-

430 1910 593 1987 ficio,
640 1912 973 1992 amputata
1020 1906 1362 1972 Guidonis²
1410 1931 1603 1973 manu
1642 1912 1714 1971 ut
1743 1910 2170 1973 instrumento
2201 1931 2691 1991 supervacaneo,

430 1996 692 2061 solerter
746 1994 1140 2075 excogitavit
1185 1994 1662 2059 etbrevissime
1724 1993 2017 2076 clareque
2081 1995 2316 2059 docuit.
2404 1996 2569 2059 Illud
2627 1997 2691 2060 in

432 2082 604 2145 calce
650 2081 969 2163 profiteor,
1016 2080 1371 2163 complures
1420 2080 1726 2145 beneficio
1796 2081 2076 2148 musicae
2111 2080 2488 2147 ,monachos
2557 2104 2694 2147 esse

432 2167 658 2241 factos,
704 2166 865 2231 alios
914 2164 1223 2249 perditam
1270 2166 1766 2231 adolescentiam
1813 2166 2202 2243 emendasse,
2265 2188 2392 2231 non
2455 2190 2695 2251 paucos

430 2253 781 2318 modestiae
827 2257 893 2315 et
935 2252 1303 2316 sanctitatis
1351 2253 1668 2334 specimen
1705 2251 1998 2315 evasisse.
2091 2252 2210 2329 Qui
2243 2254 2412 2317 enim
2443 2254 2692 2319 canoris

430 2340 627 2404 sacris
672 2342 737 2402 et
781 2336 1023 2403 Christi
1066 2338 1425 2403 cerimoniis
1472 2338 1591 2402 rite
1634 2337 1922 2401 imbutus
1969 2341 2082 2415 est,
2131 2360 2258 2402 non
2307 2343 2520 2421 potest
2564 2362 2692 2404 non

396 2449 567 2512 ‘esse
610 2426 871 2507 ⁴quietus
929 2428 1125 2504 atque
1182 2423 1586 2507 tranquillus.
1680 2422 1965 2507 Exposui
2031 2425 2418 2490 sententiam
2488 2447 2692 2490 meam

434 2533 508 2576 eo
548 2510 869 2583 .consilio,
944 2515 1125 2575 tuum
1198 2515 1271 2574 ut
1328 2511 1640 2592 judicium
1711 2531 2175 2591 cognoscerem.
2292 2511 2466 2574 Bene
2535 2512 2692 2578 vale.

433 2597 666 2661 Datum
714 2597 963 2661 Gothae
1007 2617 1083 2679 ,ᾳ-
1134 2617 1203 2682 φ.
1257 2593 1385 2660 15.3
1476 2598 1574 2661 Ad
1619 2595 1816 2659 Eidus
1859 2596 2054 2659 Junii.
2146 2595 2487 2680 Concerpe.

507 2693 513 2700 '
2141 2683 2487 2747 Mutianus.

742 2781 869 2836 Con.
908 2782 1108 2837 Camer.
1146 2771 1349 2836 Monac.
1392 2781 1541 2849 VIII,
1579 2780 1661 2836 29.
1699 2781 2019 2851 Autograph.
2432 2795 2437 2800 ·

436 2967 667 3038 (eotha.)
1488 2953 1633 3018 535.
2237 2969 2318 3023 22.
2355 2968 2466 3022 Juli
2501 2967 2700 3038 (1515).

1181 3080 1472 3150 Mutian
1517 3101 1617 3150 an
1661 3079 1711 3148 J
1713 3081 1946 3149 onas*

436 3209 647 3274 (Sendet
698 3208 853 3262 einen
904 3209 1141 3276 Aufsasstx
1193 3227 1325 3262 xum
1371 3209 1525 3287 Lobe-
1539 3209 1628 3262 clcs
1661 3208 1920 3287 βνευίςνε,
1957 3207 2022 3260 in
2054 3207 2296 3260 walchem
2329 3224 2387 3258 cr
2419 3206 2536 3258 sich
2569 3205 2699 3271 frei-

435 3277 609 3344 mu'tiy
636 3293 797 3344 yeqen
831 3277 917 3330 dic
951 3278 1289 3346 habsiichtiqe
1330 3277 1691 3357 chlstlwhloezt
1737 3278 2057 3344 aussprwht.
2131 3275 2373 3354 Anfraye
2422 3273 2549 3327 iiber
2601 3274 2702 3326 den

435 3344 795 3409 Nor-diadum,
829 3345 948 3429 *den
998 3345 1282 3400 Bewolmer
1332 3363 1503 3398 semes
1557 3345 1786 3407 Haase-s,
1840 3346 1956 3397 und
2004 3345 2132 3397 iiber
2183 3360 2300 3396 c‘mc
2356 3341 2702 3410 Textausqabe

1293 3415 1380 3466 des
1425 3414 1629 3482 Corpus
1648 3413 1838 3481 jures.)

580 3618 596 3648 ¹
632 3615 733 3669 Die
785 3616 945 3670 Stelle
997 3617 1085 3669 bei
1127 3617 1395 3683 ErasmuS,
1447 3617 1583 3671 Nov.
1634 3617 2042 3670 instrumentum
2095 3619 2192 3668 etc.
2243 3615 2404 3667 Basil.
2442 3631 2511 3666 m.
2549 3613 2698 3666 Febr.

350 3715 355 3718 -
442 3685 590 3749 1516,
638 3702 689 3752 p.
727 3686 827 3737 477
866 3687 899 3736 f.
938 3685 1128 3737 lautet:
1186 3685 1409 3738 »Paulus
1464 3687 1670 3738 mavult
1722 3686 1953 3806 quinque
2007 3685 2169 3736 verba
2220 3683 2275 3735 in
2329 3699 2488 3735 sensu
2541 3697 2702 3759 quam

440 3753 621 3804 decem
647 3753 796 3806 milia
830 3753 885 3804 in
920 3753 1123 3820 spirim.
1180 3755 1252 3806 At
1274 3771 1413 3806 nunc
1448 3755 1502 3805 in
1540 3754 1736 3806 nonnul
1760 3754 1805 3806 is
1838 3752 2137 3820 regionibus
2162 3755 2296 3806 totos
2322 3752 2434 3803 dies
2460 3749 2702 3818 psalhtur

438 3819 643 3887 spiritu,
697 3839 796 3874 nec
850 3822 1037 3875 modus
1090 3838 1187 3873 nec
1240 3822 1357 3874 finis
1412 3823 1745 3875 cantionum:
1801 3838 1965 3889 quum
2019 3821 2114 3872 vix
2168 3821 2305 3872 intra
2350 3835 2446 3872 sex
2493 3834 2700 3872 menses

440 3889 683 3941 audiatur
734 3891 915 3942 concio
968 3890 1195 3943 salubris
1248 3891 1529 3949 adhortans
1567 3893 1633 3943 ad
1669 3907 1848 3942 veram
1900 3890 2174 3956 pietatem3
2223 3889 2276 3940 id
2325 3887 2464 3940 enim
2503 3886 2700 3939 Paulus

440 3960 594 4010 vocat
629 3957 681 4009 in
718 3975 877 4010 sensu
912 3957 1101 4024 loqur«
1170 3958 1322 4011 Danu
1359 3959 1487 4011 lasst
1522 3975 1580 4010 er
1614 3959 1730 4011 sich
1766 3959 1902 4010 noch
1939 3957 2121 4010 weiter
2153 3958 2286 4009 iiber
2311 3956 2395 4008 die
2418 3955 2700 4023 gerausch-

441 4025 580 4077 volle
614 4025 1004 4093 Tempelmusik
1040 4041 1155 4078 aus.
1298 4029 1317 4059 ²
1353 4027 1523 4079 Guido
1549 4027 1814 4092 Aretinus,
1851 4026 2088 4078 Erfinder
2124 4026 2216 4077 der
2250 4022 2703 4097 Notenscnliissel,

446 4094 485 4154 †
522 4093 669 4147 1050.
813 4095 833 4126 ³
867 4118 935 4134 =
975 4096 1135 4158 15153
1172 4095 1256 4147 die
1296 4097 1359 4149 15
1396 4096 1448 4147 in
1486 4095 1797 4148 arabischen
1835 4095 2038 4146 Ziffem.
2115 4096 2226 4160 Aus
2263 4092 2313 4144 S.
2352 4093 2453 4144 599
2492 4096 2552 4145 A.
2580 4094 2626 4144 5.
2655 4093 2703 4156 7,

443 4160 493 4214 S.
531 4163 627 4215 601
667 4165 727 4215 A.
772 4165 816 4214 1.
856 4162 1057 4229 ergiebt
1092 4162 1208 4214 sich
1243 4163 1321 4216 als
1356 4163 1618 4216 friihestes
1662 4163 1795 4216 Jahr
1833 4164 1980 4216 1516.
2087 4164 2108 4194 ⁴
2143 4152 2290 4214 [lber
2323 4160 2509 4213 Justus
2544 4160 2705 4213 Jonas

442 4228 547 4296 vgl.
586 4229 636 4284 S.
675 4229 777 4284 589
812 4233 873 4283 A.
912 4233 959 4283 3.
1032 4233 1145 4283 Aus
1192 4231 1312 4284 dem
1364 4232 1606 4300 Anfange
1645 4233 1737 4284 des
1773 4231 1860 4283 Br.
1899 4231 2101 4299 ergiebt
2143 4230 2274 4295 sich,
2322 4229 2443 4282 dass
2480 4228 2564 4280 die
2599 4227 2702 4280 Be-

440 4298 777 4352 kanntschaft
810 4299 911 4351 mit
943 4298 1059 4351 ihm
1092 4300 1229 4352 noch
1266 4299 1381 4352 eine
1410 4301 1574 4368 junge
1611 4316 1734 4366 war,
1770 4315 1922 4352 wozu
1958 4299 2097 4352 auch
2122 4294 2207 4351 die
2232 4298 2458 4364 Anfrage
2492 4296 2702 4350 Eobans

440 4365 572 4418 iiber
604 4367 765 4421 Jonas
806 4367 1035 4422 »Nostin’
1070 4367 1322 4422 Jonam?‹<
1356 4369 1411 4420 in
1448 4368 1563 4423 Lib.
1603 4369 1689 4424 alt.
1727 4369 1759 4422 J
1799 4367 1831 4420 2
1849 4368 1882 4420 b
1920 4367 2035 4436 (Nr.
2073 4367 2196 4438 618)
2233 4366 2452 4421 stimmt.
