3084 4895
417 360 548 425 250
1268 363 1443 417 Briefe
1475 364 1571 427 des
1610 365 1660 420 J.
1702 366 1850 421 1512.

418 564 646 633 (eotha.)
1489 552 1635 616 197.
2267 572 2349 625 10.
2387 571 2501 627 cot.
2542 574 2693 626 1512.

1082 675 1372 745 Mutian
1416 697 1515 746 an
1560 678 2012 749 MusarduS.¹

429 805 747 867 (Musardus
792 804 1016 857 schreibt
1049 821 1149 856 von
1182 806 1274 857 der
1301 806 1613 873 yehcisszym
1660 806 1973 876 Auseeruny
2024 809 2166 861 eines
2212 810 2467 877 ,qemi-esen
2520 810 2691 875 Alton,

422 874 524 926 soll
557 874 680 925 aber
713 873 776 925 ‘in
809 872 1048 940 Zakunft
1094 872 1313 926 Mutian
1356 874 1460 925 mit
1501 875 1685 927 seium
1731 876 1950 943 Briefen
1996 878 2320 941 versclwnen,
2370 880 2442 931 da
2475 880 2575 932 ihu
2608 881 2697 933 die

432 943 632 1009 Geyner
681 946 936 1007 umyasmt
971 941 1086 993 und
1119 958 1225 993 zur
1259 941 1533 995 Hah-sucht
1586 943 1823 1011 verfiihrt
1874 944 2055 999 haben.
2126 946 2383 1014 Beispiele
2428 948 2520 999 der
2584 948 2693 1001 Un-

425 1009 866 1078 ciqennic'txiylceit
897 1011 1014 1062 und
1045 1010 1417 1062 Rechtliehlceit
1453 1028 1557 1063 azcs
1588 1012 1708 1064 dem
1732 1012 2037 1066 Altertume.
2108 1014 2261 1079 Βὲτίε,
2298 1032 2372 1069 xu
2406 1016 2695 1085 schwciqen

1090 1079 1206 1130 und
1237 1075 1322 1131 die
1356 1079 1538 1147 Briefe
1572 1097 1647 1132 κα
1681 1082 2017 1150 vermichten.)

564 1188 940 1242 Honorabili
993 1192 1311 1251 Musardo,
1366 1194 1532 1243 socio
1570 1194 2076 1255 Tranquillitatis
2112 1209 2239 1247 non
2286 1198 2555 1259 vulgari,

1385 1278 1474 1329 M.
1510 1278 1735 1329 Rufus.

631 1388 694 1452 S.
787 1389 924 1452 Hoc
971 1388 1138 1454 Solis
1185 1390 1289 1452 die
1334 1390 1528 1453 salem
1578 1390 1893 1455 urbanum
1938 1394 2209 1474 aspersit
2251 1394 2517 1475 prandio
2550 1416 2691 1457 meo

426 1474 698 1555 epistola
744 1478 873 1537 tua.
966 1475 1286 1557 Principio
1333 1476 1594 1539 testaris
1640 1481 1703 1539 te
1748 1481 2081 1559 propterea
2135 1479 2339 1541 rarius
2396 1480 2688 1554 scribere,

424 1559 596 1640 quod
669 1559 768 1622 vel
840 1567 1286 1641 argumentum
1363 1560 1465 1624 vel
1544 1563 1851 1625 orationis
1917 1563 2246 1627 affluentia
2313 1564 2435 1627 tibi
2505 1565 2688 1628 desit.

423 1645 664 1709 Deinde
708 1647 920 1709 nescio
979 1646 1158 1729 cujus
1222 1646 1473 1709 evanidi
1545 1648 1763 1730 pappi²
1834 1648 2117 1713 fucosam
2184 1651 2687 1713 admonitionem

421 1731 712 1814 pluribus
784 1731 1080 1813 explicas.
1171 1732 1328 1813 Ege,
1396 1733 1715 1808 Musaide,
1782 1735 2073 1816 quamvis
2122 1736 2303 1798 valde
2364 1740 2429 1799 te
2491 1736 2687 1816 diligo

420 1822 557 1881 tum
631 1820 883 1899 propter
949 1817 1368 1881 eruditionem
1436 1817 1745 1898 limatam,
1817 1840 1943 1884 non
2006 1820 2329 1901 vulgarem
2392 1842 2545 1902 erga
2592 1844 2691 1885 me

424 1903 728 1984 pietatem
775 1924 850 1967 ac
896 1903 1280 1983 singularem
1327 1904 1708 1967 modest-iam
1756 1918 1953 1981 tuam,
2015 1909 2154 1970 tum
2216 1908 2387 1989 quod
2440 1908 2687 1986 avidOS‚

421 1988 760 2067 inviduIOS‚
804 1988 1117 2069 abjectOS‚
1177 1990 1404 2053 anxios
1467 1989 1978 2074 Tranquillitatis
2023 1992 2388 2055 turbatores
2460 1995 2689 2057 misera

423 2075 795 2157 cupiditate,
886 2074 1212 2141 cruciabili
1302 2074 1653 2139 ambitione
1729 2076 2095 2140 laborantes
2170 2100 2408 2159 susque
2482 2078 2689 2159 deque

418 2159 681 2223 habeas:
729 2166 942 2225 tamen
991 2160 1276 2243 epistolis
1321 2160 1451 2224 tuis
1499 2162 1897 2225 suavissimis
1959 2162 2232 2227 libenter
2288 2186 2503 2243 care03
2568 2166 2685 2229 ad-

411 2246 620 2329 juravi
666 2247 858 2310 etiam
903 2250 969 2311 te
1017 2268 1123 2328 per
1170 2268 1390 2309 omnes
1436 2247 1589 2311 deos
1634 2270 1709 2311 ac
1756 2248 1925 2325 deae,
1973 2253 2047 2311 ut
2094 2249 2275 2313 dolos
2336 2255 2531 2332 atque
2590 2251 2690 2313 in-

417 2332 613 2396 sidias
681 2333 1428 2396 inverecundissimorum
1499 2331 1897 2415 Stilponum⁸
1968 2356 2239 2411 cavereS‚
2312 2337 2687 2413 declinareS‚

417 2418 764 2496 abdicares‚
801 2418 1186 2502 modumque
1218 2418 1538 2500 proposui,
1576 2426 1649 2482 ut
1682 2420 1838 2484 nihil
1872 2420 2205 2485 scribendo
2240 2425 2352 2485 aut
2386 2422 2687 2486 donando

417 2510 597 2568 tutus
645 2505 908 2568 viveres
999 2505 1471 2586 Prospiciebam
1521 2505 1690 2568 enim
1738 2527 1912 2568 meos
1959 2506 2251 2570 inimicos
2286 2507 2459 2570 nullo
2492 2513 2685 2590 pacto

415 2592 660 2655 laturos
727 2612 932 2672 aequo
1003 2591 1220 2654 animo
1285 2591 1687 2654 concordiam
1756 2595 2061 2654 nostram.
2156 2593 2335 2656 Hanc
2404 2593 2485 2656 ob
2555 2615 2685 2656 rem

419 2677 540 2740 tibi
586 2677 792 2756 magis
838 2677 1025 2741 timui
1073 2697 1264 2759 quam
1312 2675 1469 2738 mihi
1515 2681 1580 2738 et
1624 2698 1831 2740 coram
1884 2677 2121 2740 dixisse
2166 2679 2459 2742 memini:
2510 2701 2683 2756 cave,

418 2763 734 2840 Musarde,
792 2762 970 2825 cavel
1068 2761 1389 2824 Audivisti
1446 2762 1802 2840 consilium,
1850 2763 2023 2842 quod
2068 2763 2193 2825 fide
2238 2769 2303 2828 et
2346 2764 2689 2846 prudentia

418 2848 666 2925 nititur,
730 2847 1034 2911 audivisti
1098 2848 1595 2928 praecursoriam
1658 2848 1901 2911 fallacis
1962 2853 2172 2912 sectae
2240 2850 2683 2914 tentationem.

423 2933 828 2998 Subornatus
875 2933 1041 2998 enim
1087 2932 1260 2996 haud
1307 2931 1496 2996 dubie
1544 2932 1667 2996 fuit
1710 2957 1749 2998 a
1796 2933 1980 2996 malis
2026 2935 2343 3014 malignus
2399 2935 2684 3017 spirituS‚

417 3021 528 3103 qui
573 3019 636 3082 in
685 3022 910 3082 sancto
969 3019 1154 3082 corde
1202 3023 1315 3080 tuo
1361 3019 1667 3081 avaritiae
1727 3017 2011 3082 fomitem
2069 3022 2397 3098 excitaret,
2467 3021 2682 3102 probi-

417 3105 572 3169 tatis
619 3108 682 3168 et
713 3105 946 3168 amoris
991 3125 1139 3185 erga
1185 3125 1284 3166 me
1329 3103 1427 3166 tui
1461 3103 1784 3167 exstincto
1830 3104 2087 3168 lumine.
2182 3105 2324 3169 Pati
2368 3105 2685 3186 siquidem

418 3212 545 3254 non
591 3193 866 3272 possunt
895 3189 1163 3255 homulli
1196 3188 1609 3269 perditissimi
1642 3191 2001 3252 consentire
2033 3190 2098 3252 in
2134 3191 2365 3254 studiis
2396 3191 2687 3254 honestis

415 3276 725 3353 literatOS‚
771 3275 1204 3339 innocentiam
1254 3275 1596 3356 quiescere,
1646 3275 1843 3337 vitam
1889 3275 2201 3338 sinceram
2240 3277 2377 3340 sine
2408 3275 2685 3358 querelis

417 3363 539 3425 frui
609 3366 782 3424 statu
845 3383 959 3424 suo
1007 3365 1071 3423 et
1115 3360 1334 3423 sedato
1383 3364 1448 3422 et
1489 3360 1868 3440 tranquillo:
1940 3383 2130 3443 quam
2198 3363 2392 3424 animi
2459 3362 2685 3442 volup-

416 3451 616 3512 tatem
665 3447 840 3510 nulla
886 3447 1180 3528 voluptas
1225 3446 1496 3508 excedit.
1588 3445 1748 3508 Nam
1804 3445 2044 3526 „Felix,
2092 3447 2201 3526 qui
2250 3448 2480 3510 meruit
2508 3451 2686 3510 tran-

419 3533 682 3616 quillam
743 3534 972 3598 ducere
1033 3532 1228 3594 vitam
1279 3531 1358 3594 Et
1403 3531 1573 3594 laeto
1637 3531 1899 3594 stabiles
1962 3531 2251 3594 claudere
2312 3531 2437 3594 fine
2484 3531 2678 3595 dies.“

423 3618 642 3701 „Felix
707 3619 816 3701 qui
879 3617 1094 3698 potuit
1167 3638 1373 3679 rerum
1450 3637 1831 3696 cognoscere
1906 3638 2130 3680 causas
2202 3617 2408 3697 Atque
2473 3622 2686 3681 metus

417 3725 637 3768 omnes
685 3709 748 3767 et
791 3702 1187 3767 inexorabile
1233 3701 1438 3764 fatum
1483 3701 1775 3782 Subjecit
1832 3700 2103 3782 pedibus
2164 3703 2629 3783 strepitumque
2658 3715 2688 3743 ⁸·

417 3789 796 3853 Acherontis
861 3787 1138 3854 avari.“⁴
1243 3787 1464 3866 Neque
1531 3788 1701 3849 enim
1771 3785 2068 3849 facultati
2135 3787 2499 3850 addendum
2566 3792 2686 3867 est,

415 3877 526 3939 sed
600 3874 938 3956 cupiditati
1028 3873 1508 3950 detrahendum,
1585 3876 1658 3936 ut
1730 3872 1893 3935 bene
1971 3871 2279 3953 beateque
2361 3872 2675 3938 vivamus,

553 4041 580 4067 a
609 4028 662 4077 et
695 4025 989 4092 strepitum.

561 4115 575 4143 ¹
609 4111 809 4164 Lehrer
832 4111 886 4162 in
909 4109 1272 4178 Georgenthal.
1311 4109 1360 4161 S.
1384 4109 1485 4161 212
1507 4110 1569 4162 A.
1593 4108 1640 4162 6.
1716 4109 1735 4140 ²
1770 4109 1877 4160 Des
1914 4108 2099 4161 Pastor
2134 4125 2238 4161 von
2274 4108 2538 4174 Ohrdruff,
2576 4109 2685 4162 wie

417 4181 624 4234 Mutian
658 4180 714 4231 in
731 4179 818 4233 Br.
843 4180 941 4232 199
977 4180 1256 4230 vermutet.
1310 4177 1525 4244 Pappus
1546 4177 1644 4228 mit
1662 4177 1989 4244 Anspielung
2012 4179 2105 4229 aus
2138 4193 2287 4244 papa.
2398 4179 2419 4208 ³
2452 4176 2686 4245 Stylpho

417 4251 486 4301 ist
521 4251 614 4302 der
648 4248 780 4300 Titel
827 4248 935 4300 und
982 4247 1120 4298 Held
1171 4247 1316 4298 einer
1367 4245 1624 4299 Komodie
1676 4245 2103 4312 Wimphelings:
2160 4246 2243 4297 ein
2302 4246 2681 4310 unwissender,

418 4317 855 4384 stellenjagender
891 4315 1150 4382 Romling,
1188 4316 1281 4366 der
1316 4315 1441 4367 aber
1476 4313 1810 4366 schliesslich
1864 4314 2093 4366 entlarvt
2138 4314 2245 4366 und
2293 4313 2682 4368 Schweinehirt

416 4387 562 4440 wird.
636 4385 766 4436 Hier
803 4384 882 4436 als
918 4385 1346 4451 Gattungsname.
1488 4385 1508 4414 ⁴
1545 4382 1699 4450 Verg.
1740 4383 1921 4450 Georg.
1959 4383 2027 4449 II,
2064 4382 2353 4436 490—492.
