3084 4895
417 366 499 431 92
1177 364 1348 418 Briefe
1385 381 1486 418 von
1527 365 1881 420 1505—1508.

418 538 658 601 illatam
707 537 997 620 injuriam
1046 537 1359 620 patienter
1406 539 1637 604 tulerit.
1731 538 2125 621 Quamquam
2172 537 2336 600 enim
2371 537 2677 617 Hierony-

419 647 560 688 mus
593 623 1050 687 Stridoniensis
1079 625 1144 687 in
1182 625 1438 707 prologo
1473 626 1701 689 veteris
1733 625 2015 707 mysterii
2043 629 2316 687 testetur
2364 622 2676 686 neminem

419 711 554 774 sine
600 710 863 773 docente
909 709 1251 792 perfectum
1300 733 1454 784 esse,
1505 712 1747 774 Plinius
1792 723 2003 774 tamen
2068 710 2295 793 probat
2346 709 2675 773 Manilium

419 801 778 860 senatorem
824 797 1117 860 maximis
1163 796 1438 861 nobilem
1486 798 1839 879 disciplinis
1885 798 2141 860 doctore
2198 796 2369 859 nullo
2434 795 2672 859 fuisse*

425 881 781 965 Syllanion²
829 904 1080 965 quoque
1113 885 1462 947 statuarius
1494 892 1560 948 et
1603 883 1911 966 Epicurus
1956 883 2373 966 philosophus
2406 905 2473 944 se
2505 883 2679 963 ipsos

432 971 770 1051 magistros
802 969 1096 1034 habuere.
1189 970 1483 1034 Aurelius
1517 972 1664 1033 item
1701 970 2095 1050 Augustinus
2127 969 2231 1032 ille
2264 968 2681 1050 polygrapho-

421 1062 595 1120 tatos
638 1056 798 1119 libro
848 1054 1329 1119 Confessionum
1379 1063 1605 1138 quarto
1661 1056 2162 1140 „Aristotelica“,
2196 1055 2425 1138 inquit,
2465 1077 2679 1137 „prae-

422 1143 781 1206 dicamenta
837 1141 1009 1205 solus
1065 1141 1190 1223 legi
1250 1147 1316 1206 et
1377 1140 1755 1207 intellexi.“⁸
1863 1142 1969 1206 Sic
2022 1142 2379 1206 Bernardus
2450 1146 2681 1215 noster,

427 1230 520 1292 vir
565 1227 732 1291 haud
781 1227 971 1291 dubie
1003 1229 1186 1311 primi
1222 1231 1496 1293 nominis
1528 1231 1693 1293 inter
1725 1228 2179 1309 sanctissimOS‚
2226 1228 2405 1310 cujus
2444 1227 2684 1291 familia

427 1314 612 1378 hodie
674 1313 800 1378 late
864 1319 1042 1396 patet
1112 1315 1476 1380 coelestium
1547 1314 2055 1398 contemplatrix,
2119 1318 2367 1379 tantum
2433 1314 2685 1378 assidue

421 1401 690 1483 legendo
724 1408 789 1464 et
819 1400 1058 1483 ingenii
1091 1403 1381 1466 acumine
1428 1402 1670 1478 didicit,
1704 1408 1777 1466 ut
1806 1425 1843 1464 a
1876 1402 2009 1465 suis
2042 1401 2382 1466 mellifluus
2416 1401 2680 1465 dicatur.

425 1487 720 1551 Imitatus
766 1491 863 1550 est
917 1509 1126 1550 veram
1190 1489 1588 1570 sapientiam,
1648 1511 1807 1572 quae
1867 1489 1931 1552 in
1981 1487 2153 1552 coelo
2215 1492 2330 1562 est,
2398 1487 2679 1550 divinum

425 1574 726 1648 animum,
773 1595 957 1638 suum
990 1572 1308 1638 Christum
1359 1598 1589 1658 regem,
1623 1575 1732 1659 qui
1766 1579 1838 1638 ut
1870 1575 2187 1638 ferendam
2224 1596 2361 1638 esse
2394 1573 2681 1658 injuriam

425 1661 762 1743 praecepit,
832 1661 925 1724 ita
996 1660 1232 1724 illatam
1303 1663 1460 1724 adeo
1529 1663 1850 1726 moderate
1915 1661 2083 1736 tulit,
2152 1666 2225 1725 ut
2291 1661 2539 1724 veniam
2601 1659 2685 1723 sit-

426 1747 901 1828 percussoribus
957 1753 1265 1830 precatus,
1375 1749 1506 1831 Age
1570 1770 1732 1822 vem,
1798 1748 1948 1833 quid
2006 1747 2413 1811 Bernardus‘?
2501 1746 2687 1810 Venit

424 1833 502 1896 ad
549 1856 690 1896 eum
754 1833 966 1897 nescio
1023 1834 1164 1916 quis
1217 1835 1547 1900 subiturus
1591 1835 1815 1917 jugum
1882 1833 2315 1898 Cisterciense.
2406 1833 2687 1897 Monitus

425 1919 506 1983 ab
582 1942 654 1984 eo
723 1940 904 2002 posse
979 1921 1177 1985 aliubi
1247 1943 1498 2002 quoque
1567 1921 1884 2003 proficere,
1956 1921 2007 1983 si
2078 1921 2281 2000 vellet,
2353 1919 2685 1984 confestim

417 2007 769 2089 impatiens
816 2008 1101 2088 repulsae
1149 2021 1362 2090 pugno
1395 2008 1692 2072 abbatem
1732 2006 2024 2089 pulsavit.
2118 2007 2416 2072 Fuissent
2448 2008 2686 2082 statim,

429 2094 539 2174 qui
586 2093 869 2168 aderant,
920 2093 1037 2158 ulti
1067 2099 1198 2157 tam
1236 2095 1498 2177 impium
1531 2094 1800 2171 facinuS,
1834 2095 1954 2158 nisi
1990 2094 2290 2158 Bernardi
2339 2094 2687 2157 auctoritas

428 2179 552 2242 vim
602 2180 662 2244 vi
726 2179 1022 2262 repellere
1084 2180 1438 2245 vetuisset.⁸
1551 2181 1917 2264 „Oportet“,
1976 2180 2184 2262 inquit
2251 2180 2689 2244 sanctissimus

428 2273 626 2348 pater,
680 2289 814 2348 „me
860 2267 1003 2330 aliis
1049 2267 1392 2348 ignoscere,
1441 2269 1540 2332 cui
1587 2293 1624 2332 a
1672 2267 1924 2332 Christo
1972 2272 2311 2344 servatore,
2358 2268 2467 2348 qui
2502 2289 2687 2330 verus

428 2361 527 2417 est
574 2403 584 2416 .
637 2403 649 2414 .
699 2403 712 2416 .
767 2354 856 2432 .¹²,
903 2354 1094 2417 toties
1126 2355 1534 2436 ignoscitur.“
1617 2354 1668 2419 O
1706 2377 1918 2418 vocem
1952 2355 2309 2418 imitatione
2339 2365 2367 2394 ⁸
2396 2353 2685 2433 dignam!

424 2439 551 2504 Vos
625 2439 928 2504 Bernardi
995 2445 1258 2523 nepotes
1327 2443 1389 2504 in
1463 2441 1683 2505 Eremo
1750 2441 2108 2523 Georgiana
2177 2464 2300 2505 non
2379 2441 2531 2504 estis
2600 2440 2691 2504 ita

429 2524 762 2609 patientes,
870 2527 968 2592 Ob
1036 2528 1170 2591 leve
1233 2529 1531 2592 delictum
1599 2528 1964 2591 irascimini.
2080 2528 2243 2605 Quid
2306 2527 2476 2591 aliud
2538 2528 2690 2591 estis

435 2635 624 2695 quam
671 2612 977 2677 Bernardi
1024 2613 1268 2692 fratres,
1317 2614 1553 2679 Christi
1598 2615 1762 2678 filii?
1852 2615 2027 2679 Scire
2073 2616 2206 2697 pati
2255 2636 2399 2678 vera
2436 2614 2690 2677 indubi-

431 2706 694 2782 tataque
763 2700 966 2763 virtus
1027 2705 1124 2765 est
1187 2710 1250 2765 et
1310 2702 1623 2785 imprimis
1701 2701 2063 2765 christiana.
2180 2699 2689 2781 Christophorus,

429 2787 721 2851 coelitum
784 2787 1186 2866 fortissimus,
1266 2809 1599 2869 percussus
1656 2789 1805 2852 olim
1860 2812 1897 2853 a
1953 2787 2305 2851 Samiorum
2380 2787 2692 2868 praefecto

436 2874 953 2957 „Repercuterem
1025 2874 1149 2952 te“,
1227 2876 1471 2957 inquit,
1556 2875 1716 2957 „nisi
1793 2875 2139 2939 christiana
2214 2876 2437 2957 pietaS,
2514 2874 2693 2955 cujus

429 2959 636 3025 cultor
713 2982 888 3039 sum,
959 2960 1379 3043 prohiberet.“
1499 2960 1622 3026 Sed
1703 2962 1855 3044 quid
1917 2983 2077 3043 opus
2144 2961 2268 3023 ista
2338 2960 2693 3024 relatione?

433 3048 657 3129 Agitur
688 3046 788 3110 his
820 3047 1044 3111 diebus
1078 3048 1395 3130 perpessio
1430 3048 1763 3111 dominica.
1844 3048 2024 3125 Quod
2074 3047 2443 3129 injuriarum
2493 3068 2694 3128 genus

433 3156 556 3197 non
591 3134 741 3197 tulit
772 3135 1230 3215 aequanimiter
1263 3134 1577 3209 ChristuS,
1626 3140 1696 3197 ut
1730 3155 1845 3197 nos
1890 3135 2259 3216 patientiam
2293 3146 2321 3173 ὃ
2356 3134 2695 3197 edoceret?

431 3221 482 3286 Ο
517 3226 758 3303 quanta
791 3220 1206 3301 ingratitudO,
1245 3228 1487 3303 quanta
1515 3221 1814 3302 superbia
1848 3243 1962 3284 nos
1994 3221 2201 3284 tenet!
2273 3220 2413 3284 Non
2448 3219 2694 3295 fratres,

430 3329 558 3371 non
608 3311 816 3389 patres
863 3307 984 3370 dici
1021 3307 1331 3383 volumUS,
1378 3308 1487 3371 sed
1521 3308 1779 3370 domini.
1859 3306 2149 3370 Christus
2195 3306 2419 3369 servile
2470 3329 2695 3388 corpus

428 3394 658 3469 induit,
724 3395 788 3456 in
850 3415 1116 3475 crucem,
1180 3394 1348 3474 quod
1413 3399 1508 3457 est
1570 3394 1791 3456 servile
1850 3394 2249 3475 supplicium,
2320 3398 2518 3456 actus.
2627 3393 2695 3456 Si

435 3480 539 3543 ille
584 3502 824 3557 servus,
873 3480 1190 3560 quomodo
1240 3502 1354 3543 nos
1401 3479 1693 3544 domini?
1792 3480 2152 3561 GregoriuS,
2202 3479 2437 3560 primus
2487 3480 2696 3562 ponti-

431 3568 620 3631 ficum
670 3588 1095 3640 romanorum,
1143 3588 1211 3629 se
1257 3588 1580 3631 servorum
1629 3566 1727 3628 dei
1777 3587 2022 3631 servum
2058 3565 2419 3647 appellavit.
2510 3565 2697 3629 Arbi-

432 3654 722 3717 trabatur
756 3652 920 3715 enim
956 3676 1023 3714 se
1056 3653 1296 3716 domini
1343 3652 1767 3735 appellatione
1796 3664 1823 3691 ⁸
1856 3675 1981 3715 non
2017 3653 2243 3729 ornari,
2280 3652 2387 3714 sed
2422 3653 2698 3732 graviter

432 3738 696 3802 onerari.
786 3737 869 3800 Et
929 3739 1184 3820 deipara
1244 3739 1419 3821 virgo
1475 3762 1512 3801 a
1559 3738 1815 3801 coelesti
1864 3738 2091 3802 nuntio
2122 3750 2149 3777 ⁸
2193 3739 2471 3801 salutata
2522 3760 2696 3819 prae-

433 3827 794 3906 clarumque
867 3831 929 3887 et
995 3825 1318 3889 ineffabile
1391 3826 1757 3905 mysterium
1822 3825 2046 3888 edocta
2122 3846 2241 3887 non
2319 3847 2383 3887 se
2460 3824 2699 3888 domini

435 3917 718 3987 matrem,
767 3932 890 3974 non
924 3910 1140 3986 filiam,
1190 3933 1316 3975 non
1365 3933 1661 3992 sponsam
1710 3911 1893 3988 dixit,
1942 3912 2049 3974 sed
2096 3910 2410 3973 ancillam.
2513 3910 2701 3974 Simi-

431 4000 591 4074 liter,
652 4018 777 4078 quo
839 4020 904 4061 se
951 3998 1266 4081 abjectius
1314 4002 1641 4061 monastae
1688 3997 2070 4079 deprimunt,
2133 4018 2205 4061 eo
2252 3996 2589 4061 sublimius
2634 3998 2699 4060 in

431 4084 673 4148 coelum
765 4083 1138 4148 evehuntur.
1269 4084 1492 4161 Quare,
1571 4084 1656 4146 mi
1722 4084 2095 4147 suavissime
2163 4082 2437 4161 Urbane,
2512 4084 2567 4146 si
2638 4088 2700 4147 te

566 4236 592 4262 a
620 4220 667 4271 ci
703 4225 764 4271 st.
803 4220 858 4272 ti.
1000 4222 1028 4261 b
1055 4218 1225 4271 Liielce
1258 4218 1353 4285 fiir
1385 4220 1473 4269 em
1504 4217 1857 4286 gracchi-selles
1910 4218 2051 4270 Wort
2089 4214 2272 4281 (σωτήρ
2290 4217 2351 4284 Ρ).

572 4292 586 4321 ¹
623 4289 758 4343 Hist.
798 4291 900 4341 nat.
939 4288 1008 4356 X,
1047 4289 1093 4343 2.
1236 4288 1256 4320 ²
1289 4286 1562 4353 »Silaniom
1600 4288 1655 4339 in
1691 4288 1788 4340 hoc
1832 4287 2085 4355 mirabile,
2160 4288 2261 4339 uod
2296 4286 2441 4339 nullo
2479 4286 2693 4339 doctore

428 4358 615 4411 nobilis
651 4359 795 4411 fuit.«
865 4356 998 4410 Plin.
1038 4357 1172 4410 Hist.
1210 4359 1314 4411 nat.
1353 4356 1613 4424 XXXIV,
1651 4355 1701 4423 8,
1741 4357 1818 4409 19.
1964 4358 1984 4389 ³
2019 4356 2090 4411 Co
2151 4396 2161 4409 .
2199 4356 2291 4421 IV,
2332 4356 2396 4409 16
2432 4354 2549 4409 Anf.

432 4429 452 4461 ⁴
485 4428 608 4483 Vita
641 4428 692 4482 S.
729 4427 882 4481 Bern.
919 4426 1015 4495 111,
1052 4428 1101 4482 6.
1139 4425 1270 4495 Opp.
1307 4426 1427 4482 Bas.
1469 4426 1618 4495 1566,
1653 4442 1702 4494 p.
1742 4424 1891 4480 1923.
