3084 4895
413 380 540 443 248
1243 378 1420 432 Briefe
1455 378 1551 431 des
1586 378 1637 435 J.
1678 377 1824 432 1512.

419 583 652 654 (Gotha.)
1485 566 1626 630 195.
2180 585 2263 637 30.
2300 582 2440 651 Sept
2480 582 2689 653 (1512).

1163 693 1450 763 Mutian
1496 714 1597 763 an
1640 692 1949 763 Urban.¹

419 822 600 890 (Dank
641 821 736 889 fiir
793 821 1004 874 Urbem-3
1048 820 1428 889 reiohhaltv‘yen
1451 820 1668 956 AEroerdefi)
1724 820 2063 874 Wiederholte
2108 820 2250 874 Βᾶτε
2284 838 2382 874 um
2414 820 2578 889 Kauf
2600 822 2690 875 des

1601 907 1645 941 ο.

1177 1003 1259 1053 Η.
1293 1002 1552 1053 Urbano
1588 1003 1678 1053 M.
1713 1000 1936 1052 Rufus.

628 1111 693 1176 S.
804 1112 1034 1175 Breves
1109 1113 1348 1190 literae,
1424 1113 1727 1176 diffusum
1812 1108 2309 1193 argumentum.²
2422 1112 2693 1177 Octonis

427 1196 713 1260 versibus
761 1198 960 1260 multa
1008 1201 1070 1260 et
1115 1218 1349 1278 magna
1395 1203 1591 1279 atque
1656 1197 1814 1261 adeo
1874 1198 2039 1260 scitu
2102 1197 2459 1260 necessaria
2517 1218 2691 1262 com-

426 1282 783 1364 prehendis).
873 1282 1086 1345 Primo
1154 1284 1410 1346 testaris
1479 1283 1601 1346 tibi
1659 1282 1941 1345 redditas
2010 1304 2147 1347 esse
2212 1283 2451 1360 literae,
2519 1283 2693 1365 quod

427 1372 525 1430 est
599 1368 968 1430 excellentis
1042 1367 1484 1449 perfectaeque
1574 1368 1945 1449 sapientiae,
2022 1390 2101 1431 ne
2174 1368 2361 1431 fidem
2439 1364 2691 1433 rustici⁸

428 1452 868 1516 desiderarem.
961 1451 1258 1516 Secundo
1322 1454 1462 1534 agis
1527 1453 1791 1535 gratiaS,
1863 1454 2034 1534 quod
2096 1458 2193 1517 est
2250 1453 2693 1520 humanitatis

428 1538 641 1601 Tertio
686 1542 926 1601 metum
973 1538 1220 1601 indicas
1266 1561 1346 1601 ex
1391 1539 1647 1603 silentio
1694 1537 2011 1621 Spalatini
2076 1544 2319 1614 natum,
2382 1539 2551 1621 quod
2598 1542 2699 1603 est

428 1624 663 1686 amoris
735 1627 801 1701 et
876 1622 1154 1705 pietatis,
1231 1624 1358 1687 imo
1433 1625 1835 1689 constantiae
1864 1637 1893 1664 ⁸
1966 1624 2453 1705 gravitatisque,
2526 1624 2699 1706 quod

429 1711 634 1772 amico
681 1708 934 1774 studere
980 1730 1118 1773 non.
1157 1710 1431 1772 desinas.
1524 1709 1764 1785 Quarto
1833 1711 2149 1792 polliceris
2209 1730 2464 1791 operam
2527 1731 2700 1775 com-

436 1795 700 1876 parandi
748 1794 1093 1870 CiceroniS,
1142 1799 1273 1858 tam
1321 1795 1727 1878 eloquentiae
1763 1816 1955 1876 quam
1987 1795 2427 1877 philosophiae
2457 1796 2702 1860 latinae

431 1881 733 1961 parentis
805 1880 1042 1955 Quinto
1095 1880 1452 1961 „reddam“,
1487 1880 1721 1962 inquis,
1760 1880 2119 1961 „Euclioni‘
2164 1878 2439 1945 litera8.“
2512 1881 2584 1945 In
2626 1902 2701 1946 eo

431 1966 618 2028 fidem
689 1970 754 2029 et
811 1986 1025 2028 curam
1089 1966 1339 2047 probae.
1432 1966 1813 2046 Quanquam
1876 1967 2102 2030 vellem
2171 1988 2299 2031 non
2344 1967 2701 2049 scripsisse,

433 2050 531 2114 vel
579 2052 729 2133 quia
773 2051 985 2114 minus
1030 2052 1143 2114 otii
1192 2050 1506 2114 habebam
1569 2051 1646 2113 ad
1694 2057 1987 2116 accurate
2033 2052 2546 2134 respondendum
2596 2052 2693 2115 vel

434 2136 586 2219 quia
652 2158 822 2199 nunc
887 2141 1098 2199 actum
1170 2140 1286 2200 est.
1377 2135 1579 2200 Sexto
1636 2158 1937 2218 magnum
1998 2138 2309 2218 gaudium
2353 2137 2704 2204 adnuntias

437 2223 512 2284 de
577 2222 998 2305 amplitudine
1065 2222 1419 2285 communis
1490 2221 1834 2287 candidati.
1924 2222 2105 2287 Felix
2152 2224 2240 2287 sit
2284 2223 2521 2287 mensis
2578 2221 2704 2287 Oc-

440 2308 642 2385 tober,
700 2309 763 2371 in
813 2329 938 2391 quo
989 2311 1178 2371 natus
1241 2308 1554 2388 Vergilius
1614 2312 1677 2369 et
1722 2306 1887 2389 ipse⁸
1937 2313 2001 2373 et
2046 2308 2449 2373 Herebordus
2515 2330 2705 2373 rena-

437 2398 648 2458 scetur
693 2394 771 2458 ad
819 2391 1136 2476 gloriam.⁶
1227 2391 1514 2477 Sept-imo
1590 2393 1821 2458 tribuis
1895 2416 2034 2459 meo
2108 2393 2374 2460 consilio
2448 2397 2706 2459 tantum

438 2480 760 2544 honorem.
874 2479 944 2543 Si
1020 2480 1172 2562 quid
1247 2481 1442 2560 probe
1518 2481 1828 2557 consului,
1904 2481 2171 2562 gaudeo.
2294 2479 2706 2561 Magnanimo

439 2567 605 2647 patri
653 2565 976 2628 referenda
1021 2569 1117 2628 est
1163 2565 1390 2646 gratia,
1438 2565 1548 2646 qui
1594 2566 1917 2645 splendori
1964 2566 2301 2630 vernaculo
2344 2561 2705 2647 prospicit.⁷

441 2652 682 2716 Octavo
746 2652 1016 2733 quaeriS,
1065 2673 1102 2713 a
1149 2671 1275 2732 quo
1331 2651 1417 2713 sit
1477 2651 1709 2713 missus
1776 2652 1968 2714 index
2036 2652 2349 2715 librarius.
2442 2647 2706 2716 Crotus⁸

439 2738 519 2800 ad
591 2759 706 2810 me,
784 2738 892 2800 sed
964 2759 1001 2800 a
1071 2757 1197 2819 quo
1273 2737 1606 2818 acceperit,
1686 2737 1918 2800 nescio.
2043 2737 2295 2799 Videbis
2370 2735 2707 2819 epistolam

443 2822 746 2899 hominis;
809 2826 1055 2904 praeter
1120 2821 1282 2884 hanc
1325 2827 1390 2885 et
1435 2822 1594 2886 alias
1659 2822 1877 2886 literas
1926 2822 2101 2886 misit
2145 2823 2221 2886 de
2265 2822 2455 2886 rebus
2522 2821 2708 2886 novis

442 2909 537 2972 vir
581 2908 865 2991 apprime
922 2909 1144 2971 bonus.
1236 2907 1527 2972 Invenies
1573 2908 1937 2972 Ciceronem
1988 2908 2176 2972 modo
2224 2907 2479 2972 duobus
2518 2908 2709 2973 modo

440 2995 648 3057 tribus
727 2995 936 3057 aureis
1005 3015 1142 3056 esse
1210 2993 1557 3056 venditum.
1674 2992 2009 3075 Utcunque
2078 2993 2183 3066 sit,
2254 2993 2556 3072 habeam3
2632 2985 2745 3055 de‘

443 3080 646 3160 pretio
697 3080 933 3142 nullam
977 3078 1242 3143 movebo
1276 3078 1737 3160 quaestionem.
1816 3079 1987 3142 Haec
2017 3079 2416 3142 festinanter.
2494 3073 2711 3154 Paul?

577 3295 605 3323 a
633 3281 955 3335 constantiae
991 3298 1085 3333 am
1127 3280 1329 3333 Raude.

588 3352 603 3380 ¹
639 3351 796 3404 Auch
835 3351 890 3403 in
928 3348 1214 3403 Camerarii
1248 3348 1434 3401 Libell.
1475 3347 1561 3400 alt.
1600 3348 1633 3400 J
1654 3349 1687 3401 6
1708 3363 1740 3400 a
1762 3363 1837 3414 sq.
1931 3347 1949 3378 ²
1971 3347 2210 3398 Antwmt
2243 3345 2453 3398 Urbans
2487 3345 2580 3396 auf
2612 3345 2717 3396 den

445 3419 660 3486 vorigen
695 3418 853 3473 Brief.
999 3420 1020 3450 ⁸
1053 3417 1248 3470 Martin
1285 3416 1506 3482 Schilos‚
1544 3416 1644 3467 mit
1679 3416 1867 3468 dessen
1902 3413 2249 3466 Prokuration
2282 3413 2467 3466 Urban
2501 3413 2717 3465 betraut

444 3488 654 3540 worden
693 3503 814 3540 war.
853 3487 902 3540 S.
924 3485 1023 3539 247
1043 3488 1105 3540 A.
1130 3487 1177 3539 6.
1253 3486 1272 3516 ⁴
1292 3484 1488 3549 Schilo,
1524 3500 1592 3536 an
1628 3485 1730 3536 den
1764 3483 1903 3537 nach
1939 3498 2047 3534 vor.
2068 3481 2155 3534 Br.
2172 3480 2379 3534 Mutian
2400 3481 2554 3533 einen
2570 3479 2723 3532 Brief

446 3557 616 3609 durch
671 3555 852 3608 Urban
890 3554 1137 3622 gegeben,
1175 3554 1340 3606 worin
1375 3570 1432 3605 er
1465 3553 1581 3604 ihm
1616 3552 1827 3604 Urbans
1880 3549 2227 3603 Prokuration
2279 3549 2535 3617 anzeigte.
2607 3548 2719 3600 Der

445 3623 594 3677 Brief
626 3624 805 3676 wurde
841 3622 1283 3675 wahl-scheinlich
1319 3621 1468 3674 nicht
1516 3620 1834 3686 abgegeben,
1872 3618 1939 3670 da
1974 3618 2153 3670 Schilo
2188 3618 2326 3670 auch
2363 3617 2420 3668 in
2457 3618 2559 3669 den
2592 3615 2715 3692 fol-g.

445 3694 643 3745 Jahren
681 3691 758 3745 als
795 3692 1112 3745 Prokurator
1147 3690 1424 3742 erscheint.
1499 3688 1685 3740 Euclio
1722 3688 1815 3740 der
1850 3687 1899 3739 N
1903 3703 2020 3738 ame
2057 3687 2151 3738 des
2188 3685 2427 3754 geizigen
2462 3684 2623 3737 Alten
2657 3701 2715 3736 m

446 3763 539 3814 der
573 3760 851 3813 Aulularia
887 3761 979 3811 des
1015 3760 1252 3812 Plautus
1396 3761 1416 3790 ⁵
1450 3757 1520 3809 M.
1561 3773 1671 3808 war
1706 3771 1791 3808 am
1820 3755 1899 3807 15.
1922 3753 2038 3806 Okt.
2078 3753 2319 3822 geboren.
2427 3754 2449 3784 ⁶
2472 3752 2715 3806 Herbord

446 3829 597 3883 sollte
633 3845 756 3880 zum
779 3830 868 3882 Dr.
888 3829 1023 3895 juris
1052 3825 1370 3895 promovieit
1405 3825 1635 3888 werden,
1672 3825 1807 3876 doch
1844 3823 1966 3875 fand
2003 3823 2087 3874 die
2111 3821 2415 3875 Promotion
2451 3822 2559 3874 erst
2592 3821 2716 3874 Anf.

445 3898 581 3952 Nov.
620 3899 759 3951 statt.
833 3896 932 3949 Die
953 3894 1305 3964 stattgehabte
1327 3893 1630 3947 Promotion
1666 3892 1799 3944 wird
1828 3907 1913 3943 am
1937 3893 1995 3942 11
2011 3931 2021 3943 .
2040 3890 2177 3944 Nov.
2200 3890 2288 3942 Br.
2314 3890 2415 3943 206
2435 3888 2718 3967 gemeldet.

445 3966 690 4020 Darnach
726 3966 796 4018 ist
829 3965 1164 4018 Motschm
1180 3979 1254 4016 an
1271 3980 1319 4028 n,
1355 3962 1460 4015 Erf.
1499 3962 1574 4014 lit.
1597 3960 1784 4013 contin.
1824 3977 1871 4028 p.
1898 3961 1995 4012 165
2017 3975 2095 4026 sq.
2136 3975 2203 4010 zu
2242 3957 2587 4026 berichngen,
2625 3957 2721 4034 der

444 4036 521 4087 im
554 4033 900 4086 Verzeichnis
938 4034 1031 4086 der
1058 4032 1231 4100 jurist.
1254 4031 1516 4084 Doktoren
1555 4029 1810 4084 Herbord.
1849 4027 2056 4080 Otterer
2090 4027 2200 4079 und
2236 4026 2607 4093 Frankenberg
2641 4042 2719 4076 1m

444 4104 576 4157 Jahr
613 4104 746 4155 1513
783 4102 1101 4169 promoviert
1137 4099 1250 4153 sein
1284 4099 1426 4152 lasst.
1480 4099 1598 4155 Nur
1634 4097 1685 4148 in
1710 4096 1893 4164 Bezug
1928 4097 2021 4148 auf
2054 4096 2139 4148 die
2163 4095 2354 4147 beiden
2389 4094 2612 4151 letztern
2647 4093 2725 4146 ist

446 4172 531 4224 die
568 4171 783 4238 Angabe
819 4171 1026 4238 richtig.
1097 4169 1286 4221 Leider
1321 4167 1439 4220 sind
1475 4167 1561 4219 die
1598 4163 2123 4236 Promotionslisten,
2146 4179 2243 4216 aus
2279 4163 2448 4215 denen
2484 4161 2720 4214 Motsch-

446 4256 604 4292 mann
637 4239 890 4305 schopfte,
924 4239 1072 4290 nicht
1100 4237 1253 4289 mehr
1279 4236 1599 4287 vorhanden.
1687 4235 1705 4265 ⁷
1726 4233 1826 4285 Die
1846 4233 1985 4286 Ehre
2005 4233 2099 4284 des
2118 4231 2371 4292 Klosters,
2406 4231 2493 4282 fiir
2516 4229 2721 4282 welche

447 4310 540 4360 der
579 4308 680 4359 Abt
715 4308 882 4360 durch
917 4306 1259 4374 Bestiitigung
1293 4305 1503 4356 Urbana
1541 4302 1621 4354 als
1663 4301 1997 4353 Oekonomus
2034 4303 2191 4368 sorgt.
2284 4301 2305 4332 ⁸
2334 4298 2725 4352 Klosterlehrer

446 4378 500 4430 in
535 4376 716 4430 Fulda.
755 4376 806 4429 S.
848 4377 942 4428 151
981 4378 1045 4428 A.
1087 4377 1134 4428 3.
1255 4373 1277 4404 ¹³
1312 4375 1396 4424 An
1431 4371 1633 4426 Paulus
1670 4369 1961 4438 Myssener.
