3084 4895
1140 418 1190 471 M
1195 419 1348 473 uttan
1387 434 1456 471 an
1495 418 1815 471 Hartmann.
2485 412 2613 477 523

350 594 572 655 santur
618 590 682 653 in
733 590 1090 655 Cimmeriis
1133 590 1432 667 tenebriS,
1481 594 1554 654 ut
1600 589 1699 653 vel
1730 590 1792 653 in
1826 590 1957 653 sole
2003 587 2293 653 veritatis
2338 584 2611 665 caligare

352 676 708 741 videantur.
798 676 1189 742 Omittamus
1235 697 1385 740 oves
1431 677 1597 756 nigri
1642 675 1908 739 velleris.
2003 672 2429 737 Periculosum
2476 690 2611 732 cer-

349 767 566 825 tamen
602 767 702 824 est
731 762 1065 844 digladiari
1099 783 1238 826 cum
1273 760 1567 825 mendico
1598 781 1829 837 mom0,
1862 759 2045 841 cujus
2092 780 2241 841 pera
2285 776 2611 836 nunquam

351 845 668 928 impletur.
760 848 968 929 Vulgo
1037 846 1314 911 creditur
1377 848 1521 909 istis
1568 846 1651 908 ob
1697 845 1973 909 fucatam
2004 857 2032 886 ⁸
2097 842 2605 909 sanctimoniam.

349 931 560 996 Unum
637 939 832 1013 caput
895 934 1364 997 controversiae
1429 933 1627 995 risum
1694 930 1852 995 mihi
1919 931 2139 1001 movit,
2208 929 2286 991 de
2351 947 2613 990 ovorum

353 1016 758 1098 expilatione.
849 1016 957 1080 Sic
1023 1017 1204 1091 sactu
1265 1036 1366 1079 uns
1421 1019 1508 1077 rie
1567 1026 1873 1093 nstttcnget
1930 1020 1997 1087 νῆ
2054 1022 2169 1075 hem
2228 1021 2380 1073 unte
2444 1011 2619 1075 velut

353 1101 698 1167 scarabaei.
795 1102 960 1167 Audi
990 1101 1274 1167 fabulam
1307 1102 1844 1182 antiquissimam.
1936 1100 2333 1163 Scarabaeus
2364 1100 2617 1179 spretus

355 1187 439 1251 ab
483 1187 702 1267 aquila
757 1189 968 1269 coepit
1021 1186 1100 1250 de
1156 1187 1441 1250 vindicta
1505 1188 1806 1265 cogitare.
1898 1184 2197 1266 Adrepsit
2255 1183 2337 1245 ad
2396 1181 2613 1244 nidum

355 1272 608 1354 aquilae
655 1278 721 1335 et
765 1293 888 1336 ova
933 1272 1230 1354 propulit.
1323 1271 1554 1354 Aquila
1596 1271 1660 1334 id
1710 1271 1973 1334 moleste
2004 1270 2212 1333 ferens
2242 1272 2307 1331 et
2338 1266 2617 1330 auctoris

354 1358 570 1421 nescia
629 1359 962 1421 transtulit
1017 1358 1236 1421 nidum
1282 1358 1346 1421 in
1393 1358 1723 1421 editiorem
1785 1357 2013 1420 locum.
2106 1354 2229 1418 Sed
2289 1352 2618 1435 improbus

355 1441 736 1507 scarabaeus
799 1443 992 1507 simili
1055 1442 1204 1506 dolo
1253 1441 1482 1523 dejecit
1525 1464 1665 1505 ova.
1757 1441 1916 1504 Tum
1984 1441 2203 1504 Jovem
2278 1450 2615 1520 patronum

353 1528 515 1592 adiit
589 1527 824 1610 aquila.
947 1528 1230 1610 Exponit
1303 1527 1735 1591 calamitatem
1809 1527 1909 1590 his
1984 1527 2223 1589 verbis:
2322 1522 2619 1604 „Summe

357 1618 556 1696 pater,
600 1613 866 1677 defende
913 1615 1228 1688 clientem,
1274 1613 1404 1676 vim
1450 1614 1510 1675 vi
1558 1612 1803 1695 repelle.
1884 1610 2206 1675 Conserva
2238 1609 2613 1692 prosapiam.

359 1697 529 1775 ,Sint
589 1701 727 1763 nati
789 1703 1081 1763 natorum
1130 1703 1194 1762 et
1239 1700 1350 1779 qui
1394 1703 1739 1762 nascentur
1782 1697 1866 1760 ab
1912 1697 2076 1760 illis.‘
2167 1696 2395 1776 Ignota
2463 1694 2619 1757 mihi

358 1786 558 1866 pestis
605 1785 821 1848 nidum
857 1784 1139 1847 infestat.
1233 1783 1669 1847 Deturbantur
1707 1804 1846 1859 ova,
1881 1788 1944 1847 et
1974 1784 2267 1863 quamvis
2298 1784 2621 1843 commuto

362 1870 752 1933 domicilium
801 1874 868 1933 et
911 1871 1166 1951 saepius
1211 1870 1336 1933 alio
1383 1870 1651 1944 dilabor,
1700 1890 2011 1949 nusquam
2061 1867 2373 1932 hactenus
2404 1870 2619 1929 tamen

359 1955 426 2018 in
474 1958 618 2019 tuto
678 1955 1018 2019 nidificavi.
1111 1955 1272 2018 Boni
1335 1956 1645 2035 praesidis
1709 1959 1809 2019 est
1873 1975 2143 2037 purgare
2209 1952 2619 2035 provinciam,

360 2062 440 2103 ne
486 2040 766 2107 latrones
809 2040 1121 2105 invadant
1163 2040 1404 2104 alienas
1446 2040 1803 2105 facultates.
1896 2040 2069 2116 Vide,
2127 2038 2399 2120 Jupiter,
2467 2036 2626 2101 coeli

359 2130 696 2209 terraeque
739 2130 964 2197 rector,
1011 2148 1090 2189 ne
1124 2125 1240 2190 fiat
1269 2131 1492 2189 contra
1515 2126 1623 2208 jus
1654 2130 1721 2189 et
1750 2126 1847 2190 fas
1878 2125 2109 2207 injuria
2140 2125 2270 2189 tuis
2300 2121 2617 2187 famulis.“

366 2211 484 2275 His
515 2212 886 2295 suppliciter
919 2212 1107 2275 dictis
1154 2211 1316 2275 bene
1361 2234 1610 2295 sperare
1650 2211 1837 2293 jubet
1880 2232 2151 2291 magnus
2196 2212 2620 2274 conservator.

366 2296 642 2378 „Pone“,
709 2298 942 2378 inquit,
1007 2298 1109 2377 „in
1157 2317 1296 2361 meo
1365 2299 1603 2377 gremio
1670 2302 1785 2361 tua
1851 2318 1988 2361 ova.
2079 2295 2280 2359 Nemo
2325 2295 2513 2359 fidem
2560 2300 2626 2359 et

360 2384 630 2447 tutelam
676 2383 878 2447 nostri
924 2382 1173 2466 imperii
1216 2382 1545 2447 violabit.“
1644 2382 1766 2447 Sed
1814 2403 1851 2447 o
1898 2382 2241 2465 pertinacis
2300 2381 2626 2445 scarabaei

365 2470 823 2534 temeritatem!
914 2468 1075 2533 Nam
1123 2491 1230 2552 per
1275 2470 1474 2534 vestis
1515 2470 1781 2534 lacinias
1824 2470 2133 2550 sinusque
2185 2468 2499 2551 prorepsit
2543 2467 2625 2530 ad

361 2576 501 2620 ova.
616 2555 792 2631 Quae
867 2577 1007 2618 cum
1086 2555 1384 2637 ,Iuppiter
1455 2556 1837 2620 commoveri
1902 2554 2354 2618 animadvertit
2418 2573 2625 2634 neque

364 2641 630 2718 videret,
679 2641 848 2704 unde
893 2641 1170 2721 impetus
1213 2641 1320 2704 ille
1365 2645 1564 2706 esset:
1610 2641 1873 2705 territus
1902 2641 1991 2704 rei
2024 2641 2311 2704 novitate
2354 2659 2627 2703 excussa

359 2726 605 2806 gremio
672 2725 956 2808 profudit
1001 2727 1064 2788 in
1121 2731 1373 2790 terram.
1465 2727 1685 2791 Risere
1751 2731 2160 2809 spectatoreS,
2235 2725 2345 2790 sed
2410 2724 2628 2807 aquila

361 2811 568 2875 doluit
635 2819 702 2876 et
765 2812 1006 2875 mansit
1069 2812 1134 2875 in
1204 2813 1459 2893 querela
1525 2813 1928 2895 sempiterna.
2042 2811 2374 2876 Consimili
2438 2811 2627 2875 modo

362 2896 662 2961 Timones
693 2898 894 2960 nostri
926 2897 1004 2961 de
1038 2897 1322 2962 vindicta
1353 2898 1432 2961 de
1462 2899 1789 2962 canonicis
1819 2918 2077 2980 quoquo
2102 2899 2291 2962 modo
2318 2896 2627 2960 sumenda

364 2983 743 3063 cogitantes,
782 2984 962 3064 'quia
1019 3004 1242 3046 nocere
1289 2983 1413 3047 alia
1459 2985 1566 3048 via
1612 3005 1738 3048 non
1785 2988 2075 3067 possunt.
2136 2983 2451 3063 colligunt
2507 3003 2631 3046 ova

364 3071 605 3131 nostra.
698 3068 921 3148 Neque
981 3069 1268 3132 contenti
1314 3070 1389 3132 de
1434 3070 1587 3132 nido
1652 3070 1989 3151 pepulisse,
2060 3068 2369 3134 devorant
2436 3069 2628 3131 etiam

364 3159 430 3216 et
478 3152 751 3232 gallinas
807 3156 1000 3235 ipsaS,
1059 3155 1187 3217 imo
1249 3154 1450 3235 gallos
1508 3155 1761 3219 insidiis
1828 3155 2117 3218 illectant
2161 3177 2235 3218 ac
2282 3153 2625 3235 decipiunt.

363 3238 736 3302 Occurreret
811 3239 959 3302 huic
1033 3239 1240 3302 fraudi
1319 3239 1588 3320 Jupiter,
1658 3240 1845 3304 nobis
1912 3260 2096 3322 opem
2163 3240 2428 3314 laturae,
2504 3237 2629 3302 nisi

363 3322 630 3386 haberet
675 3322 894 3405 spinas
939 3324 1004 3386 in
1053 3324 1338 3406 pedibuS.
1435 3325 1710 3388 Proinde
1767 3327 2085 3406 patientes
2146 3347 2283 3388 esse
2346 3325 2631 3404 cogimur

361 3413 641 3490 tuaeque
715 3410 1038 3473 voluntati
1114 3410 1354 3491 gratias
1428 3410 1697 3490 agimus.
1812 3410 2067 3488 Fecisti,
2147 3410 2319 3491 quod
2392 3409 2630 3474 Paulus

362 3493 772 3576 praescribit:
827 3496 1096 3576 „Argue,
1141 3495 1422 3571 obsecra,
1457 3494 1805 3579 increpa.“⁸
1901 3495 2135 3560 Audita
2167 3496 2289 3560 fuit
2318 3495 2631 3560 suadendi

363 3580 713 3643 auctoritas
761 3582 826 3643 et
863 3580 1131 3661 jubendi
1178 3585 1484 3661 potestaS,
1533 3581 1643 3644 sed
1690 3583 1920 3645 crassis
1976 3581 2237 3645 auribus
2297 3584 2631 3644 monastae

364 3686 494 3728 non
566 3670 942 3746 receperunt
1007 3666 1178 3728 tanti
1242 3665 1437 3746 legati
1504 3688 1829 3730 sermones
1904 3667 2371 3731 saluberrimos.
2464 3666 2630 3743 Quid

362 3751 560 3831 igitur
620 3750 796 3812 aliud
855 3772 1045 3832 quam
1106 3750 1262 3814 illud
1329 3752 1761 3832 evangelicum
1831 3752 2099 3815 dixeris:
2175 3751 2629 3834 „Cantavimus

365 3834 547 3898 vobis
613 3835 791 3898 tibiis
852 3841 916 3899 et
980 3857 1106 3899 non
1176 3836 1494 3914 saltastis3
1565 3838 1969 3901 eecinimusb
2033 3838 2301 3918 lugubre
2369 3843 2432 3901 et
2500 3859 2626 3900 non

363 3918 700 4002 plorastis“
721 3919 756 3980 ¹?
842 3920 924 3984 Et
955 3921 1030 3984 de
1063 3920 1163 3983 his
1194 3921 1446 4002 quidem
1481 3922 1811 3986 hactenus.
1901 3921 2146 3986 Rhanis
2177 3921 2419 3986 noster²
2454 3925 2632 4004 cupit

364 4027 504 4068 esse
569 4005 880 4069 notarius,
969 4005 1066 4068 Da
1111 4005 1260 4068 huic
1317 4007 1571 4070 inanem
1634 4008 1895 4072 titulum
1941 4008 2065 4072 sibi
2110 4008 2515 4092 profuturum
2564 4013 2629 4072 et

364 4090 636 4154 fortasse
681 4091 872 4155 rebus
915 4092 1062 4154 tuis
1154 4090 1376 4156 Facito
1422 4093 1886 4171 authenticum,
1921 4098 1992 4157 ut
2024 4094 2263 4158 scribat
2302 4098 2623 4158 auctorem

501 4307 531 4334 ⁸
558 4293 786 4345 facatam
825 4293 976 4345 Tenx.
1118 4296 1148 4334 b
1178 4293 1325 4345 Tenx.
1360 4293 1484 4360 fiiyt
1519 4294 1671 4347 vobis
1706 4294 1891 4347 kinxu.

507 4362 525 4392 ²
562 4360 609 4413 2.
644 4361 777 4413 Tim.
814 4363 866 4429 4,
904 4362 950 4413 2.
1062 4361 1083 4393 ²
1117 4361 1204 4416 Br.
1241 4361 1360 4415 446.
1431 4362 1540 4414 Der
1574 4363 1819 4415 Wunsch
1853 4363 2007 4431 gierig
2042 4363 2095 4415 in
2131 4361 2419 4431 Erffillung.
2476 4362 2629 4423 Denn

363 4427 420 4480 in
453 4429 542 4484 Br.
580 4429 684 4482 492
718 4430 1116 4484 unterzeichnet
1150 4430 1266 4483 sich
1301 4430 1366 4485 Η.
1403 4428 1607 4484 Rhanis
1643 4429 1721 4484 als
1756 4430 2042 4499 Presbyter
2074 4431 2324 4486 notariae.
