3084 4895
487 441 615 506 340
1315 433 1491 502 Briefe
1527 435 1621 495 des
1655 431 1703 498 J.
1746 435 1889 497 1513.

485 623 716 694 (Gotha.)
814 709 819 715 .
1051 653 1054 658 -
1529 615 1672 678 277.
2234 631 2491 703 (Sommer
2527 628 2702 696 1513.)
2714 629 2730 659 ¹

1240 755 1530 827 Mutian
1574 778 1672 828 an
1716 757 1992 829 Urban.

487 879 618 948 (Eat
663 881 746 933 bei
775 881 891 934 dem
926 881 1053 934 Abte
1095 883 1194 936 das
1241 883 1540 937 Verbleiben
1586 885 1794 939 Urbana
1836 887 1902 939 in
1934 888 2132 939 seinem
2166 885 2320 938 Amte
2360 885 2727 952 durchyesetxt,

485 950 622 1003 auch
668 950 1124 1019 Versprcchunqen
1176 952 1274 1020 fiir
1305 953 1828 1090 siclzmhffffitlr)
1865 956 2155 1008 Sehbnazae.
2228 954 2505 1023 spalatin-3
2563 953 2733 1006 Glic‘ck

1229 1109 1326 1187 a.
1345 1135 1601 1186 urbano
1638 1137 1721 1189 Μ.
1756 1136 1979 1189 numa.

693 1243 1096 1311 Gaudeamus
1151 1267 1370 1311 omnes
1415 1248 1482 1310 in
1515 1249 1791 1328 domino,
1837 1252 2019 1330 parta
2049 1247 2168 1311 tibi
2218 1245 2391 1310 salus
2422 1249 2535 1309 est.
2612 1243 2733 1308 Sta

487 1331 626 1396 firm
682 1328 912 1395 cabal.²
999 1331 1338 1414 Impetravi
1393 1333 1514 1397 tibi
1574 1334 2019 1415 magistratum
2080 1338 2144 1397 et
2211 1332 2497 1414 gratiam.
2584 1330 2727 1394 Non

495 1439 658 1501 opus
699 1422 798 1482 est
839 1439 979 1482 mea
1021 1424 1300 1500 repetere
1345 1420 1531 1482 dicta.
1605 1419 1824 1494 Effeci,
1870 1419 2041 1502 quod
2092 1417 2366 1483 volebas,
2433 1415 2728 1492 Exoravi,

495 1503 662 1587 quod
710 1503 998 1586 optabas.
1090 1505 1172 1568 Es
1228 1526 1610 1570 oeconomus
1665 1512 1730 1569 et
1783 1506 2089 1569 manebis,
2180 1504 2286 1567 Vis
2347 1502 2730 1578 coronidem,

489 1590 585 1654 vis
629 1589 1022 1654 auctarium?
1110 1589 1306 1655 Dabo.
1395 1589 1537 1654 Non
1586 1591 1789 1655 solum
1844 1598 1905 1654 te
1950 1592 2159 1654 firmat
2215 1591 2277 1653 in
2326 1589 2557 1663 officim
2620 1589 2729 1652 sed

491 1677 679 1740 etiam
742 1676 991 1756 roganti
1049 1675 1222 1745 mihi,
1291 1681 1362 1740 ut
1405 1675 1525 1740 tibi
1572 1677 1807 1741 diceret
1867 1700 1932 1740 se
1978 1677 2142 1741 votis
2206 1676 2361 1738 meis
2406 1674 2730 1745 annuisse,

488 1762 845 1844 respondit:
908 1761 1028 1832 ..cs
1075 1767 1160 1822 sul
1199 1764 1260 1837 jn
1306 1765 1484 1824 seins*
1572 1761 1733 1824 Nam
1800 1768 1948 1826 ante
2008 1764 2291 1826 dixerat:
2360 1758 2541 1832 „Umb
2604 1757 2733 1821 tm’t

489 1849 662 1910 mium
729 1850 818 1910 sal
864 1867 915 1907 tt
976 1849 1240 1911 Μήδαν·
1327 1847 1445 1929 Egi
1497 1853 1563 1911 et
1616 1849 1739 1911 alia
1790 1850 1949 1912 satis
2012 1848 2353 1914 commode.
2458 1844 2605 1908 Dixi
2665 1850 2734 1908 te

491 1931 721 1996 habere
782 1932 1060 2015 diploma
1131 1930 1389 1996 meum.⁸
1478 1931 1776 2008 Subrisit‚
1851 1940 1911 1998 et
1958 1939 2054 1998 est
2111 1933 2295 2015 plane
2352 1932 2555 1994 bonus
2616 1931 2730 1993 vir.

491 2017 615 2082 Sed
661 2016 1028 2082 Schonatis⁴
1072 2019 1318 2082 obitum
1351 2019 1486 2082 vult
1519 2025 1904 2100 exspectare.
1978 2019 2286 2084 Momordi
2327 2016 2732 2080 Bartholum⁵

492 2103 556 2167 et
585 2104 758 2168 visus
805 2109 900 2168 est
933 2109 1108 2185 pater
1152 2106 1548 2187 acquiescere
1594 2105 1766 2169 mihi.
1860 2106 2110 2170 Habeat
2142 2106 2264 2168 ista
2296 2103 2499 2166 bestia
2544 2123 2731 2166 suum

488 2189 705 2254 telum.
794 2190 960 2254 Audi
1025 2191 1340 2256 mirabilia
1394 2192 1470 2255 de
1531 2189 1918 2272 Spalatino.⁶
2028 2191 2292 2254 Amatur
2355 2193 2430 2252 ut
2479 2188 2651 2252 filius
2696 2211 2737 2252 a

492 2275 649 2340 duce
691 2281 756 2339 et
798 2274 1198 2425 Dggfnharto
1241 2277 1348 2340 rel.
1439 2278 1467 2340 I
1511 2298 1681 2340 nunc
1738 2281 1804 2342 et
1849 2277 2025 2341 dicas
2089 2276 2354 2342 stultum
2403 2296 2539 2338 esse
2594 2275 2739 2338 Mu-

492 2362 752 2426 tianum.
896 2384 934 2424 a
961 2383 1010 2424 e.

795 2463 917 2518 cod.
953 2462 1084 2518 Frcf.
1121 2462 1236 2517 327.

492 2652 722 2722 (ootha.)
1533 2637 1707 2701 2783·
2388 2647 2519 2717 (Juh
2554 2647 2735 2717 1513.)

1236 2762 1522 2835 Mutian
1566 2783 1664 2833 an
1707 2762 1983 2834 Urban.

493 2891 820 2958 (Mu-sardus,
875 2892 965 2945 ein
1005 2891 1272 2957 Latiam,
1317 2890 1552 2947 verdient
1592 2892 1713 2946 hein
1760 2892 2066 2954 Vei-trauan,
2109 2893 2272 2941 mmm
2316 2886 2535 2941 Mut‘e'an
2578 2886 2737 2939 einen

490 2960 851 3029 Philosophaem.
933 2960 1210 3029 Warmmq
1244 2979 1336 3015 vor
1370 2962 1470 3015 dem
1495 2961 1963 3026 „Taubenessem“,
1999 2960 2098 3011 den
2122 2956 2409 3011 Jakobaen.
2443 2956 2734 3009 Bar-tholus

523 3031 596 3082 ist
629 3030 1049 3097 bevollmztffzffiqt,
1084 3030 1237 3083 eivmz
1269 3048 1438 3084 ‘nezaen
1475 3030 1747 3083 Schreiber
1780 3031 1861 3081 im
1888 3028 2301 3095 Nmmenkloster
2334 3025 2697 3091 amustellen.)

561 3122 570 3131 ⁸
918 3145 1000 3195 H.
1036 3145 1290 3196 Urbano
1325 3146 1522 3196 amico
1560 3143 1922 3195 honorando
1958 3143 2041 3195 M.
2078 3141 2300 3193 Rufus.

706 3255 871 3319 Proh
940 3256 1122 3319 deum
1177 3260 1370 3338 atque
1429 3256 1753 3320 hominum
1821 3254 2035 3317 fidem!
2143 3251 2358 3328 Qualis
2422 3250 2580 3315 haec
2632 3254 2733 3313 est

493 3340 895 3422 conjuratio?
984 3340 1079 3405 Tu
1123 3340 1448 3407 Musardo⁷
1495 3343 1698 3405 credis
1744 3346 1809 3403 et
1853 3361 1987 3422 eg0‚
2035 3339 2143 3402 sed
2188 3338 2295 3400 ille
2342 3358 2455 3401 nos
2490 3334 2731 3418 lapides

495 3432 698 3509 putat,
747 3448 894 3492 suos
941 3450 1084 3491 vero
1132 3429 1280 3493 deos
1325 3429 1649 3512 propitios.
1722 3426 1846 3491 Sed
1878 3428 1987 3509 qui
2019 3428 2173 3489 sunt
2202 3424 2293 3487 illi
2324 3422 2473 3487 sui?
2516 3421 2733 3485 Morus

493 3517 558 3577 et
600 3512 872 3578 Lotiu8.⁸
962 3512 1068 3577 Sic
1123 3536 1238 3578 nos
1296 3515 1539 3578 incerta
1602 3535 1710 3596 pro
1772 3512 1959 3577 certis
2016 3510 2341 3574 habemus.
2431 3506 2500 3571 In
2562 3506 2734 3589 quod

493 3620 609 3663 nos
655 3600 982 3681 conjecisti
1025 3600 1281 3679 malum,
1328 3600 1583 3682 quando
1628 3599 1993 3664 Musardum
2040 3593 2463 3679 promovisti?
2528 3593 2733 3657 Nosse

494 3684 820 3761 debueram,
887 3686 1064 3768 cujus
1111 3690 1316 3750 sectae
1377 3686 1557 3751 foret.
1651 3685 1849 3749 Hodie
1895 3685 1960 3747 in
2007 3681 2211 3746 forum
2265 3681 2465 3744 Janus
2525 3677 2735 3743 meus'

496 3771 880 3835 descendens
925 3773 1086 3836 vidit
1133 3778 1407 3836 stantem
1469 3774 1531 3835 in
1580 3771 1939 3834 coemiterio
1996 3769 2075 3832 ad
2120 3767 2278 3831 Mori
2341 3768 2529 3842 latus,
2592 3770 2737 3847 post

499 3857 563 3919 in
611 3880 874 3939 ascensu
921 3860 1185 3922 eundem
1236 3880 1345 3939 pro
1379 3859 1621 3922 foribus
1656 3858 1841 3920 Lotii.
1932 3856 2056 3917 Eos
2087 3854 2362 3916 consulit
2392 3852 2573 3928 clam,
2606 3851 2736 3913 illis

639 4064 654 4094 ¹
685 4062 1147 4115 Wahrscheinlich
1165 4062 1275 4115 Juli
1296 4078 1476 4129 wegen
1507 4060 1731 4126 1312278,
1769 4058 1931 4111 worin
1967 4057 2034 4110 M.
2073 4055 2327 4123 schreibt:
2372 4060 2449 4105 »te
2482 4051 2737 4129 inlocum

493 4131 738 4184 restitui«.
775 4130 891 4199 Vgl.
930 4131 1013 4183 die
1043 4131 1133 4186 ΒΥ.
1171 4131 1286 4184 240.
1325 4131 1439 4185 241.
1534 4132 1554 4163 ²
1587 4126 2044 4182 Unversttindlich.
2131 4127 2151 4156 ⁸
2179 4114 2323 4176 Uber
2362 4123 2445 4174 dio
2480 4120 2737 4174 Parochio

493 4198 749 4254 Schonau.
805 4200 920 4267 vgl.
959 4198 1045 4255 ΒΓ.
1084 4201 1200 4254 239.
1241 4201 1354 4253 254.
1395 4199 1508 4253 276.
1627 4200 1644 4229 ⁴
1672 4197 1778 4249 Dos
1814 4196 1951 4249 alten
1988 4194 2199 4247 Pastor-s
2234 4209 2335 4245 von
2373 4191 2629 4245 Schonau.

495 4271 514 4300 ὓ
540 4268 660 4337 Vgl.
697 4271 812 4324 Ans.
852 4270 944 4321 des
979 4285 1086 4321 vor.
1125 4269 1210 4322 Br.
1349 4271 1370 4301 ⁶
1407 4272 1518 4320 Aus
1557 4268 1676 4319 dem
1728 4266 1800 4317 im
1840 4281 1945 4318 vor.
1985 4264 2068 4317 ΒΥ.
2108 4262 2406 4314 Θνννῆὶιηῒθη
2452 4258 2738 4336 Schreiben

493 4336 812 4405 Pfeffingeis.
923 4340 941 4370 ⁷
978 4338 1175 4389 Lehrcr
1211 4338 1262 4388 in
1301 4336 1663 4404 Georgenthal.
1708 4334 1758 4388 S.
1799 4334 1899 4385 212
1933 4335 1993 4386 A.
2033 4334 2080 4384 6.
2188 4332 2209 4363 ⁸
2244 4330 2395 4381 Goth.
2435 4325 2738 4380 Geisthche.

493 4404 560 4525 {ag
582 4407 648 4458 38
685 4410 746 4458 A.
765 4409 812 4460 4.
954 4407 975 4438 ⁹
1008 4406 1173 4458 Janus
1209 4406 1450 4472 UrbicuS‚
1486 4404 1721 4457 Mutians
1758 4403 1896 4455 Puer
1930 4417 2032 4454 von
2068 4400 2253 4451 Ostern
2291 4396 2645 4451 1513—1514.
2684 4394 2741 4448 S.
