3084 4895
449 405 578 471 556
657 466 661 469 ,
1291 406 1468 461 Brieie
1505 404 1598 459 des
1634 404 1685 458 J.
1726 404 1871 459 1515.

455 578 841 641 Prudentior
885 576 998 641 fiet
1041 582 1106 641 et
1150 578 1388 659 gratior
1433 578 1567 640 suis
1614 578 1678 640 in
1726 577 1899 641 omni
1948 578 2101 640 vita.
2194 578 2461 642 Fuldam
2532 579 2737 643 rediit

453 662 937 726 HartmannuS.¹
1041 661 1108 726 Si
1177 663 1332 744 quid
1400 662 1715 745 petieritis
1782 675 2026 744 patrem
2097 662 2161 723 in
2234 666 2493 725 nomine
2564 686 2733 741 me0‚

450 748 630 813 dabit
696 748 896 812 vobis.
1009 747 1297 811 Amicum
1365 748 1724 829 praestabo,
1844 748 2079 810 Vellem
2151 746 2513 811 Mat-thaeo’
2584 770 2735 811 suc-

451 834 701 897 cederet
747 834 909 896 alius
957 838 1259 897 curator.'
1323 832 1609 895 Moriana
1656 836 1829 895 secta
1886 833 2241 915 praeripuit-
2299 834 2485 896 nobis
2543 834 2729 896 illum

448 920 674 995 virum,
723 924 787 982 et
831 923 904 981 tu
949 919 1106 981 levis
1151 923 1216 981 et
1259 918 1621 981 incuriosus
1687 917 1875 981 homo
1924 939 2051 981 non
2099 939 2284 981 curas
2329 918 2504 991 talia,
2554 920 2733 983 unde

449 1004 745 1067 corrivari
810 1008 1075 1085 possent
1141 1003 1604 1067 admirabiliter
1674 1003 1927 1067 infinita
1992 1004 2343 1067 commoda.
2436 1004 2733 1067 Praeter-

451 1091 639 1153 mitto
686 1092 750 1152 te
797 1088 1154 1170 objurgare.
1247 1086 1400 1151 Sum
1451 1089 1620 1150 enim
1670 1093 1735 1151 et
1780 1089 1913 1171 ipse
1959 1090 2291 1169 negligens
2338 1095 2402 1151 et
2446 1090 2729 1171 ignavus

447 1179 512 1237 et
565 1174 774 1254 magis
847 1174 1246 1237 accusandus
1317 1174 1601 1237 incuriae
1678 1195 1867 1255 quam
1948 1178 2039 1236 tu.
2132 1173 2286 1237 Vide
2353 1173 2573 1237 literas
2640 1174 2729 1237 ad

454 1260 813 1335 Vuolscum,
875 1262 938 1321 et
997 1259 1051 1321 si
1110 1258 1337 1340 placet,
1402 1258 1674 1339 obsigna
1742 1262 1808 1321 et
1870 1255 2102 1321 trade.⁸
2191 1257 2349 1321 Mihi
2418 1281 2727 1323 nauseam

447 1344 621 1421 facit,
668 1309 838 1425 quo’cl
885 1336 1030 1406 Tito
1078 1342 1276 1406 Mario
1326 1344 1518 1425 probe
1572 1344 1912 1407 consuluit.
1924 1341 1945 1375 ⁴
2035 1342 2199 1419 Quid
2246 1365 2365 1424 ego
2412 1344 2723 1408 habebo?

449 1430 606 1493 Cum
684 1429 1086 1492 incommodo
1162 1428 1512 1491 infamiam.
1638 1428 1773 1491 Hoc
1846 1434 1909 1491 te
1988 1433 2061 1491 ut
2127 1427 2363 1491 bonum
2442 1430 2721 1493 amicum

447 1516 724 1578 cruciare
792 1514 1066 1577 deberet
1160 1512 1226 1576 Si
1297 1514 1553 1577 vicariis
1622 1513 1909 1595 impensa
1977 1518 2040 1577 et
2105 1513 2423 1595 inquilino
2494 1514 2725 1577 fuisset

450 1600 619 1678 data,
673 1600 984 1682 potuisset
1033 1600 1258 1662 domus
1302 1600 1492 1661 vendi
1527 1604 1779 1662 servata
1814 1598 2179 1662 conditione
2212 1602 2720 1663 testamentaria.

451 1685 576 1749 Sed
609 1687 752 1767 quis
786 1708 824 1747 a
855 1684 1124 1747 Vuolsco
1160 1684 1545 1748 dissentiat?
1620 1685 1775 1760 Quis
1810 1683 1962 1803 mihi
1997 1684 2330 1765 pecuniam
2364 1685 2723 1769 largiatur?

448 1771 599 1834 Vale
645 1775 707 1834 et
754 1769 1016 1835 aurarii⁵
1066 1770 1443 1835 memineris.

765 1869 891 1924 Cod.
928 1869 1062 1923 Fref.
1100 1868 1217 1924 485.

451 2056 636 2111 (iotha.
1177 2018 1188 2027 ⁹
1510 2042 1656 2109 492.
1904 2116 1910 2123 ‚
2281 2058 2361 2111 13.
2398 2055 2530 2111 Juni
2568 2058 2718 2110 1515.

1119 2169 1620 2241 Handschrift
1662 2168 2043 2240 Mutian8.⁸

775 2299 1120 2366 (Notarieller
1165 2299 1385 2367 Vertray
1418 2298 1548 2351 iiber
1580 2298 1667 2353 die
1701 2297 1991 2367 Abtretuny
2024 2299 2111 2351 des
2147 2298 2358 2353 Hauses
2363 2299 2398 2365 ‚J

518 2412 910 2512 Ratihabitio
945 2412 1369 2464 consensionis
1405 2412 1826 2474 approbatoro
1860 2413 2107 2465 notario
2145 2415 2209 2464 et
2245 2413 2408 2464 teste
2444 2420 2636 2464 manu

1315 2512 1456 2550 mea
1490 2499 1844 2550 scribentis.

664 2607 822 2672 Cum
891 2609 1182 2690 egregius
1249 2608 1345 2672 vir
1412 2614 1475 2672 et
1544 2608 1989 2672 celeberrimus
2060 2608 2281 2672 doctor
2351 2609 2423 2671 D.
2496 2606 2719 2672 Simon

453 2693 760 2758 Vuolscus
834 2695 1115 2777 praelato
1195 2695 1531 2776 dignitatis
1600 2695 1799 2776 gradu
1872 2696 2269 2760 venerandus
2344 2693 2719 2757 Erfuordiae

455 2780 703 2862 collegii
768 2781 868 2843 sui
932 2781 1202 2844 vicarios
1247 2781 1310 2845 in
1359 2780 1512 2843 aede
1576 2779 1860 2844 Mariana
1906 2781 1988 2842 ob
2036 2781 2230 2852 litem,
2302 2803 2491 2862 quam
2562 2779 2719 2842 mihi

457 2866 884 2943 intenderant,
933 2888 1134 2929 errare
1181 2865 1537 2948 dispiceret.
1586 2871 1799 2929 motus
1846 2865 2190 2946 aequitatis
2237 2865 2609 2940 reverentia,
2655 2869 2721 2927 et

459 2950 647 3015 simul
697 2973 774 3014 ne
806 2951 1082 3014 vicissim
1113 2950 1195 3014 lis
1228 2951 1329 3014 liti
1359 2956 1423 3014 et
1458 2951 1845 3014 contumelia
1876 2950 2243 3015 redderet-ur
2274 2951 2717 3028 contumeliae,

456 3036 710 3100 diduxit
756 3057 828 3098 ac
873 3037 1130 3100 rescidit
1177 3036 1469 3118 injuriam
1518 3040 1584 3098 et
1630 3035 1749 3100 fori
1797 3036 2217 3100 blateramina
2251 3043 2313 3100 et
2342 3037 2718 3117 velutpaci-

456 3123 678 3184 ficator
739 3122 830 3183 ita
890 3123 1223 3204 transegit,
1292 3127 1363 3184 ut
1407 3123 1469 3185 in
1520 3143 1639 3185 usu
1688 3126 1752 3184 et
1798 3122 2195 3185 habitatione
2262 3121 2721 3184 Northusensis

459 3209 718 3290 quidam
788 3209 1171 3284 succederet,
1243 3208 1482 3280 domini
1553 3230 1697 3270 vero
1768 3209 1993 3270 domus
2072 3208 2288 3270 vicarii
2360 3208 2719 3270 desinerent

463 3317 598 3356 esse
646 3293 915 3370 molesti,
964 3293 1072 3355 sed
1119 3293 1296 3356 fratri
1364 3293 1690 3374 deinceps,
1720 3292 1958 3356 «Ioanni
2018 3291 2201 3355 Muth
2266 3293 2414 3356 olim
2463 3293 2527 3355 in
2574 3292 2719 3354 aula

458 3379 832 3460 Moguntina
880 3379 1014 3442 vita
1059 3377 1313 3441 functo⁷
1383 3379 1627 3459 piorum
1696 3379 1979 3458 requiem
2043 3380 2209 3442 inter
2270 3399 2453 3442 sacra
2509 3399 2718 3458 preca-

457 3469 690 3527 rentur.
785 3463 964 3528 Hanc
1011 3484 1126 3544 ego
1175 3463 1698 3546 compositionem
1748 3463 1989 3526 amicae
2034 3485 2111 3526 ac
2153 3465 2437 3528 sincerae
2494 3463 2715 3536 volun·

457 3552 612 3614 tatis
677 3548 1020 3630 perfectam
1090 3549 1293 3612 habeo
1357 3553 1421 3612 et
1480 3552 1682 3611 ratam
1750 3549 2193 3630 munitamque
2240 3571 2375 3611 esse
2422 3547 2565 3610 volo
2612 3569 2719 3610 ex-

459 3635 773 3698 hibitione
839 3634 1261 3715 chirographi,
1307 3639 1400 3711 ut,
1449 3637 1669 3696 contra
1716 3635 1771 3696 si
1816 3635 1959 3715 quis
2028 3635 2390 3697 instaurata
2459 3653 2715 3712 compu-

603 3789 619 3818 ¹
655 3787 776 3850 Abt
815 3803 854 3838 s.
892 3787 950 3839 E.
993 3786 1126 3838 1514
1161 3785 1217 3836 in
1251 3785 1440 3838 Erfurt.
1515 3783 1565 3837 S.
1605 3785 1705 3837 503
1742 3784 1804 3838 A.
1842 3785 1889 3837 6.
2018 3786 2037 3816 ’Δ
2072 3784 2123 3838 S.
2161 3784 2230 3838 60
2265 3786 2325 3837 A.
2365 3784 2411 3837 3.
2543 3783 2563 3815 ⁸
2596 3783 2713 3836 Vor.

459 3854 566 3920 Br..
607 3827 847 3922 zugleich
885 3855 983 3907 mit
1019 3855 1218 3906 diesem
1254 3853 1392 3905 nach
1426 3852 1607 3904 Erfurt
1641 3852 1915 3906 befordert.
2059 3855 2078 3885 ⁴
2113 3853 2353 3905 Dietmar
2404 3853 2584 3904 warde
2636 3852 2717 3903 fiir

461 3923 607 3975 seine
659 3923 923 3990 Auslagen
969 3923 1078 3976 und
1122 3922 1302 3974 seinen
1355 3920 1609 3972 Veizicht
1658 3921 1751 3972 auf
1784 3922 1877 3973 das
1914 3921 2063 3974 Hans
2115 3921 2462 3988 entsohadigt.
2516 3919 2713 3972 Mutian

460 3991 649 4043 bekam
686 3991 876 4044 nichts.
1021 3994 1040 4023 ⁵
1075 3991 1278 4068 Wegen
1316 3990 1408 4042 des
1445 3987 1651 4040 Pokals.
1726 3989 1775 4042 S.
1814 3991 1917 4043 540
1954 3994 2014 4044 A.
2053 3992 2099 4045 3.
2242 3991 2263 4022 ⁶
2299 3989 2512 4056 Beilage
2538 4005 2601 4040 zu
2626 3987 2713 4040 Nr.

459 4059 564 4111 483
599 4059 692 4111 des
729 4060 924 4123 Codex
972 4075 1039 4110 zu
1086 4061 1180 4111 der
1225 4059 1302 4110 sie
1351 4056 1723 4124 urspriinglich
1780 4057 1931 4110 nicht
1984 4060 2182 4126 gehiirt.
2255 4059 2329 4108 W
2330 4055 2717 4110 ahrscheinlich

461 4128 545 4179 die
597 4127 762 4179 iiber-r
730 4143 962 4196 gangene
1016 4128 1110 4180 Nr.
1164 4126 1282 4179 484.
1427 4127 1444 4156 ⁷
1483 4125 1633 4176 Ohnc
1694 4125 1903 4178 Zweifel
1958 4127 2052 4179 der
2102 4125 2564 4190 Kiichenmeister
2617 4139 2714 4175 von

461 4196 720 4249 welchem
730 4147 851 4250 &das
886 4195 1036 4248 Hans
1073 4195 1282 4248 vererbt
1317 4210 1440 4247 war.
1511 4193 1613 4244 Die
1648 4193 1851 4260 einzige
1888 4195 2065 4252 Stelle
2104 4211 2184 4247 wo
2208 4193 2411 4247 Mutian
2450 4193 2553 4245 den
2589 4191 2715 4244 Vor-

460 4276 653 4315 namen
699 4263 843 4316 eines
889 4264 1062 4316 seiner
1107 4263 1312 4315 Briidel
1357 4265 1531 4314 nennt.
1606 4260 1704 4312 Die
1748 4261 1930 4316 friiber
1964 4280 2067 4316 von
2103 4262 2308 4316 Mutian
2342 4263 2429 4313 fiir
2463 4261 2579 4314 sich
2612 4259 2716 4311 und

458 4331 576 4450 {iser}
591 4331 801 4454 Ιέωὲἓῖ
816 4330 1044 4453 {anger
1068 4331 1490 4398 beanspruchten
1513 4328 1843 4382 Seelmesseu
1870 4334 2087 4386 wurden
2110 4331 2219 4384 also
2244 4330 2395 4384 nicht
2419 4329 2712 4382 anerkaunt.

510 4414 544 4466 g
2384 4433 2389 4440 .
