3084 4895
1249 420 1462 486 Mutian
1497 443 1563 486 an
1598 426 1803 486 Urban.
2513 421 2635 498 397

391 595 594 669 Datur
639 605 787 669 XXI
833 627 945 688 pro
990 601 1160 669 flor.¹
1211 609 1274 668 et
1321 605 1504 669 credo
1566 604 1782 670 taliter
1828 607 1929 666 est
1970 623 2335 685 expensum.
2428 603 2651 678 TaceO,

395 692 564 772 quod
616 692 802 755 multi
849 691 1086 755 fuerint
1132 695 1296 755 teste
1326 689 1607 754 Rhodio²
1642 691 1885 754 nummi
1913 691 2203 772 improbi.
2280 689 2365 752 At
2396 690 2450 751 si
2478 688 2656 750 XXII

395 781 756 860 poposcerit
803 778 1131 855 HenricUS,
1179 777 1577 858 respondebo
1640 778 1805 841 votis
1852 775 2038 840 illius,
2131 775 2341 838 Habes
2401 776 2653 838 addita-

394 869 682 927 mentum
729 865 930 927 annui
974 863 1232 935 reditus,
1281 868 1352 926 ut
1383 885 1640 926 securus
1672 863 1785 926 fiat
1819 861 2309 944 Engelmannus
2385 860 2655 924 Remisit

395 950 554 1012 mihi
581 955 682 1011 hm
717 947 1126 1029 nfflnstbissing’
1158 954 1224 1014 et
1245 949 1427 1013 ‚dedit
1458 949 1536 1012 ad
1571 971 1670 1012 me
1703 947 1893 1012 Croto
1927 948 2236 1014 nomisma
2280 951 2645 1028 argenteum

395 1036 564 1117 regis
624 1035 907 1116 Angliae.
1002 1033 1330 1116 Benignus
1377 1038 1474 1098 est
1522 1033 1751 1098 fautor.
1843 1033 2017 1096 Alias
2072 1035 2311 1113 gratias
2367 1031 2647 1097 referam.

398 1120 842 1204 Syngrapham
894 1120 1118 1201 prioris
1165 1120 1553 1184 venditionis
1598 1122 1867 1184 remitte.
1958 1118 2093 1200 Ego
2131 1119 2293 1183 dabo
2330 1120 2651 1182 canonicis

395 1209 555 1271 meis
599 1207 659 1270 fl.
707 1205 906 1269 XVIII
951 1227 1063 1288 pro
1111 1229 1258 1270 casa
1325 1228 1523 1288 nuper
1587 1211 1773 1270 emta.
1866 1205 2021 1269 Post
2079 1203 2314 1269 Christi
2378 1205 2650 1268 natalem

396 1293 523 1358 tibi
567 1293 980 1358 satisfaciam.
1077 1292 1342 1368 Quaem,
1393 1315 1472 1356 an
1520 1293 1646 1356 alia
1692 1293 1953 1356 debeam
2002 1295 2249 1374 praeter
2292 1290 2654 1355 Hilarium*

397 1379 554 1443 Item
605 1378 813 1460 relege
859 1400 1166 1443 summam
1217 1377 1704 1460 Christophoro¹⁵
1753 1379 2053 1453 debitam,
2101 1383 2175 1441 ut
2218 1377 2296 1440 ad
2344 1377 2472 1441 Cal.
2506 1377 2650 1440 Jan.

399 1464 768 1547 persolvam.
875 1464 1008 1540 Dic,
1058 1487 1207 1528 num
1276 1470 1348 1528 tu
1415 1466 1502 1528 sis
1564 1467 1771 1529 iturus
1840 1465 1919 1528 ad
1986 1463 2244 1546 Lipsim.
2354 1462 2651 1527 Rufinus⁶

399 1551 625 1614 scribit
669 1574 735 1616 se
782 1550 1014 1614 habere
1061 1572 1362 1632 magnum
1416 1551 1763 1627 dominum,
1812 1551 1923 1632 qui
1968 1551 2345 1614 cardinalem
2394 1549 2649 1613 fratrem

398 1637 636 1701 habeat
701 1637 935 1721 quique
997 1637 1120 1701 sibi
1177 1659 1515 1701 mensurno
1576 1642 1857 1718 tempore
1914 1636 2021 1700 det
2065 1658 2259 1699 unum
2307 1640 2380 1700 ut
2424 1640 2657 1700 vocant

399 1725 702 1787 ducatum
774 1745 965 1806 seque
1033 1723 1188 1787 dicit
1242 1745 1379 1786 esse
1436 1725 1843 1807 interpretem
1912 1724 2339 1804 germanicum
2390 1725 2454 1785 et
2497 1724 2655 1786 scire

401 1811 614 1875 italice
658 1810 854 1893 loqui,
899 1811 1136 1873 iturum
1195 1831 1452 1892 quoque
1511 1809 1799 1886 Romam,
1846 1812 1911 1872 et
1954 1809 2214 1890 reliqua.
2304 1809 2439 1889 Ego
2506 1810 2654 1872 novi

404 1899 762 1978 protervum
837 1918 991 1972 esse,
1062 1895 1170 1958 sed
1238 1897 1494 1978 ingenio
1540 1895 1718 1959 vafro
1784 1894 2159 1976 praeditum.
2260 1894 2362 1957 Dii
2430 1902 2653 1976 coepta

400 1983 768 2047 secundent.
862 1981 1149 2044 Disertus
1181 1988 1280 2046 est
1313 1983 1607 2046 dominus
1651 1980 1823 2045 illius
1868 1985 2030 2044 teste
2078 1979 2395 2063 θρὶεῒοίει.7
2482 1981 2649 2046 Vale.

709 2082 835 2137 Cod.
871 2081 1003 2136 Frcf.
1043 2082 1159 2136 300.

401 2272 632 2342 (Gotha.)
1459 2255 1603 2320 325.
1981 2253 1987 2258 ’
2089 2271 2261 2340 (Mitte
2296 2271 2421 2326 Dez.
2461 2270 2653 2341 1513‘.»

1151 2383 1441 2455 Mutian
1485 2404 1583 2455 an
1628 2381 1909 2470 Urban.

402 2512 570 2581 (Eim
579 2512 828 2581 lweiliyer
861 2512 1020 2567 Dank
1053 2514 1168 2567 und
1198 2514 1354 2579 Eine,
1391 2514 1490 2567 den
1519 2513 1688 2651 {reum-67]
1712 2531 1787 2567 an
1820 2514 1919 2567 den
1967 2513 2281 2567 Wohltkdter
2324 2512 2658 2581 Enqelmaom
2709 2503 2715 2509 ⁸

1391 2600 1464 2636 zu
1493 2600 1529 2652 9
1654 2605 1665 2636 .-

1151 2696 1230 2749 Η.
1266 2698 1522 2750 Urbano
1560 2700 1649 2749 M.
1684 2696 1902 2751 Rufus.

611 2806 674 2871 S.
771 2809 1242 2873 Humanissime
1287 2814 1534 2893 patrum
1584 2815 1649 2875 et
1692 2812 2036 2877 amicorum
2092 2809 2355 2892 optime!
2446 2809 2656 2874 Matu-

404 2894 544 2957 tino
596 2894 950 2978 scripturus
997 2897 1106 2959 vix
1150 2900 1249 2962 tot
1291 2898 1538 2981 repperi
1570 2897 1822 2963 chartas
1853 2897 2311 2974 immaculatae,
2344 2900 2417 2960 ut
2446 2896 2657 2962 officio

406 3000 556 3059 erga
604 2981 767 3044 bene
800 2987 1110 3045 merentes
1142 2983 1579 3047 satisfecerim.
1660 2986 1753 3049 Ad
1786 2988 1850 3047 te
1880 2984 2075 3065 igitur
2105 2982 2355 3046 infinita
2387 2983 2664 3047 scribam.

404 3088 443 3129 a
488 3065 650 3130 festo
716 3066 1012 3131 Thomae.
1105 3068 1312 3133 Nunc·
1351 3070 1539 3135 redde
1600 3071 1851 3151 magnis
1912 3070 2062 3132 viris
2109 3070 2207 3132 vel
2249 3070 2362 3133 uni
2405 3074 2656 3134 tantum

404 3150 846 3233 Engelmanno
894 3154 1227 3232 benefico,⁸
1261 3157 1370 3238 qui
1405 3162 1613 3221 cetera
1658 3157 1923 3234 curabit,
1956 3156 2147 3219 hasce
2177 3155 2411 3219 literas.
2491 3156 2654 3219 Vale.

715 3254 837 3307 Cod.
873 3254 1007 3307 Frcf.
1047 3256 1161 3310 101.

549 3411 562 3441 ¹
599 3409 664 3461 21
701 3408 1090 3478 Schneeberger
1125 3411 1250 3463 oder
1281 3409 1520 3464 Bohmen
1555 3411 1783 3466 bildeten
1822 3412 1974 3465 einen
2011 3413 2110 3477 GL,
2148 3410 2401 3464 zuweilen
2436 3412 2652 3464 wurden

405 3479 546 3532 auch
583 3478 649 3530 22
682 3478 934 3546 verlangt.
1077 3483 1096 3511 ²
1131 3479 1182 3533 S.
1221 3477 1322 3533 389
1357 3482 1418 3533 A.
1461 3484 1507 3534 5.
1652 3483 1673 3513 ³
1706 3480 2089 3549 Strafschilling
2120 3482 2205 3533 fiir
2239 3480 2522 3533 den-nicht
2546 3481 2654 3533 ein-

405 3548 718 3616 gehaltenen
768 3548 976 3599 Termin
1015 3548 1105 3601 des
1142 3548 1558 3603 KathrinzinseS.
1700 3552 1719 3581 ⁴
1754 3550 1871 3603 Von
1909 3550 2201 3618 Campegus
2238 3550 2329 3601 auf
2360 3550 2451 3603 der
2484 3548 2657 3602 Messe

405 3616 632 3683 gekauft.
689 3616 738 3688 S.
777 3616 878 3669 390
913 3618 974 3669 A.
1018 3618 1095 3669 11.
1203 3618 1224 3649 ⁶
1259 3616 1483 3670 Sonfeld.
1539 3618 1590 3672 S.
1612 3619 1713 3672 390
1749 3622 1808 3673 A.
1834 3620 1911 3673 10.
2018 3620 2039 3651 ⁶
2074 3618 2391 3671 Benedictus
2414 3618 2656 3687 RufinuS,

403 3686 638 3738 Mutians
687 3685 1035 3753 langjahriger
1081 3686 1288 3752 Diener,
1333 3688 1426 3739 der
1472 3688 1605 3741 1512
1651 3704 2032 3757 weggegangen
2078 3688 2187 3741 und
2223 3687 2431 3755 zufallig
2464 3688 2519 3739 in
2554 3689 2654 3739 den

404 3755 597 3807 Dienst
629 3755 722 3807 des
758 3754 1032 3807 Italieners
1088 3755 1493 3823 Chrysostomus
1544 3756 1752 3825 gelangt
1796 3774 1918 3809 war.
1990 3757 2107 3826 Vgl.
2146 3757 2196 3811 S.
2236 3757 2335 3809 299
2369 3759 2431 3810 A.
2472 3760 2516 3808 1.

479 3823 496 3853 ⁷
534 3824 781 3875 Dal-nach
818 3823 1025 3877 scheint
1061 3823 1466 3891 Chrysostomus
1501 3842 1683 3878 ausser
1718 3827 1838 3879 dem
1874 3826 1959 3881 ΒΓ.
1998 3844 2047 3881 v,
2089 3827 2166 3879 19.
2203 3825 2311 3879 Mai
2345 3827 2481 3879 noch
2503 3826 2655 3877 einen

405 3893 626 3945 zweiten
673 3892 821 3945 nicht
856 3892 1158 3945 erhaltenen
1195 3910 1262 3945 an
1295 3892 1364 3947 M.
1403 3895 1663 3963 gerichtct
1711 3912 1778 3947 zu
1825 3895 2011 3948 haben.
2154 3896 2174 3927 ⁸
2207 3894 2412 3962 Wegen
2447 3895 2539 3947 des
2574 3912 2654 3946 er-

405 3962 652 4015 Iassenen
687 3960 1138 4030 Sti-asschillings‘?
1209 3962 1326 4031 Vgl.
1364 3979 1470 4017 vor.
1510 3963 1595 4017 ΒΥ.
1667 3964 1749 4016 Da
1782 3963 2103 4031 Engelmann
2141 3965 2278 4016 auch
2314 3966 2459 4016 sonst
2492 3980 2655 4031 gegen

404 4030 474 4085 M.
515 4045 690 4099 grosse
725 4029 1107 4084 Freundschaft
1143 4032 1352 4099 bewies,
1392 4048 1449 4084 so
1485 4032 1555 4085 ist
1590 4032 1674 4084 die
1711 4033 1822 4085 Zeit
1858 4034 1949 4086 des
1986 4034 2071 4088 Br.
2108 4033 2369 4085 unsicher·.

1325 4310 1546 4321 ...ᾳ-...-
1555 4310 1733 4318 -.-.-——.-
