3084 4895
1215 405 1430 468 Mutian
1463 429 1533 468 an
1570 405 1773 470 Urban.
2496 407 2623 480 209

357 580 691 650 Consensu
734 606 896 668 opus
942 589 1057 650 est.
1153 585 1304 650 Heri
1351 587 1681 667 municeps
1740 589 1891 649 tuus
1937 586 2034 650 Jo.
2082 585 2311 668 Sagsa¹
2369 586 2623 667 legatus

355 673 536 736 ducis
587 671 795 734 oravit
837 673 907 734 in
955 672 1260 735 concione
1306 673 1898 735 ecclesiasticorum.
1964 671 2155 734 Lenis
2186 677 2321 735 erat
2354 678 2417 735 et
2451 693 2623 734 com-

356 757 568 839 posita
612 756 835 819 oratio,
936 756 1076 820 Non
1124 761 1414 838 putaram
1464 761 1716 819 tantum
1766 756 2007 819 homini
2041 757 2280 820 cultum
2316 757 2623 819 sermonis

355 845 584 906 inesse.
677 841 838 903 Dum
900 842 976 904 de
1036 842 1346 906 advocato
1417 843 1598 905 fieret
1664 843 1985 922 quaestiO,
2056 844 2189 924 ipse
2250 838 2621 905 Matthiam²

355 927 729 991 nominavit.
819 926 1113 990 Mutuum
1163 927 1317 990 muli
1363 928 1655 990 scabunt.
1734 925 2149 990 Consectanei
2198 933 2365 990 sunt.
2438 927 2621 990 Nosti

355 1009 836 1076 Antoniastros⁸
897 1012 1180 1094 insignes
1233 1012 1378 1076 illos
1441 1012 1865 1075 circulatores,
1960 1014 2160 1076 Penes
2205 1034 2313 1075 eos
2359 1016 2458 1075 est
2502 1011 2619 1075 fori

356 1099 658 1180 regimen,
704 1098 913 1178 legum
951 1099 1270 1180 majestas,
1305 1098 1516 1178 gloria
1548 1097 1738 1177 vulgi.
1786 1097 1919 1159 Nos
1950 1102 2175 1179 poetae
2207 1097 2618 1179 appellamur,

355 1206 482 1265 qua
529 1205 679 1247 voce
726 1183 902 1246 nulla
933 1205 997 1246 re
1042 1184 1214 1246 bona
1257 1185 1434 1264 digni
1479 1183 1941 1263 significantur.
2035 1182 2290 1246 Utinam
2342 1204 2619 1246 essemus

355 1271 570 1350 magni
617 1273 861 1350 poetae,
909 1269 1018 1332 sed
1066 1269 1218 1349 quia
1263 1268 1422 1332 tales
1467 1291 1603 1332 esse
1651 1289 1775 1331 non
1824 1289 2162 1349 possumus
2222 1269 2305 1332 ob
2352 1268 2619 1330 infirmi-

353 1359 552 1418 tatem
598 1355 858 1434 ingenii,
905 1355 1104 1417 simus
1151 1354 1300 1416 boni
1335 1354 1448 1417 viri
1498 1358 1563 1416 et
1593 1353 1939 1416 mediocres
1964 1353 2333 1434 jurisperiti.
2403 1353 2619 1429 Quan-

358 1461 552 1521 quam
599 1439 718 1502 tibi
763 1460 1012 1502 summa
1070 1439 1212 1501 laus
1255 1441 1342 1502 sit
1386 1440 1733 1520 proposita,
1795 1439 1847 1502 si
1896 1439 2052 1501 eniti
2096 1440 2369 1502 volueris
2415 1445 2480 1500 et
2524 1461 2621 1500 se·-

352 1527 536 1607 pulta
567 1525 952 1606 arrogantia,-
1000 1545 1194 1604 quam
1223 1547 1304 1587 ex
1335 1525 1622 1606 paternis
1668 1524 1950 1587 moribus
1983 1523 2275 1601 hausisti,
2322 1524 2619 1586 humani-

354 1613 508 1674 tatis
555 1610 865 1673 rati'onem
899 1608 1148 1673 habere.
1221 1610 1378 1674 Nam
1415 1610 1605 1672 ceteri
1638 1608 1766 1672 fere
1797 1610 2229 1672 communium
2262 1609 2617 1672 studiorum

351 1701 668 1759 amatores
718 1694 971 1758 barbari
1005 1700 1176 1770 sunt,
1210 1700 1282 1759 tu
1316 1695 1575 1775 linguae
1620 1716 1920 1758 romanae
1967 1695 2299 1758 consultus
2331 1717 2415 1756 es,
2466 1693 2617 1757 Sola

325 1781 652 1865 'superbia
696 1784 915 1844 nostro
961 1780 1168 1843 ordini
1232 1781 1540 1843 maculam
1611 1802 1734 1843 non
1782 1784 2099 1861 aspergat,
2162 1784 2227 1843 et
2273 1781 2395 1842 eris
2439 1779 2617 1862 Ulpi-

353 1890 535 1930 anus.
629 1865 794 1928 Vale.
889 1865 1078 1942 Haec,
1125 1870 1198 1929 ut
1243 1865 1430 1928 rediit
1475 1865 1706 1947 hospes
1753 1863 2070 1947 Spalatini
2116 1863 2511 1948 germanus*

661 1964 791 2019 Cod.
826 1963 960 2017 Frcf.
1001 1966 1114 2018 151.

351 2075 583 2145 (cotha.)
1413 2061 1553 2124 161.
1685 2086 1689 2090 Α
2398 2075 2551 2142 (1511
2569 2074 2619 2142 a)

1112 2167 1402 2239 Mutian
1447 2189 1547 2238 an
1590 2168 1870 2239 Urban.

349 2279 730 2348 (Empfehlaemq
743 2280 892 2334 eines
903 2280 1158 2349 yewissen
1185 2280 1412 2348 Offixial
1430 2279 1669 2340 stoma-3,
1689 2279 1781 2332 der
1802 2278 1891 2332 ein
1910 2277 2165 2346 Anlieqen
2189 2294 2265 2331 an
2288 2278 2470 2332 Urbem
2486 2279 2617 2344 hat.)

1054 2377 1332 2427 Patrono
1369 2388 1481 2427 suo
1517 2374 1625 2442 (M.
1661 2373 1908 2442 Rums).

560 2469 625 2534 S.
702 2470 865 2549 Illud
912 2470 1098 2534 multi
1145 2464 1210 2534 e‘t
1255 2471 1489 2553 egregii
1537 2470 1655 2533 viri
1701 2490 2070 2557 persuasum
2120 2462 2361 2531 habent
2407 2467 2615 2531 locum

350 2556 584 2619 habere
639 2557 704 2618 in
765 2556 938 2619 curia
994 2555 1707 2637 Moguntina'Mutiani
1764 2556 2048 2619 studium
2110 2558 2174 2616 et
2241 2554 2445 2617 fidem.
2533 2553 2616 2617 Et

350 2642 529 2709 haec„
555 2645 652 2704 est
697 2662 908 2718 causa,
959 2664 1069 2705 cur
1099 2642 1366 2724 plurimi.
1399 2646 1665 2705 utantur
1697 2662 1836 2703 mea
1868 2639 2435 2711 commendatione,
2482 2639 2615 2701 sive

353 2727 708 2809 placandus
753 2727 838 2790 sit
877 2727 1096 2807 judex,
1143 2728 1277 2791 sive
1322 2727 1673 2789 scribarum
1723 2726 1977 2789 decuria
2022 2726 2100 2787 ad
2147 2724 2419 2805 gratiam
2466 2724 2613 2787 flec-

348 2812 562 2875 tenda.
655 2812 791 2893 Ego
837 2834 1032 2893 quum
1082 2813 1379 2894 prodesse
1426 2813 1545 2875 hac
1574 2812 1823 2874 ratione
1854 2832 2135 2893 possum,
2185 2810 2454 2872 libenter
2482 2809 2613 2872 fero

347 2920 530 2980 opem
597 2899 994 2977 rogantibus.
1101 2896 1379 2961 Thomas
1436 2895 1757 2960 officialis⁶
1820 2901 2075 2959 tantum
2143 2895 2373 2958 tribuit
2439 2916 2613 2957 meae

350 3004 499 3063 erga
546 2987 718 3045 tuam
769 2983 1146 3063 dignitatem
1195 2984 1658 3057 observantiae,
1706 2986 1778 3044 ut
1811 2982 1999 3044 etiam
2038 2980 2409 3043 brevissima
2442 3001 2613 3043 com-

346 3068 870 3131 mendatiuncula
930 3069 1144 3132 credat
1202 3090 1269 3131 se
1315 3068 1446 3131 fore
1501 3068 1669 3149 apud
1732 3088 1915 3131 aures
1980 3072 2125 3129 tuas
2180 3065 2610 3128 favorabilem.

349 3155 518 3216 Haec
575 3176 719 3235 spes
782 3177 860 3215 ne
905 3176 1046 3217 eum
1103 3154 1302 3227 failat,
1363 3158 1430 3215 te
1475 3154 1567 3215 ita
1608 3174 1786 3233 rogo,
1846 3162 1918 3215 ut
1978 3150 2215 3232 majore
2280 3150 2614 3231 diligentia

347 3261 570 3321 rogare
620 3260 744 3302 non
791 3258 1068 3319 possum.
1161 3240 1324 3315 Quid
1375 3244 1570 3319 petat,
1620 3240 1860 3317 ignom.
1954 3236 2126 3299 Nihil
2158 3242 2394 3297 temere
2439 3235 2611 3297 affir-

353 3346 523 3387 mare
573 3346 684 3386 nec
741 3330 953 3389 astute
1015 3325 1276 3388 reticere
1339 3324 1528 3387 soleo.
1624 3322 1893 3393 Sufficit,
1956 3326 2027 3385 ut
2071 3321 2191 3383 tibi
2239 3342 2428 3401 quam
2478 3342 2611 3382 ma-

348 3410 554 3473 ximas
601 3414 754 3489 agat
797 3412 1036 3491 gratias
1101 3416 1164 3474 et
1209 3408 1528 3489 intelligat
1585 3430 1683 3470 me
1728 3429 1975 3470 summa
2032 3406 2341 3473 fidelitate
2409 3406 2610 3486 scrip-

349 3496 527 3558 sisse.
619 3494 784 3559 Vale.
1047 3545 1066 3574 ·.

658 3577 780 3631 Cod.
817 3577 950 3630 Frcf.
992 3576 1106 3630 118.

488 3701 502 3729 ¹
545 3698 812 3750 Johaunes
861 3697 926 3748 de
969 3695 1182 3761 Sachsa,
1235 3695 1324 3747 Dr.
1357 3698 1458 3761 jur.
1505 3710 1546 3745 s.
1589 3693 1722 3747 1506
1761 3709 1827 3745 zu
1862 3692 2053 3754 Erfutt,
2102 3691 2233 3744 1507
2277 3690 2473 3742 Rektor
2518 3690 2611 3741 der

345 3766 525 3823 Univ„
567 3766 700 3819 1509
735 3764 961 3832 fliichtig
981 3764 1036 3815 in
1055 3764 1212 3831 Folge
1238 3764 1331 3815 der
1349 3764 1503 3815 stadt.
1530 3762 1861 3814 Revolution.
1900 3760 2121 3813 »Doktor
2143 3775 2246 3813 von
2266 3760 2359 3811 der
2377 3758 2609 3810 Sachsen

347 3836 438 3887 auf
470 3835 591 3887 dem
626 3832 1099 3886 Juncker-Sande.«
1133 3830 1624 3895 Falckenstein,
1662 3830 1798 3882 Hist.
1833 3846 1883 3882 v.
1902 3828 2005 3879 Eis.
2046 3828 2086 3890 I,
2112 3827 2230 3879 488.
2318 3825 2609 3878 ⁹·Matthias

345 3902 543 3969 Meyer,
581 3902 745 3954 Vikar
780 3903 874 3955 der
909 3901 1138 3953 Gothaer
1187 3899 1591 3962 Marienkirche,
1636 3899 1763 3950 aber
1796 3898 1851 3948 in
1887 3896 2063 3948 Erunt
2112 3894 2395 3960 wohnhaft,
2436 3910 2517 3947 wo
2552 3910 2611 3945 er

347 3972 483 4023 auch
520 3970 602 4021 ein
641 3969 939 4023 Kanonikat
977 3984 1043 4021 an
1079 3970 1173 4021 der
1205 3967 1590 4021 Marienkirche
1627 3966 1873 4033 erlangte.
1944 3966 2027 4017 An
2052 3964 2145 4015 der
2177 3964 2336 4016 Univ.
2374 3963 2477 4014 Erf.
2518 3963 2607 4014 be-

347 4039 571 4091 kleidetc
607 4054 665 4090 er
700 4038 834 4091 1506
869 4038 978 4089 und
1004 4037 1136 4090 1518
1173 4038 1267 4089 das
1290 4034 1538 4087 Rektorat
1573 4034 1681 4086 und
1716 4050 1825 4085 war
1842 4031 2165 4084 inzwischen
2200 4032 2317 4084 eine
2339 4032 2452 4083 Zeit
2486 4030 2610 4097 lang

347 4107 397 4159 in
435 4107 780 4173 Wittenberg.
846 4106 887 4157 F
899 4108 1229 4158 orsteman
1247 4122 1295 4162 n,
1331 4104 1482 4155 Witt.
1519 4102 1637 4155 Alb.
1676 4119 1724 4169 p.
1762 4102 1842 4155 60.
1914 4100 2031 4168 Vgl.
2055 4099 2428 4153 Briefwechsel
2464 4098 2514 4169 S.
2540 4100 2609 4153 60

351 4179 410 4227 A.
449 4176 495 4229 3.
571 4176 592 4207 3
625 4174 1093 4227 Unverstiindlich:
1143 4172 1470 4225 verachtlich
1521 4171 1860 4223 »Nachtreter
1907 4170 1999 4220 des
2039 4169 2333 4221 Antonius«.
2407 4169 2427 4200 ⁴
2462 4168 2609 4219 Uber

346 4242 608 4310 Spalatins
657 4243 859 4295 Bruder
906 4242 1009 4309 vgl.
1047 4258 1156 4294 vor.
1192 4242 1277 4295 Br.
1421 4243 1442 4272 ⁶
1478 4240 1595 4301 Yon
1631 4239 1832 4291 diesem
1879 4236 2114 4288 Erfurter
2161 4235 2367 4289 Offizial
2404 4236 2472 4287 ist
2508 4252 2607 4286 nur

349 4312 481 4363 noch
510 4312 564 4362 in
603 4310 840 4379 wenigen
875 4310 1086 4362 Briefen
1121 4310 1208 4362 die
1242 4310 1412 4361 R-ede:
1451 4308 1542 4359 Nr.
1582 4308 1697 4359 381.
1734 4306 1835 4359 497
1874 4306 1967 4357 des
1986 4304 2109 4357 Cod.
2141 4320 2240 4357 aus
2275 4304 2411 4357 1514
2447 4320 2496 4356 u.
2524 4305 2607 4355 15.

346 4379 443 4430 Die
479 4380 950 4447 Zeitbestimmung
984 4378 1170 4446 obigen
1210 4379 1294 4431 Br.
1331 4378 1403 4429 ist
1437 4376 1553 4428 eine
1589 4373 1882 4427 unsichere.

397 4518 665 4559 zeitschrift
693 4518 747 4557 N.
774 4520 828 4558 F.
853 4518 1013 4565 snppi.
1038 4518 1120 4556 lx.
2110 4492 2190 4553 14
