3084 4895
503 372 634 439 550
1345 369 1524 425 Briefe
1560 370 1653 425 des
1688 370 1739 425 J.
1778 370 1927 425 1515.

505 543 642 609 Soli
686 542 803 605 deo
849 541 1069 621 gloria.
1159 539 1304 603 Jam
1348 543 1422 603 tu
1468 540 1717 604 videbis
1748 562 1964 607 verum
2001 562 2137 605 esse
2168 540 2553 607 Mutianum.
2632 543 2786 607 Jam

504 628 661 693 mibi
721 628 966 709 gratias
1011 646 1182 705 ages,
1222 625 1352 707 jam
1398 628 1464 688 te
1507 626 1906 690 morositatis
1966 631 2117 691 tuae
2162 649 2237 691 ac
2280 628 2787 693 obtrectationis

507 711 881 797 poenitebit.
973 710 1190 774 Voluit
1256 713 1554 773 aeternus
1621 715 1819 793 pater,
1882 734 1961 775 ne
1996 719 2345 793 suspectus
2414 718 2589 777 esset
2659 714 2787 777 tibi

511 819 715 863 sermo
782 800 998 861 noster
1069 795 1561 877 objurgatoriuS.
1675 796 1703 859 I
1765 818 1937 861 nunc
2003 802 2069 863 et
2134 818 2351 865 mussa
2412 798 2787 863 Matianum

510 905 722 949 carere
786 882 928 945 fide.
1021 882 1334 967 Quorsum
1395 879 1603 943 haec?
1691 881 1931 963 Nempe
2001 888 2073 946 ut
2142 885 2503 947 contuearis
2571 906 2787 949 meam

508 968 943 1033 innocentiam
988 968 1055 1029 in
1104 966 1455 1029 clarissima
1503 966 1791 1030 veritatis
1858 966 2017 1030 luce.
2108 968 2259 1032 Dixi
2329 968 2534 1032 fat-eor
2600 968 2787 1033 Croti

506 1051 749 1119 literas¹
819 1051 1188 1116 minutatim
1259 1054 1633 1131 concerptas
1706 1052 1843 1133 igni
1918 1053 2237 1117 ustulatas
2301 1053 2519 1117 fuisse.
2637 1055 2787 1118 Non

511 1138 830 1203 credebas.
921 1136 1021 1199 Me
1067 1135 1433 1199 accusabas,
1525 1135 1899 1199 Nesciebam
1968 1138 2243 1219 proferre
2311 1140 2785 1203 testimonium.

511 1224 793 1287 Tandem
843 1242 985 1285 cum
1027 1219 1441 1302 jurejurando
1489 1242 1589 1283 me
1636 1242 1904 1302 purgare
1950 1222 2263 1302 volebam,
2325 1224 2557 1287 incidit
2614 1224 2789 1288 forte

507 1310 573 1372 in
632 1329 860 1371 manus
927 1328 1100 1370 meas
1167 1304 1387 1368 charta
1459 1306 1773 1387 quaedam
1841 1306 2077 1388 rejecta
2137 1314 2201 1371 et
2260 1330 2567 1373 conversa
2636 1332 2787 1373 cum

508 1390 1301 1475 pulvere-chirographum
1351 1388 1527 1454 Croti
1575 1392 1927 1455 continens
2022 1392 2261 1468 Allevo,
2308 1394 2472 1476 lego,
2536 1396 2790 1476 aspicio

506 1480 765 1543 limaces
811 1498 951 1539 cum
1001 1475 1385 1540 domuncula
1417 1498 1450 1538 a
1487 1498 1585 1538 me
1618 1477 1782 1540 male
1815 1476 2249 1542 deformatas,²
2328 1479 2480 1543 Sum
2515 1479 2791 1563 ineptus

508 1566 714 1646 pictor
745 1567 809 1626 et
841 1561 1081 1625 excidit
1112 1584 1224 1643 pro
1258 1561 1585 1624 testudine
1618 1562 1798 1626 virile
1843 1564 2214 1627 membrum.
2308 1564 2469 1627 Nam
2510 1566 2793 1629 noviciis

510 1650 714 1713 hortis
775 1647 1010 1710 nostris
1056 1647 1120 1711 id
1165 1646 1519 1728 symbolum
1580 1646 1838 1727 affigere
1888 1648 2079 1727 volui,
2126 1654 2199 1713 ut
2244 1650 2435 1729 vulgo
2484 1652 2789 1714 nomina-

507 1736 752 1799 rentur:
817 1750 934 1803 „mm
1001 1730 1464 1807 Sdmmfitnbntn.
1577 1732 1707 1795 Hac
1773 1734 2235 1799 commaculata
2301 1735 2615 1799 schedula
2678 1760 2792 1799 ex-

508 1822 744 1884 citatus
791 1817 1075 1882 subverti
1125 1820 1330 1879 totum
1394 1816 1979 1898 chartophylacium
2031 1820 2094 1881 in
2141 1819 2408 1884 hiberno
2472 1822 2789 1893 triclinio,

510 1910 582 1969 ut
647 1925 1016 1987 germanum
1081 1902 1388 1983 quiddam
1457 1923 1532 1965 ac
1596 1904 1903 1966 sororium
1978 1907 2423 1988 perquirerem.
2521 1907 2790 1989 Reperti

511 1994 664 2055 sunt
711 1991 836 2053 duo
883 1993 1101 2065 testes,
1151 2010 1228 2049 ne
1273 1988 1448 2050 solus
1494 1991 1697 2051 staret
1758 1988 2048 2071 Priapus,
2113 1992 2273 2055 alter
2330 1991 2791 2073 semigraecuS,

510 2078 670 2141 alter
708 2074 1196 2147 semibarbarus,
1224 2077 1491 2153 uterque
1523 2072 1647 2134 fide
1680 2074 1930 2155 dignus,
2004 2074 2057 2139 O
2090 2098 2202 2139 vos
2234 2078 2793 2160 auspicatissimas

510 2163 784 2238 chartae,
841 2161 984 2241 quis
1052 2159 1308 2222 deorum
1372 2157 1758 2222 defendebat
1803 2182 1913 2222 vos
1960 2160 2042 2223 ab
2090 2161 2354 2226 interitu
2402 2168 2466 2226 et
2511 2162 2791 2228 favilla?

511 2248 783 2312 Periisse
849 2245 1178 2329 putabam,
1249 2264 1390 2307 cum
1459 2243 1663 2307 multo
1734 2245 2014 2309 maxima
2071 2268 2218 2331 pars
2272 2249 2465 2312 vestri
2512 2249 2793 2313 ardebat

510 2335 578 2399 in
631 2332 982 2414 vaporario.
1075 2328 1258 2395 Nunc
1305 2328 1468 2393 bene
1514 2326 1727 2392 habet.
1820 2329 2015 2394 Salva
2058 2332 2215 2397 fides
2262 2339 2481 2397 nostra
2525 2332 2795 2400 durabit

513 2420 578 2484 in
626 2416 884 2484 saecula
929 2416 1346 2480 saeculorum.
1439 2413 1661 2479 Amen.

822 2500 944 2555 Cod.
981 2499 1115 2554 Frcf.
1151 2499 1269 2554 479.

514 2654 744 2725 (Gotha)
1572 2635 1717 2700 486.
2011 2652 2113 2721 (22.
2152 2654 2278 2708 oder
2316 2654 2402 2708 23.
2437 2653 2575 2708 Mai⁸
2612 2656 2798 2724 1515.)

1263 2762 1554 2834 Mutian
1599 2782 1695 2832 an
1738 2762 2021 2835 Ecban.

1115 2893 1140 2959 (
1148 2878 1520 2959 Uber-sendum
1554 2890 1758 2959 cimber
1792 2891 2178 2960 spiyramme.)

909 3005 1169 3057 Ecbano
1205 3010 1431 3067 poetae
1466 3007 1655 3068 primi
1689 3007 1958 3060 nominis
1996 3009 2104 3074 (M.
2140 3005 2386 3074 Rufus).

723 3118 937 3182 Habes
983 3119 1045 3180 in
1112 3117 1310 3181 levem
1375 3118 1599 3182 Tiliam
1664 3117 1935 3184 levicula
1996 3117 2502 3202 epigrammata.⁴
2590 3118 2795 3183 Nolui

521 3226 658 3268 esse
688 3203 1196 3286 loquacissimus.
1273 3203 1502 3267 Modus
1535 3204 1723 3281 enim,
1759 3205 1883 3268 nisi
1916 3205 2281 3285 eloquentia
2312 3205 2396 3267 sit
2428 3204 2795 3279 Homerica,

523 3290 890 3354 servandus,
982 3289 1325 3371 Nunquam
1372 3291 1551 3353 utilis
1598 3290 1799 3370 copia,
1848 3291 1973 3354 nisi
2020 3311 2162 3354 cum
2210 3290 2585 3353 necessaria.
2666 3290 2799 3366 Qui

521 3374 706 3438 aliter
781 3374 905 3440 sibi
979 3375 1339 3455 persuadet,
1414 3376 1723 3439 tinnitum
1752 3386 1789 3437 ⁸.
1851 3376 1941 3439 cit
2004 3379 2077 3439 ut
2143 3374 2477 3439 balneator
2551 3374 2798 3456 pelvim

526 3461 811 3542 pulsans.
902 3459 1070 3536 Vale,
1117 3460 1308 3522 salve.

829 3543 952 3596 cod.
989 3543 1121 3596 Frcf.
1159 3541 1278 3596 480.

522 3693 754 3764 (eotha.)
1576 3679 1721 3740 487.
2366 3693 2449 3746 23.
2488 3691 2597 3746 Mai
2637 3692 2794 3748 1515.

1275 3787 1567 3858 Mutian
1612 3807 1710 3858 an
1754 3787 2035 3857 Urban.

523 3897 656 3964 (Hat
691 3897 880 3951 Euhan
913 3900 1166 3961 veraclum,
1205 3900 1297 3952 der
1330 3899 1559 3952 dariiber
1602 3902 1809 3960 zar-nte,
1858 3898 1983 3950 dass
2020 3915 2078 3949 er
2108 3897 2256 3948 seim
2276 3859 2457 3949 'Rau
2503 3897 2799 3964 lcmqnaeiq

516 3971 769 4033 yenamzt.
841 3967 1077 4035 Auflray
1113 3969 1241 4021 icber
1275 3968 1391 4020 eine
1424 3967 1649 4020 silberne
1678 3966 1875 4020 Schale.
1946 3965 2049 4018 Die
2070 3965 2494 4018 Besitxurkunde
2528 3961 2658 4017 iiber
2690 3965 2798 4016 den

658 4100 685 4128 ⁸
713 4086 942 4139 tinitum.

667 4157 683 4187 ¹
719 4155 838 4223 Vgl.
876 4155 962 4208 Br.
1003 4155 1120 4207 479.
1229 4155 1250 4186 ‘²
1283 4153 1489 4206 Mutian
1525 4154 1671 4206 hatte
1708 4155 1801 4208 auf
1832 4154 1933 4206 den
1968 4152 2115 4205 Brief
2130 4152 2223 4206 des
2245 4151 2429 4205 Crotus
2448 4151 2794 4205 Schnecken-

523 4223 716 4276 hauser
765 4223 976 4292 gemuit,
1027 4221 1150 4275 weil
1187 4239 1244 4274 er
1280 4222 1365 4274 ein
1401 4221 1611 4275 solches
1645 4221 1863 4289 Symbol
1896 4221 1953 4274 in
1988 4221 2191 4274 seinem
2231 4236 2401 4272 neuen
2439 4219 2635 4272 Gar-ten
2670 4220 2792 4272 auf-

524 4291 710 4345 stellen
765 4292 956 4346 wollte.
1099 4292 1119 4322 ³
1153 4290 1203 4344 S.
1244 4291 1329 4344 die
1363 4290 1953 4358 Datumsbestimmung
2000 4290 2094 4342 des
2141 4304 2251 4342 vor.
2300 4287 2387 4342 Br.
2530 4289 2551 4320 ⁴
2588 4287 2789 4342 Wahr-

524 4356 819 4416 sclieinlich
853 4375 1019 4430 gegen
1053 4357 1272 4428 Tilonin,
1309 4357 1593 4412 ahnlichen
1626 4358 1830 4412 Inhalts
1866 4359 1967 4412 wie
2001 4357 2065 4410 'm-
2092 4355 2181 4410 Br.
2218 4355 2337 4412 480.
