3084 4895
1219 446 1426 499 Mutian
1461 462 1528 499 an
1566 444 1764 499 Urban.
2487 437 2613 511 281

387 619 775 697 dubitarem'3
822 618 930 683 sed
963 619 1256 703 quoniam
1293 623 1504 683 exstat
1549 619 1960 701 approbatum
2008 623 2229 682 mutuo
2275 610 2612 697 consensu(

383 706 696 769 firmatum
752 706 1050 786 legitime,
1107 726 1229 769 non
1279 705 1358 768 ab
1405 727 1475 769 eo
1521 705 1822 768 recedam.
1912 704 2071 781 Quid
2128 706 2603 769 contradicent?

385 792 622 854 Forsan
692 792 872 854 illud:
941 797 1071 862 ..bas
1129 794 1271 867 hams
1331 792 1453 853 mitt
1511 792 1569 853 in
1625 789 1936 865 3timlid)em
1995 793 2103 851 bum
2164 792 2244 851 uit
2305 794 2605 869 gebalteu.“

383 878 538 958 Eg0‚
592 877 701 959 qui
760 876 874 940 has
927 876 1177 940 tabulas
1243 898 1489 959 sequor,
1557 876 1866 939 instruere
1925 882 1987 939 et
2030 878 2324 940 nutantia
2388 876 2605 940 fulcire
2684 902 2695 911 ‘

394 984 599 1044 cogor.
687 962 912 1025 Verum
955 962 1020 1025 id
1051 962 1254 1045 ipsum
1288 962 1616 1046 pecuniam
1651 960 1952 1043 postulat,
1985 982 2171 1043 quam
2206 961 2258 1024 si
2289 962 2605 1041 haberem,

386 1048 450 1111 in
500 1048 621 1112 alia
667 1047 1024 1111 conferrem.
1114 1048 1486 1131 Relinquere
1533 1068 1677 1110 vero
1724 1048 1975 1110 domum
2022 1046 2172 1129 quid
2217 1048 2384 1111 aliud
2440 1054 2605 1113 esset

383 1155 573 1213 quam
631 1132 891 1197 fratrum
955 1154 1228 1198 meorum
1277 1139 1342 1197 et
1384 1135 1701 1216 proprium
1756 1132 1989 1196 violare
2048 1134 2485 1196 commodum?
2552 1134 2606 1197 si

384 1220 776 1283 commodum
825 1223 921 1282 est
964 1240 1074 1301 pro
1118 1222 1249 1283 vita
1308 1220 1544 1283 functis
1602 1241 1795 1295 orare,
1842 1220 1933 1281 uti
1982 1219 2242 1283 credunt
2287 1220 2395 1299 qui
2438 1219 2604 1301 apud

379 1304 614 1368 inferos
680 1326 914 1387 poenas
980 1310 1044 1367 et
1106 1311 1421 1369 tormenta
1487 1305 1875 1384 confingunt.
1977 1304 2191 1367 Placet
2256 1306 2464 1384 igitur,
2533 1309 2603 1368 ut

381 1390 637 1453 officiali
701 1390 881 1453 cedat
935 1390 1222 1455 officialis
1283 1392 1439 1455 satis
1471 1390 1817 1454 officiosus
1863 1396 1925 1453 et
1969 1390 2086 1453 tibi
2134 1395 2197 1452 et
2240 1390 2484 1471 Petrejo
2538 1396 2602 1452 et

381 1474 660 1539 Cotioni¹
725 1475 1042 1557 jucundus
1109 1481 1167 1541 et
1232 1477 1577 1546 familiaris,
1634 1477 1742 1539 sed
1810 1498 1881 1539 ea
1950 1477 2105 1557 lege,
2176 1482 2247 1539 ut
2311 1478 2602 1557 impetret

379 1562 649 1643 gratiam
711 1562 1111 1641 vicariorum3
1167 1568 1375 1644 potest
1419 1568 1633 1627 tamen
1678 1563 1811 1626 sine
1854 1562 2065 1626 favore
2109 1584 2284 1625 meus
2330 1584 2465 1625 esse
2508 1563 2602 1625 in·-

378 1648 678 1731 quilinus‚
744 1648 1077 1712 dummodo
1146 1649 1433 1713 aedificet
1487 1654 1551 1713 et
1604 1650 1979 1713 collabentia
2041 1649 2351 1711 restituat.
2452 1648 2601 1712 Post

380 1732 513 1796 fata
561 1737 774 1821 nostra
819 1734 1033 1798 vicarii
1079 1736 1352 1799 orabunt
1398 1757 1505 1818 pro
1551 1735 1755 1798 tribus
1809 1734 2055 1798 Mutiis²
2109 1734 2599 1815 obtemperaturi

379 1819 790 1902 syngraphae,
882 1820 949 1885 Si
996 1822 1294 1889 cederem.
1343 1843 1524 1885 nemo
1558 1829 1721 1884 esset
1750 1826 1995 1903 praeter
2028 1844 2125 1883 me
2156 1821 2379 1902 ipsum,
2413 1842 2599 1902 quem

369 1906 510 1989 jure
565 1927 857 1970 accusare
915 1928 1180 1990 possem.
1271 1908 1474 1984 Quare
1537 1908 1850 1971 facessant
1896 1908 2002 1971 isti
2049 1910 2307 1989 nepotes
2371 1904 2597 1970 Jovis.³

380 1991 569 2056 Stent
614 1992 953 2073 promissis,
1043 1992 1416 2057 Scrutentur
1461 1994 1712 2073 singula
1773 1992 1963 2059 verba
2014 1992 2353 2056 firmissimi
2416 2014 2598 2055 sanc-

373 2078 733 2159 tissimique
792 2083 1172 2142 contractus
1261 2080 1401 2144 Non
1461 2102 1557 2145 me
1609 2080 1700 2143 ita
1745 2080 2011 2143 stultum
2070 2078 2471 2153 arbitrentur‚
2529 2082 2599 2143 ut

377 2185 666 2245 spernam
698 2164 1056 2248 opinionem
1090 2164 1549 2230 ecclesiasticae
1580 2165 2034 2230 retributionis
2107 2164 2346 2246 Impius
2378 2186 2599 2241 essem,

378 2251 432 2313 si
466 2254 744 2314 mortuos
790 2250 952 2331 olim,
979 2272 1310 2332 germanos
1343 2274 1581 2316 mecum
1615 2251 1953 2316 oblivionis
1984 2252 2165 2314 ruina
2196 2250 2595 2314 involverem.

377 2336 670 2399 Vivemus
717 2337 831 2400 deo
880 2338 1124 2400 volente
1154 2338 1217 2399 in
1253 2339 1551 2402 memoria
1574 2338 1908 2420 justorum.
1984 2337 2078 2401 Ad
2112 2337 2361 2400 domum
2394 2336 2597 2400 redeo.

375 2422 527 2487 Eam
595 2428 706 2488 tuo
775 2427 838 2486 et
902 2424 1336 2506 Engelmanni,
1408 2424 1522 2488 viri
1592 2423 2221 2508 circumspectissimi,
2286 2421 2597 2486 arbitratu

373 2508 715 2573 collocabis
776 2511 1044 2591 Georgio
1105 2509 1267 2574 tu0.⁴
1354 2511 1421 2574 In
1470 2534 1595 2593 quo
1655 2511 1821 2575 facto
1887 2510 2339 2593 adaugebimus
2408 2509 2596 2572 bene-

377 2595 712 2659 volentiam
761 2598 1098 2660 amicorum
1141 2600 1206 2660 et
1247 2597 1549 2660 Lotianas
1580 2597 1844 2674 fabulaS,
1878 2598 2045 2678 quod
2091 2601 2187 2660 est
2232 2595 2596 2672 maximum,

373 2681 812 2745 devitabimus
930 2682 1153 2746 Videat
1225 2683 1711 2747 instrumentum
1788 2683 2129 2765 aequitatis
2206 2686 2455 2745 nostrae
2520 2681 2594 2744 D.

372 2767 844 2850 Engelmannus
889 2773 952 2830 et
983 2768 1257 2832 consilio
1302 2773 1592 2834 occurrat
1633 2774 2005 2852 opportuno,
2094 2767 2260 2832 Vale.

675 2867 797 2922 cod.
833 2867 963 2921 mor.
981 2849 1116 2922 ⁶264.

369 3072 598 3142 (Gotha.)
1405 3058 1548 3122 226.
2058 3081 2125 3147 (n.
2166 3084 2208 3138 1.
2245 3083 2384 3138 Marz
2424 3087 2593 3156 1513.)

1105 3185 1390 3254 Mutian
1435 3207 1531 3255 an
1576 3155 1851 3257 Urban.

368 3311 490 3378 (Die
536 3311 724 3365 Vikare
758 3313 956 3365 werden
992 3331 1092 3366 aas
1126 3315 1239 3366 dem
1273 3332 1364 3366 ror
1398 3317 1468 3367 18
1499 3315 1697 3369 Jakren
1732 3318 2075 3385 aufyesetxten
2114 3323 2483 3389 Schriftstioeke
2510 3344 2589 3379 er-

364 3382 575 3443 henmn,
611 3382 736 3434 dass
769 3383 848 3434 sie
879 3382 1025 3434 nicht
1059 3383 1192 3436 bloss
1226 3384 1344 3435 dem
1376 3384 1583 3436 Bruder
1612 3386 2046 3450 Kioehenmeisten
2072 3391 2295 3444 sondern
2316 3394 2453 3446 auch
2473 3395 2590 3448 dem

363 3449 600 3502 Kanxler
632 3451 745 3502 und
775 3450 994 3504 Mutian
1026 3451 1112 3503 die
1147 3453 1458 3506 Soebnwssen
1503 3455 1763 3508 schamen.
1832 3455 2070 3510 Rosbach
2111 3461 2286 3513 meelate
2329 3463 2438 3529 auf
2474 3463 2586 3516 An-

361 3517 546 3585 stiften
579 3520 665 3571 des
699 3518 886 3572 Latius
938 3519 1155 3572 Mutian
1203 3537 1303 3573 aus
1349 3522 1465 3574 dem
1509 3522 1715 3576 Besitxe
1758 3525 1844 3576 des
1888 3525 2095 3579 Hau-ses
2140 3545 2213 3582 zu
2260 3531 2587 3600 verdrc‘c‘nyen.

882 3587 987 3640 Der
1022 3606 1150 3641 neue
1185 3589 1368 3642 Mieter
1409 3590 1573 3659 Geory
1606 3609 1731 3661 wwy
1764 3593 2067 3661 cinxiehen.)

1106 3702 1188 3752 H.
1226 3703 1477 3754 Urbano
1513 3705 1601 3754 M.
1636 3705 1854 3757 Rufus.

571 3807 634 3872 S.
724 3807 882 3872 Ecce
928 3811 1369 3892 cogitaverunt
1414 3815 1678 3879 consilia
1723 3818 1938 3882 vicarii
1984 3822 2202 3897 nostri,
2253 3843 2414 3902 quae
2461 3846 2584 3888 non

363 3898 704 3975 potuerunt
772 3895 1070 3959 stabilire.
1160 3897 1342 3962 Nunc
1409 3900 1703 3964 desinant
1768 3905 2083 3969 seditiosis
2148 3909 2408 3972 vocibus
2474 3911 2587 3974 ob-

363 3983 655 4061 strepere.
747 3981 1026 4045 Nescivit
1088 3985 1415 4048 temeraria
1474 3988 1831 4068 posteritaS,
1893 3991 2043 4070 quid
2103 3994 2378 4058 seniores
2442 4003 2588 4061 ante

362 4087 562 4128 annos
588 4067 1020 4148 duodeviginti
1050 4069 1342 4133 voluere.⁵
1411 4072 1628 4135 Discat
1658 4096 1737 4135 ex
1769 4074 1889 4138 hac
1920 4079 2257 4158 scriptione
2280 4081 2583 4163 majorum

437 4269 458 4280 ..
507 4201 524 4231 ¹
559 4199 896 4280 Stimmeging.
935 4201 984 4254 S.
1023 4202 1122 4255 279
1156 4205 1216 4257 A.
1254 4207 1301 4258 6.
1442 4207 1462 4237 ²
1494 4206 1696 4259 Mutian
1730 4209 1838 4262 und
1872 4209 2014 4264 scine
2050 4211 2182 4263 zwei
2216 4216 2584 4269 verstorbenen

357 4267 573 4320 Bruder.
627 4269 676 4321 S.
731 4271 794 4321 lo
842 4273 902 4322 A.
954 4271 1002 4324 ⁶2.
1142 4273 1162 4303 ³
1199 4272 1402 4326 Oefterc
1454 4275 1823 4345 Bezeichnung
1874 4278 1966 4330 der
2019 4279 2133 4332 sich
2186 4281 2580 4336 iiberhebenden

355 4335 597 4389 Pricster,
687 4337 708 4368 ⁴
743 4336 978 4390 Osmund
1020 4337 1322 4407 (Hallensis)
1357 4343 1406 4395 S.
1445 4343 1545 4394 ‘279
1581 4347 1640 4395 A.
1680 4344 1723 4397 2.
1819 4348 1840 4378 ὅ
1872 4347 2140 4400 Dcmnach
2178 4366 2286 4402 war
2320 4352 2410 4402 der
2442 4353 2583 4405 Kon-

354 4405 492 4457 trakt
529 4405 659 4458 iiber
691 4407 784 4459 das
818 4407 966 4460 Haus
1001 4408 1075 4459 im
1109 4408 1156 4460 J.
1199 4411 1328 4464 1495
1355 4413 1654 4478 ausgesetzt.
1726 4413 1940 4469 Damals
1964 4432 2109 4471 muss
2131 4417 2238 4471 also
2261 4420 2353 4471 der
2371 4420 2571 4475 Bruder

354 4473 789 4530 Kiichenmeistcr
822 4475 984 4531 sehon
1019 4476 1074 4530 in
1107 4475 1283 4532 Erfurt
1316 4481 1489 4551 gelebt
1522 4480 1707 4535 haben.
