3084 4895
1189 399 1400 454 Mutian
1435 415 1502 452 an
1537 397 1738 454 Urban.
2462 401 2588 466 361

355 574 684 641 Salutatur
744 599 781 639 a
843 597 938 638 me
995 574 1284 657 benigne.
1374 573 1587 657 Nuper
1644 574 1785 637 dedi
1831 575 1888 637 ei
1931 574 2015 637 III
2062 595 2285 639 aureos
2340 576 2591 639 nomine

354 663 690 740 HansoniS,
755 662 974 724 rustici
1037 662 1174 723 mei.
1265 659 1530 724 Gratum
1590 660 1654 722 id
1712 658 1843 723 fuit·
1891 665 1953 723 et
2008 663 2221 725 omnia
2280 682 2395 725 sua
2438 660 2595 724 mihi

353 750 658 832 promisit.
715 747 946 812 Vellem
980 745 1347 828 Spalatinus
1376 746 1640 810 haberet
1660 767 1842 809 suum
1869 746 2163 829 diploma.
2216 745 2589 812 Nithardus¹

355 835 516 900 solet
591 855 726 898 esse
798 833 1035 900 tardus.
1127 831 1198 896 Si
1265 832 1589 915 profuerit,
1666 833 1898 897 sentiet
1972 855 2070 896 me
2142 834 2589 914 gratissimum.

355 921 517 999 Quid
586 920 910 1002 respondit
974 919 1045 982 D.
1119 916 1683 1001 Christophorus9²
1773 919 1937 994 Quid
2008 919 2225 983 misit?
2312 918 2593 984 Vestales

356 1007 599 1072 habent
660 1008 817 1071 duos
875 1002 1264 1070 Bartholos⁸
1353 1004 1529 1069 Unus
1575 1000 1915 1068 Bartholus
1961 1027 2147 1069 omne
2190 1005 2395 1068 forum
2442 1027 2593 1069 con-

358 1093 588 1157 fundit.
677 1092 840 1169 Quid
886 1091 1076 1158 faciet
1121 1093 1509 1173 geminatum
1556 1089 1840 1154 malum?
1928 1089 2053 1155 Sed
2084 1095 2381 1173 quaestor
2411 1113 2593 1155 suum

357 1178 728 1244 Bartholum
797 1178 1088 1252 armabit,
1158 1184 1227 1240 ut
1293 1181 1390 1239 est
1454 1199 1595 1240 acer
1659 1180 1722 1239 et
1786 1176 1978 1255 vafer,
2049 1181 2266 1241 contra
2334 1177 2594 1241 Duronii

359 1263 746 1330 Bartholum.
829 1264 1000 1327 Bene
1047 1264 1151 1327 diu
1199 1264 1427 1328 valeas,
1503 1264 1773 1327 Nostrae
1805 1262 2185 1340 voluntateS,
2220 1286 2297 1326 ne
2329 1265 2594 1328 austeri-

355 1355 555 1416 tatem
623 1351 1056 1434 perhorrescas
1123 1372 1346 1426 meam,
1413 1355 1716 1432 perpetuo
1776 1351 1961 1432 quasi
2022 1349 2374 1415 Herculano
2429 1351 2595 1416 nodo

357 1437 801 1502 cohaerebunt.
890 1435 1024 1498 ΧΠ.
1075 1435 1205 1500 Cal.
1255 1436 1424 1522 Sept.

666 1537 787 1592 Cod.
823 1537 956 1592 Ros.
995 1536 1110 1592 348.

360 1726 588 1797 (Gotha.)
1403 1711 1547 1775 294.
2230 1727 2385 1798 (Aug.
2426 1726 2597 1798 1513.)

1101 1838 1388 1909 Mutian
1433 1859 1530 1907 au
1576 1837 1849 1909 Urban.

371 1967 630 2035 (Her-bord
670 1967 1010 2035 entsehuldiqt
1043 1967 1160 2021 sein
1197 1967 1490 2091 Schwlziqen
1524 1968 1756 2106 mit)den
1793 1968 2029 2032 Studien,
2068 1969 2185 2037 yeht
2218 1968 2321 2022 mit
2356 1967 2598 2022 Heirats—

1292 2054 1334 2105 p
1388 2053 1489 2090 nen
1525 2053 1635 2090 um.

1102 2151 1185 2202 H.
1220 2151 1476 2202 Urbano
1511 2152 1601 2202 M.
1635 2151 1857 2202 Rufus.

567 2263 632 2328 S.
722 2264 1120 2330 Herebordus
1179 2269 1394 2328 noster
1437 2265 1640 2346 rejicit
1682 2264 1921 2328 silentii
1966 2264 2213 2346 culpam
2260 2263 2598 2339 in'studia‚

359 2351 544 2431 quasi
588 2373 834 2414 menses
879 2355 1150 2433 quatuor
1195 2355 1496 2434 perpetuo
1556 2349 1920 2414 studuerit.⁴
2010 2349 2327 2431 Concerpe
2386 2349 2600 2413 literas

361 2436 549 2501 illius,
639 2436 874 2501 Malum
920 2438 1220 2515 studium,
1283 2437 1449 2521 quod
1498 2437 1763 2521 impedit
1832 2436 2234 2501 salutationis
2300 2435 2596 2500 officium.

360 2524 749 2605 Quamquam
799 2529 865 2586 et
905 2525 1030 2588 alia
1086 2525 1252 2588 fecit.
1353 2524 1711 2589 Celebravit
1780 2524 2174 2588 Fontanalia.
2274 2522 2601 2600 Quaesivit

359 2632 528 2673 aveS.
619 2609 882 2692 Optavit
935 2611 1057 2675 sibi
1111 2632 1424 2693 sponsam.
1523 2610 1601 2674 Et
1646 2612 1699 2675 si
1748 2615 1923 2693 pater
1981 2610 2187 2687 vellet,
2244 2609 2371 2691 jam
2435 2614 2602 2672 esset

359 2698 644 2760 maritus
737 2695 1044 2761 Condouo
1089 2698 1356 2779 culpam.
1448 2697 1516 2761 In
1566 2694 1837 2779 gratiam
1884 2698 2133 2781 recipio,
2226 2695 2325 2761 Sit
2382 2700 2600 2779 postea

360 2782 722 2865 diligentior
765 2782 829 2845 in
880 2788 1095 2847 nostra
1139 2786 1436 2849 amicitia.
1526 2783 1695 2847 Vale.

668 2883 789 2937 eod.
825 2882 959 2938 Frcf.
995 2884 1110 2939 349.

359 3072 588 3141 (Gotha.)
1405 3059 1549 3123 295.
2157 3076 2238 3128 23.
2276 3057 2412 3145 Afig.
2453 3075 2598 3129 1513.

1101 3185 1384 3256 Mutian
1429 3207 1523 3255 an
1574 3186 1848 3257 Urban.

359 3312 492 3377 (Hae
526 3313 624 3364 den
673 3313 890 3381 Ver-bray
940 3314 1067 3366 irber
1107 3316 1205 3367 das
1253 3315 1406 3368 Haus
1455 3318 1667 3385 yelesem
1722 3316 1892 3385 billiqt
1957 3316 2163 3369 Urbans
2228 3316 2601 3381 Verba-§semna

357 3383 447 3434 des
499 3381 874 3435 barbariscloen
923 3383 1282 3437 Kn-nxleistibs.
1361 3384 1570 3438 Obwold
1604 3386 1675 3437 M.
1712 3386 1829 3438 clem
1862 3385 2109 3437 Dietmar
2153 3385 2299 3437 nicht
2346 3390 2507 3447 traut,
2542 3401 2601 3435 so

356 3452 450 3503 kat
485 3468 542 3503 er
573 3450 688 3503 sicli
719 3451 852 3503 'doeh
885 3452 982 3509 den
1013 3454 1370 3520 qewzzmekten
1406 3454 1817 3521 Abmaehunyen
1845 3454 2023 3525 ,qefv‘ae'qt
2042 3474 2059 3505 :
2108 3453 2233 3507 dass
2278 3452 2445 3506 dieser
2476 3452 2613 3520 fiinf

356 3519 521 3573 Jahre
553 3520 650 3572 das
686 3519 843 3572 Haus
866 3520 1091 3573 besitxm
1112 3523 1228 3575 und
1247 3524 1310 3575 in
1331 3522 1500 3577 dieser
1518 3522 1635 3577 Zeit
1656 3524 1735 3575 20
1758 3522 1839 3577 Gt.
1863 3540 1995 3576 xum
2018 3522 2141 3576 Bau
2158 3523 2446 3575 beistezaern
2465 3522 2600 3589 soll.)

413 3636 718 3697 Magistro
757 3634 974 3685 domus
1006 3636 1212 3687 Vallis
1245 3638 1307 3692 S.
1343 3638 1614 3700 Georgfl,
1648 3640 1784 3689 viro
1818 3642 2084 3699 utraque
2118 3638 2335 3700 lingua
2367 3637 2549 3689 docto

423 3726 488 3771 et
522 3722 890 3781 philosopho
925 3722 1155 3782 insigni
1188 3724 1270 3774 H.
1305 3724 1562 3775 Urbano
1598 3738 1709 3775 suo
1746 3726 2112 3775 amicissimo
2148 3721 2257 3791 (M.
2290 3721 2536 3791 Rufius).

568 3832 631 3897 S.
703 3832 946 3915 Perlegi
977 3838 1041 3896 et
1069 3833 1279 3914 relegi,
1313 3857 1473 3916 quas
1507 3834 1860 3913 confecisti,
1885 3836 2138 3900 tabulas
2170 3835 2597 3901 inhibitionis‘

359 3927 424 3982 et
473 3924 629 4001 puto
676 3918 881 3997 licere,
929 3920 1131 3983 doctis
1177 3922 1364 3985 sicuti
1406 3922 1575 4004 licet,
1620 3927 1865 3986 mutare
1910 3922 2123 3985 stilum
2172 3923 2599 4003 barbarorum,

500 4094 515 4122 ¹
553 4090 604 4142 S.
643 4090 744 4143 268
781 4092 844 4140 A.
882 4090 928 4142 3.
1041 4091 1060 4121 ²
1099 4089 1322 4153 Sonfeld,
1359 4091 1630 4159 Leipziger
1664 4095 1804 4157 Arzt,
1841 4092 2070 4144 welcher
2094 4109 2213 4145 zum
2238 4091 2601 4145 Biicherkaufe

357 4160 528 4213 durch
581 4157 924 4223 Geldauslage
983 4158 1270 4211 behiilflich
1324 4161 1434 4212 sein
1491 4161 1657 4213 sollte.
1733 4161 1782 4214 S.
1834 4163 1929 4213 147
1968 4165 2027 4214 A.
2067 4162 2115 4213 2.
2187 4161 2302 4228 vgl.
2350 4160 2435 4213 Βι·.
2484 4161 2599 4215 297.

357 4230 474 4281 321.
583 4228 604 4259 ³
640 4228 744 4279 Der
761 4242 865 4278 neu
889 4227 1392 4293 hinzugckommene
1417 4230 1486 4281 ist
1510 4231 1603 4281 der
1625 4246 1745 4282 vom
1773 4231 1995 4295 Quiistor
2028 4233 2275 4283 ernannte
2310 4230 2599 4283 Schreiber.

357 4298 479 4364 vgl.
531 4296 812 4360 »Quaestor
847 4312 936 4363 pro
973 4312 1068 4347 suo
1103 4297 1300 4349 famulo
1337 4299 1589 4351 sudabit«
1636 4298 1721 4350 Βι·.
1761 4298 1874 4352 282.
2015 4302 2035 4330 ⁴
2071 4298 2185 4367 vgl.
2225 4298 2308 4352 ΒΓ.
2348 4298 2462 4351 292.

357 4370 382 4400 ⁵
415 4365 802 4419 Gerichtlicher
851 4364 1124 4431 Kontrakss
1162 4365 1276 4418 hier
1311 4367 1668 4421 schriftlicher
1712 4368 1949 4435 Vertaag,
1992 4372 2155 4420 unten
2190 4369 2329 4435 pacti
2363 4366 2597 4425 formula.

355 4435 478 4505 vgl.
515 4450 612 4487 zur
644 4432 814 4487 Sache
847 4433 934 4487 Βι·.
973 4433 1086 4488 282.
