<?xml version="1.0" encoding="UTF-8"?>
<!DOCTYPE html PUBLIC "-//W3C//DTD XHTML 1.0 Transitional//EN"
    "http://www.w3.org/TR/xhtml1/DTD/xhtml1-transitional.dtd">
<html xmlns="http://www.w3.org/1999/xhtml" xml:lang="en" lang="en">
 <head>
  <title>
</title>
<meta http-equiv="Content-Type" content="text/html;charset=utf-8" />
  <meta name='ocr-system' content='tesseract 3.04.00' />
  <meta name='ocr-capabilities' content='ocr_page ocr_carea ocr_par ocr_line ocrx_word'/>
</head>
<body>
  <div class='ocr_page' id='page_1' title='image "./derbriefwechsel02kraugoog_0522.png"; bbox 0 0 3084 4895; ppageno 0'>
   <div class='ocr_carea' id='block_1_1' title="bbox 484 391 1895 506">
    <p class='ocr_par' dir='ltr' id='par_1_1' title="bbox 484 391 1895 506">
     <span class='ocr_line' id='line_1_1' title="bbox 484 391 1895 506; baseline -0.004 -6"><span class='ocrx_word' id='word_1_1' title='bbox 484 441 613 506; x_wconf 85' lang='grc'>436</span> <span class='ocrx_word' id='word_1_2' title='bbox 1316 391 1489 492; x_wconf 81' lang='lat' dir='ltr'>Briefe</span> <span class='ocrx_word' id='word_1_3' title='bbox 1526 434 1620 492; x_wconf 78' lang='lat' dir='ltr'>des</span> <span class='ocrx_word' id='word_1_4' title='bbox 1653 439 1706 494; x_wconf 84' lang='lat' dir='ltr'>J.</span> <span class='ocrx_word' id='word_1_5' title='bbox 1745 435 1895 494; x_wconf 81' lang='lat'><strong>1514.</strong></span> 
     </span>
    </p>
   </div>
   <div class='ocr_carea' id='block_1_2' title="bbox 486 609 2748 694">
    <p class='ocr_par' dir='ltr' id='par_1_2' title="bbox 486 609 2748 694">
     <span class='ocr_line' id='line_1_2' title="bbox 486 609 2748 694; baseline 0.003 -16"><span class='ocrx_word' id='word_1_6' title='bbox 486 624 718 694; x_wconf 83' lang='lat' dir='ltr'>(Gotha.)</span> <span class='ocrx_word' id='word_1_7' title='bbox 1539 609 1685 674; x_wconf 81' lang='lat'><strong>365.</strong></span> <span class='ocrx_word' id='word_1_8' title='bbox 2317 629 2398 682; x_wconf 91' lang='lat'>13.</span> <span class='ocrx_word' id='word_1_9' title='bbox 2436 629 2561 682; x_wconf 71' lang='lat' dir='ltr'>suni</span> <span class='ocrx_word' id='word_1_10' title='bbox 2599 631 2748 684; x_wconf 87' lang='lat'><strong>1514.</strong></span> 
     </span>
    </p>
   </div>
   <div class='ocr_carea' id='block_1_3' title="bbox 1246 717 2007 788">
    <p class='ocr_par' dir='ltr' id='par_1_3' title="bbox 1246 717 2007 788">
     <span class='ocr_line' id='line_1_3' title="bbox 1246 717 2007 788; baseline -0.001 0"><span class='ocrx_word' id='word_1_11' title='bbox 1246 718 1539 788; x_wconf 84' lang='lat' dir='ltr'>Mutian</span> <span class='ocrx_word' id='word_1_12' title='bbox 1585 739 1685 788; x_wconf 83' lang='lat' dir='ltr'>an</span> <span class='ocrx_word' id='word_1_13' title='bbox 1729 717 2007 788; x_wconf 83' lang='lat' dir='ltr'>Urban.</span> 
     </span>
    </p>
   </div>
   <div class='ocr_carea' id='block_1_4' title="bbox 482 829 2752 1037">
    <p class='ocr_par' dir='ltr' id='par_1_4' title="bbox 482 829 2751 1037">
     <span class='ocr_line' id='line_1_4' title="bbox 486 829 2750 900; baseline 0.002 -19"><span class='ocrx_word' id='word_1_14' title='bbox 486 829 708 894; x_wconf 71' lang='grc' dir='ltr'><em>(Μόοὴιε</em></span> <span class='ocrx_word' id='word_1_15' title='bbox 741 829 859 882; x_wconf 76' lang='lat' dir='ltr'>dem</span> <span class='ocrx_word' id='word_1_16' title='bbox 879 829 1087 897; x_wconf 74' lang='lat' dir='ltr'>junyen</span> <span class='ocrx_word' id='word_1_17' title='bbox 1122 829 1369 896; x_wconf 73' lang='lat' dir='ltr'>Hersfe-Id</span> <span class='ocrx_word' id='word_1_18' title='bbox 1398 830 1488 882; x_wconf 82' lang='lat' dir='ltr'>ein</span> <span class='ocrx_word' id='word_1_19' title='bbox 1531 829 1794 883; x_wconf 74' lang='lat' dir='ltr'>Geschenk</span> <span class='ocrx_word' id='word_1_20' title='bbox 1825 829 2080 894; x_wconf 63' lang='lat' dir='ltr'>schida-en,</span> <span class='ocrx_word' id='word_1_21' title='bbox 2119 830 2244 883; x_wconf 79' lang='lat' dir='ltr'>aber</span> <span class='ocrx_word' id='word_1_22' title='bbox 2275 849 2329 884; x_wconf 69' lang='lat' dir='ltr'>es</span> <span class='ocrx_word' id='word_1_23' title='bbox 2352 832 2478 900; x_wconf 74' lang='lat' dir='ltr'>fehlt</span> <span class='ocrx_word' id='word_1_24' title='bbox 2503 849 2577 886; x_wconf 83' lang='lat' dir='ltr'>an</span> <span class='ocrx_word' id='word_1_25' title='bbox 2607 833 2750 886; x_wconf 69' lang='lat' dir='ltr'>Gela.</span> 
     </span>
     <span class='ocr_line' id='line_1_5' title="bbox 497 869 2752 969; baseline 0.002 -19"><span class='ocrx_word' id='word_1_26' title='bbox 497 898 663 950; x_wconf 72' lang='lat' dir='ltr'>lVenn</span> <span class='ocrx_word' id='word_1_27' title='bbox 698 899 837 951; x_wconf 76' lang='lat' dir='ltr'>auch</span> <span class='ocrx_word' id='word_1_28' title='bbox 876 899 1053 951; x_wconf 77' lang='lat' dir='ltr'>Sekilo</span> <span class='ocrx_word' id='word_1_29' title='bbox 1086 899 1207 951; x_wconf 77' lang='lat' dir='ltr'>kein</span> <span class='ocrx_word' id='word_1_30' title='bbox 1250 899 1380 951; x_wconf 84' lang='lat' dir='ltr'>Geld</span> <span class='ocrx_word' id='word_1_31' title='bbox 1406 899 1562 966; x_wconf 69' lang='lat' dir='ltr'>yv‘ebt,</span> <span class='ocrx_word' id='word_1_32' title='bbox 1608 899 1709 951; x_wconf 76' lang='lat' dir='ltr'>soll</span> <span class='ocrx_word' id='word_1_33' title='bbox 1761 897 1946 951; x_wconf 80' lang='lat' dir='ltr'>Urban</span> <span class='ocrx_word' id='word_1_34' title='bbox 1978 869 2108 951; x_wconf 58' lang='lat' dir='ltr'>doc-’k</span> <span class='ocrx_word' id='word_1_35' title='bbox 2141 901 2232 951; x_wconf 76' lang='lat' dir='ltr'>ein</span> <span class='ocrx_word' id='word_1_36' title='bbox 2265 901 2608 969; x_wconf 60' lang='lat' dir='ltr'>ammudvyes</span> <span class='ocrx_word' id='word_1_37' title='bbox 2649 902 2752 955; x_wconf 80' lang='lat' dir='ltr'>Ge-</span> 
     </span>
     <span class='ocr_line' id='line_1_6' title="bbox 482 967 2751 1037; baseline 0.002 -18"><span class='ocrx_word' id='word_1_38' title='bbox 482 967 671 1020; x_wconf 68' lang='lat' dir='ltr'>sehenk</span> <span class='ocrx_word' id='word_1_39' title='bbox 705 967 999 1034; x_wconf 77' lang='lat' dir='ltr'>beschaffen</span> <span class='ocrx_word' id='word_1_40' title='bbox 1034 967 1149 1020; x_wconf 77' lang='lat' dir='ltr'>und</span> <span class='ocrx_word' id='word_1_41' title='bbox 1179 967 1275 1033; x_wconf 81' lang='lat' dir='ltr'>fu&#39;r</span> <span class='ocrx_word' id='word_1_42' title='bbox 1290 968 1391 1020; x_wconf 65' lang='lat' dir='ltr'>das</span> <span class='ocrx_word' id='word_1_43' title='bbox 1410 967 1675 1020; x_wconf 65' lang='lat' dir='ltr'>Dasrlehen</span> <span class='ocrx_word' id='word_1_44' title='bbox 1697 984 1799 1020; x_wconf 76' lang='lat' dir='ltr'>von</span> <span class='ocrx_word' id='word_1_45' title='bbox 1815 968 1887 1020; x_wconf 92' lang='lat'>10</span> <span class='ocrx_word' id='word_1_46' title='bbox 1910 967 1992 1020; x_wconf 77' lang='lat' dir='ltr'>Ol.</span> <span class='ocrx_word' id='word_1_47' title='bbox 2011 967 2168 1020; x_wconf 78' lang='lat' dir='ltr'>einen</span> <span class='ocrx_word' id='word_1_48' title='bbox 2187 967 2529 1023; x_wconf 77' lang='lat' dir='ltr'>Handschein</span> <span class='ocrx_word' id='word_1_49' title='bbox 2544 970 2714 1024; x_wconf 77' lang='lat' dir='ltr'>haben</span> <span class='ocrx_word' id='word_1_50' title='bbox 2717 974 2751 1037; x_wconf 76' lang='lat' dir='ltr'>,J</span> 
     </span>
    </p>
   </div>
   <div class='ocr_carea' id='block_1_5' title="bbox 399 1063 2816 3537">
    <p class='ocr_par' dir='ltr' id='par_1_5' title="bbox 570 1063 2660 1184">
     <span class='ocr_line' id='line_1_7' title="bbox 570 1063 2660 1125; baseline 0.001 -11"><span class='ocrx_word' id='word_1_51' title='bbox 570 1065 1117 1115; x_wconf 75' lang='lat' dir='ltr'>Praestantissimo</span> <span class='ocrx_word' id='word_1_52' title='bbox 1153 1066 1406 1124; x_wconf 78' lang='lat' dir='ltr'>patrum</span> <span class='ocrx_word' id='word_1_53' title='bbox 1439 1063 1790 1114; x_wconf 69' lang='lat' dir='ltr'>venerabili</span> <span class='ocrx_word' id='word_1_54' title='bbox 1824 1063 2102 1123; x_wconf 72' lang='lat' dir='ltr'>Urbano,</span> <span class='ocrx_word' id='word_1_55' title='bbox 2135 1065 2274 1115; x_wconf 81' lang='lat' dir='ltr'>viro</span> <span class='ocrx_word' id='word_1_56' title='bbox 2309 1063 2514 1125; x_wconf 77' lang='lat' dir='ltr'>docto,</span> <span class='ocrx_word' id='word_1_57' title='bbox 2549 1079 2660 1116; x_wconf 82' lang='lat' dir='ltr'>suo</span> 
     </span>
     <span class='ocr_line' id='line_1_8' title="bbox 1236 1131 1993 1184; baseline -0.003 0"><span class='ocrx_word' id='word_1_58' title='bbox 1236 1133 1607 1184; x_wconf 73' lang='lat' dir='ltr'>amicissimo</span> <span class='ocrx_word' id='word_1_59' title='bbox 1644 1132 1732 1183; x_wconf 71' lang='grc' dir='ltr'>Π.</span> <span class='ocrx_word' id='word_1_60' title='bbox 1768 1131 1993 1183; x_wconf 67' lang='lat' dir='ltr'>Rufus.</span> 
     </span>
    </p>

    <p class='ocr_par' dir='ltr' id='par_1_6' title="bbox 399 1224 2816 3537">
     <span class='ocr_line' id='line_1_9' title="bbox 692 1224 2754 1304; baseline 0.001 -15"><span class='ocrx_word' id='word_1_61' title='bbox 692 1224 755 1289; x_wconf 88' lang='lat' dir='ltr'>S.</span> <span class='ocrx_word' id='word_1_62' title='bbox 848 1225 1001 1289; x_wconf 87' lang='lat' dir='ltr'>Erat</span> <span class='ocrx_word' id='word_1_63' title='bbox 1066 1225 1220 1288; x_wconf 89' lang='lat' dir='ltr'>mibi</span> <span class='ocrx_word' id='word_1_64' title='bbox 1265 1227 1330 1288; x_wconf 90' lang='lat' dir='ltr'>in</span> <span class='ocrx_word' id='word_1_65' title='bbox 1377 1227 1592 1290; x_wconf 89' lang='lat' dir='ltr'>animo</span> <span class='ocrx_word' id='word_1_66' title='bbox 1649 1226 1894 1290; x_wconf 88' lang='lat' dir='ltr'>steriles</span> <span class='ocrx_word' id='word_1_67' title='bbox 1941 1227 2192 1290; x_wconf 87' lang='lat' dir='ltr'>mittere</span> <span class='ocrx_word' id='word_1_68' title='bbox 2251 1227 2488 1304; x_wconf 79' lang='lat' dir='ltr'>literae,</span> <span class='ocrx_word' id='word_1_69' title='bbox 2543 1229 2754 1291; x_wconf 86' lang='lat' dir='ltr'>omnis</span> 
     </span>
     <span class='ocr_line' id='line_1_10' title="bbox 482 1311 2754 1394; baseline -0.001 -16"><span class='ocrx_word' id='word_1_70' title='bbox 482 1313 729 1378; x_wconf 88' lang='lat' dir='ltr'>scilicet</span> <span class='ocrx_word' id='word_1_71' title='bbox 797 1311 947 1375; x_wconf 90' lang='lat' dir='ltr'>doni</span> <span class='ocrx_word' id='word_1_72' title='bbox 1014 1316 1307 1394; x_wconf 83' lang='lat' dir='ltr'>expertes</span> <span class='ocrx_word' id='word_1_73' title='bbox 1374 1311 1455 1374; x_wconf 90' lang='lat' dir='ltr'>ad</span> <span class='ocrx_word' id='word_1_74' title='bbox 1521 1311 1799 1375; x_wconf 89' lang='lat' dir='ltr'>nobilem</span> <span class='ocrx_word' id='word_1_75' title='bbox 1874 1311 2320 1386; x_wconf 80' lang='lat' dir='ltr'>Hersfeldum‚¹</span> <span class='ocrx_word' id='word_1_76' title='bbox 2389 1318 2530 1376; x_wconf 88' lang='lat' dir='ltr'>tum</span> <span class='ocrx_word' id='word_1_77' title='bbox 2597 1316 2754 1394; x_wconf 88' lang='lat' dir='ltr'>quia</span> 
     </span>
     <span class='ocr_line' id='line_1_11' title="bbox 486 1395 2752 1479; baseline 0 -17"><span class='ocrx_word' id='word_1_78' title='bbox 486 1398 821 1462; x_wconf 87' lang='lat' dir='ltr'>formulam</span> <span class='ocrx_word' id='word_1_79' title='bbox 868 1397 1036 1460; x_wconf 87' lang='lat' dir='ltr'>ultro</span> <span class='ocrx_word' id='word_1_80' title='bbox 1084 1397 1262 1460; x_wconf 84' lang='lat' dir='ltr'>dedit</span> <span class='ocrx_word' id='word_1_81' title='bbox 1306 1395 1684 1479; x_wconf 85' lang='lat' dir='ltr'>Spalatinus</span> <span class='ocrx_word' id='word_1_82' title='bbox 1749 1395 1925 1460; x_wconf 88' lang='lat' dir='ltr'>laudi</span> <span class='ocrx_word' id='word_1_83' title='bbox 1989 1420 2167 1461; x_wconf 85' lang='lat' dir='ltr'>meae</span> <span class='ocrx_word' id='word_1_84' title='bbox 2233 1397 2565 1476; x_wconf 78' lang='lat' dir='ltr'>servienS,²</span> <span class='ocrx_word' id='word_1_85' title='bbox 2610 1407 2752 1462; x_wconf 89' lang='lat' dir='ltr'>tum</span> 
     </span>
     <span class='ocr_line' id='line_1_12' title="bbox 482 1482 2754 1566; baseline 0 -19"><span class='ocrx_word' id='word_1_86' title='bbox 482 1485 638 1566; x_wconf 88' lang='lat' dir='ltr'>quia</span> <span class='ocrx_word' id='word_1_87' title='bbox 714 1503 839 1546; x_wconf 89' lang='lat' dir='ltr'>non</span> <span class='ocrx_word' id='word_1_88' title='bbox 920 1482 1231 1546; x_wconf 85' lang='lat' dir='ltr'><strong>habebam</strong></span> <span class='ocrx_word' id='word_1_89' title='bbox 1300 1485 1381 1546; x_wconf 90' lang='lat' dir='ltr'>ad</span> <span class='ocrx_word' id='word_1_90' title='bbox 1452 1503 1679 1546; x_wconf 86' lang='lat' dir='ltr'>manus</span> <span class='ocrx_word' id='word_1_91' title='bbox 1747 1482 1807 1545; x_wconf 94' lang='lat' dir='ltr'>X</span> <span class='ocrx_word' id='word_1_92' title='bbox 1873 1504 2098 1547; x_wconf 87' lang='lat' dir='ltr'>aureos</span> <span class='ocrx_word' id='word_1_93' title='bbox 2167 1506 2204 1547; x_wconf 91' lang='lat' dir='ltr'>a</span> <span class='ocrx_word' id='word_1_94' title='bbox 2269 1485 2505 1547; x_wconf 90' lang='lat' dir='ltr'>vicario</span> <span class='ocrx_word' id='word_1_95' title='bbox 2579 1482 2754 1548; x_wconf 75' lang='lat' dir='ltr'>meo&#39;</span> 
     </span>
     <span class='ocr_line' id='line_1_13' title="bbox 487 1568 2752 1649; baseline -0.001 -15"><span class='ocrx_word' id='word_1_96' title='bbox 487 1569 939 1646; x_wconf 78' lang='lat' dir='ltr'>numerandOS,</span> <span class='ocrx_word' id='word_1_97' title='bbox 988 1588 1149 1649; x_wconf 88' lang='lat' dir='ltr'>quos</span> <span class='ocrx_word' id='word_1_98' title='bbox 1192 1572 1406 1632; x_wconf 89' lang='lat' dir='ltr'>tamen</span> <span class='ocrx_word' id='word_1_99' title='bbox 1457 1568 1634 1632; x_wconf 86' lang='lat' dir='ltr'>brevi</span> <span class='ocrx_word' id='word_1_100' title='bbox 1681 1569 1989 1632; x_wconf 85' lang='lat' dir='ltr'>missurus</span> <span class='ocrx_word' id='word_1_101' title='bbox 2035 1575 2151 1632; x_wconf 88' lang='lat' dir='ltr'>est</span> <span class='ocrx_word' id='word_1_102' title='bbox 2241 1569 2548 1633; x_wconf 86' lang='lat' dir='ltr'>Nolebam</span> <span class='ocrx_word' id='word_1_103' title='bbox 2583 1571 2752 1634; x_wconf 90' lang='lat' dir='ltr'>enim</span> 
     </span>
     <span class='ocr_line' id='line_1_14' title="bbox 486 1654 2756 1729; baseline 0 -10"><span class='ocrx_word' id='word_1_104' title='bbox 486 1657 568 1720; x_wconf 91' lang='lat' dir='ltr'>ab</span> <span class='ocrx_word' id='word_1_105' title='bbox 619 1661 683 1719; x_wconf 90' lang='lat' dir='ltr'>te</span> <span class='ocrx_word' id='word_1_106' title='bbox 732 1655 1029 1729; x_wconf 85' lang='lat' dir='ltr'>mutuari,</span> <span class='ocrx_word' id='word_1_107' title='bbox 1078 1655 1199 1716; x_wconf 88' lang='lat' dir='ltr'>etsi</span> <span class='ocrx_word' id='word_1_108' title='bbox 1243 1654 1400 1718; x_wconf 88' lang='lat' dir='ltr'>fides</span> <span class='ocrx_word' id='word_1_109' title='bbox 1444 1654 1568 1717; x_wconf 92' lang='lat' dir='ltr'>tibi</span> <span class='ocrx_word' id='word_1_110' title='bbox 1613 1675 1754 1717; x_wconf 87' lang='lat' dir='ltr'>mea</span> <span class='ocrx_word' id='word_1_111' title='bbox 1797 1657 2036 1717; x_wconf 87' lang='lat' dir='ltr'>testata</span> <span class='ocrx_word' id='word_1_112' title='bbox 2067 1655 2153 1718; x_wconf 87' lang='lat' dir='ltr'>sit</span> <span class='ocrx_word' id='word_1_113' title='bbox 2185 1659 2246 1717; x_wconf 88' lang='lat' dir='ltr'>et</span> <span class='ocrx_word' id='word_1_114' title='bbox 2281 1661 2544 1718; x_wconf 87' lang='lat' dir='ltr'>mutuus</span> <span class='ocrx_word' id='word_1_115' title='bbox 2574 1677 2756 1719; x_wconf 83' lang='lat' dir='ltr'>amor</span> 
     </span>
     <span class='ocr_line' id='line_1_15' title="bbox 490 1739 2754 1823; baseline -0.001 -17"><span class='ocrx_word' id='word_1_116' title='bbox 490 1746 707 1806; x_wconf 86' lang='lat' dir='ltr'>noster</span> <span class='ocrx_word' id='word_1_117' title='bbox 752 1741 911 1804; x_wconf 86' lang='lat' dir='ltr'>satis</span> <span class='ocrx_word' id='word_1_118' title='bbox 957 1739 1285 1821; x_wconf 86' lang='lat' dir='ltr'>probatus</span> <span class='ocrx_word' id='word_1_119' title='bbox 1376 1739 1684 1802; x_wconf 88' lang='lat' dir='ltr'>Nolebam</span> <span class='ocrx_word' id='word_1_120' title='bbox 1751 1740 2034 1820; x_wconf 89' lang='lat' dir='ltr'>inquam,</span> <span class='ocrx_word' id='word_1_121' title='bbox 2082 1745 2262 1822; x_wconf 87' lang='lat' dir='ltr'>pater</span> <span class='ocrx_word' id='word_1_122' title='bbox 2318 1742 2578 1823; x_wconf 86' lang='lat' dir='ltr'>optime,</span> <span class='ocrx_word' id='word_1_123' title='bbox 2634 1747 2754 1805; x_wconf 90' lang='lat' dir='ltr'>tuo</span> 
     </span>
     <span class='ocr_line' id='line_1_16' title="bbox 480 1824 2755 1924; baseline -0 -33"><span class='ocrx_word' id='word_1_124' title='bbox 480 1829 581 1891; x_wconf 88' lang='lat' dir='ltr'>uti</span> <span class='ocrx_word' id='word_1_125' title='bbox 650 1825 917 1924; x_wconf 84' lang='lat' dir='ltr'>peculio,</span> <span class='ocrx_word' id='word_1_126' title='bbox 987 1825 1157 1907; x_wconf 88' lang='lat' dir='ltr'>quod</span> <span class='ocrx_word' id='word_1_127' title='bbox 1228 1825 1319 1889; x_wconf 84' lang='lat' dir='ltr'>sis</span> <span class='ocrx_word' id='word_1_128' title='bbox 1383 1825 1756 1908; x_wconf 83' lang='lat' dir='ltr'>pecuniolae</span> <span class='ocrx_word' id='word_1_129' title='bbox 1809 1826 1929 1903; x_wconf 88' lang='lat' dir='ltr'>(sic</span> <span class='ocrx_word' id='word_1_130' title='bbox 1981 1827 2146 1889; x_wconf 89' lang='lat' dir='ltr'>enim</span> <span class='ocrx_word' id='word_1_131' title='bbox 2197 1824 2492 1907; x_wconf 81' lang='lat' dir='ltr'>cognovi)</span> <span class='ocrx_word' id='word_1_132' title='bbox 2558 1827 2755 1910; x_wconf 88' lang='lat' dir='ltr'>paulo</span> 
     </span>
     <span class='ocr_line' id='line_1_17' title="bbox 481 1910 2757 1995; baseline 0 -18"><span class='ocrx_word' id='word_1_133' title='bbox 481 1912 789 1977; x_wconf 80' lang='lat' dir='ltr'>tenacior.</span> <span class='ocrx_word' id='word_1_134' title='bbox 882 1910 1007 1975; x_wconf 83' lang='lat' dir='ltr'>Sed</span> <span class='ocrx_word' id='word_1_135' title='bbox 1054 1932 1196 1974; x_wconf 91' lang='lat' dir='ltr'>cum</span> <span class='ocrx_word' id='word_1_136' title='bbox 1244 1910 1566 1974; x_wconf 84' lang='lat' dir='ltr'>videretur</span> <span class='ocrx_word' id='word_1_137' title='bbox 1610 1911 1864 1992; x_wconf 89' lang='lat' dir='ltr'>utrique</span> <span class='ocrx_word' id='word_1_138' title='bbox 1926 1915 2214 1974; x_wconf 87' lang='lat' dir='ltr'>nostrum</span> <span class='ocrx_word' id='word_1_139' title='bbox 2278 1916 2481 1995; x_wconf 82' lang='lat' dir='ltr'>turpe,</span> <span class='ocrx_word' id='word_1_140' title='bbox 2542 1912 2757 1978; x_wconf 85' lang='lat' dir='ltr'>adbuc</span> 
     </span>
     <span class='ocr_line' id='line_1_18' title="bbox 488 1994 2754 2080; baseline -0 -19"><span class='ocrx_word' id='word_1_141' title='bbox 488 2020 614 2062; x_wconf 87' lang='lat' dir='ltr'>non</span> <span class='ocrx_word' id='word_1_142' title='bbox 694 1999 898 2078; x_wconf 84' lang='lat' dir='ltr'>egisse</span> <span class='ocrx_word' id='word_1_143' title='bbox 964 2017 1077 2078; x_wconf 87' lang='lat' dir='ltr'>pro</span> <span class='ocrx_word' id='word_1_144' title='bbox 1143 1995 1367 2060; x_wconf 87' lang='lat' dir='ltr'>tabula</span> <span class='ocrx_word' id='word_1_145' title='bbox 1443 1996 1692 2060; x_wconf 81' lang='lat' dir='ltr'>mirifici</span> <span class='ocrx_word' id='word_1_146' title='bbox 1767 1994 2005 2077; x_wconf 73' lang='lat' dir='ltr'>operis⁴</span> <span class='ocrx_word' id='word_1_147' title='bbox 2078 1996 2407 2061; x_wconf 83' lang='lat' dir='ltr'>Hersfeldo</span> <span class='ocrx_word' id='word_1_148' title='bbox 2485 1998 2754 2080; x_wconf 82' lang='lat' dir='ltr'>gratiaS,</span> 
     </span>
     <span class='ocr_line' id='line_1_19' title="bbox 482 2081 2755 2167; baseline 0 -19"><span class='ocrx_word' id='word_1_149' title='bbox 482 2083 702 2167; x_wconf 86' lang='lat' dir='ltr'>putavi</span> <span class='ocrx_word' id='word_1_150' title='bbox 765 2082 1132 2146; x_wconf 83' lang='lat' dir='ltr'>tarditatem</span> <span class='ocrx_word' id='word_1_151' title='bbox 1191 2081 1359 2146; x_wconf 90' lang='lat' dir='ltr'>hanc</span> <span class='ocrx_word' id='word_1_152' title='bbox 1403 2103 1606 2146; x_wconf 86' lang='lat' dir='ltr'>meam</span> <span class='ocrx_word' id='word_1_153' title='bbox 1669 2103 1797 2146; x_wconf 90' lang='lat' dir='ltr'>non</span> <span class='ocrx_word' id='word_1_154' title='bbox 1856 2081 2186 2146; x_wconf 87' lang='lat' dir='ltr'>sterilibus</span> <span class='ocrx_word' id='word_1_155' title='bbox 2241 2083 2352 2146; x_wconf 88' lang='lat' dir='ltr'>sed</span> <span class='ocrx_word' id='word_1_156' title='bbox 2406 2082 2755 2150; x_wconf 78' lang='lat' dir='ltr'>fructiferis</span> 
     </span>
     <span class='ocr_line' id='line_1_20' title="bbox 487 2167 2756 2252; baseline 0 -18"><span class='ocrx_word' id='word_1_157' title='bbox 487 2170 773 2252; x_wconf 84' lang='lat' dir='ltr'>epistolis</span> <span class='ocrx_word' id='word_1_158' title='bbox 844 2189 1167 2245; x_wconf 85' lang='lat' dir='ltr'>excusare,</span> <span class='ocrx_word' id='word_1_159' title='bbox 1239 2173 1313 2230; x_wconf 88' lang='lat' dir='ltr'>ut</span> <span class='ocrx_word' id='word_1_160' title='bbox 1380 2167 1580 2230; x_wconf 89' lang='lat' dir='ltr'>divini</span> <span class='ocrx_word' id='word_1_161' title='bbox 1649 2167 1848 2230; x_wconf 90' lang='lat' dir='ltr'>animi</span> <span class='ocrx_word' id='word_1_162' title='bbox 1911 2167 2165 2248; x_wconf 87' lang='lat' dir='ltr'>juvenis</span> <span class='ocrx_word' id='word_1_163' title='bbox 2234 2172 2314 2231; x_wconf 90' lang='lat' dir='ltr'>et</span> <span class='ocrx_word' id='word_1_164' title='bbox 2365 2171 2756 2234; x_wconf 82' lang='lat' dir='ltr'>auctoritate</span> 
     </span>
     <span class='ocr_line' id='line_1_21' title="bbox 481 2252 2756 2337; baseline 0.001 -17"><span class='ocrx_word' id='word_1_165' title='bbox 481 2277 717 2337; x_wconf 88' lang='lat' dir='ltr'>magna</span> <span class='ocrx_word' id='word_1_166' title='bbox 760 2255 1108 2337; x_wconf 76' lang='lat' dir='ltr'>praeditUS,</span> <span class='ocrx_word' id='word_1_167' title='bbox 1154 2274 1340 2316; x_wconf 88' lang='lat' dir='ltr'>carus</span> <span class='ocrx_word' id='word_1_168' title='bbox 1385 2252 1677 2335; x_wconf 87' lang='lat' dir='ltr'>principi,</span> <span class='ocrx_word' id='word_1_169' title='bbox 1705 2252 2028 2334; x_wconf 89' lang='lat' dir='ltr'>jucundus</span> <span class='ocrx_word' id='word_1_170' title='bbox 2060 2253 2530 2334; x_wconf 71' lang='lat' dir='ltr'>Degenhard0,¹⁵</span> <span class='ocrx_word' id='word_1_171' title='bbox 2564 2254 2756 2324; x_wconf 80' lang='lat' dir='ltr'>nobis</span> 
     </span>
     <span class='ocr_line' id='line_1_22' title="bbox 482 2337 2755 2424; baseline -0 -19"><span class='ocrx_word' id='word_1_172' title='bbox 482 2351 704 2424; x_wconf 86' lang='lat' dir='ltr'>gratus</span> <span class='ocrx_word' id='word_1_173' title='bbox 750 2343 814 2403; x_wconf 90' lang='lat' dir='ltr'>et</span> <span class='ocrx_word' id='word_1_174' title='bbox 860 2337 1195 2422; x_wconf 87' lang='lat' dir='ltr'>Spalatino</span> <span class='ocrx_word' id='word_1_175' title='bbox 1242 2337 1483 2402; x_wconf 85' lang='lat' dir='ltr'>faveret</span> <span class='ocrx_word' id='word_1_176' title='bbox 1530 2339 1886 2421; x_wconf 89' lang='lat' dir='ltr'>impensius</span> <span class='ocrx_word' id='word_1_177' title='bbox 1932 2343 1997 2401; x_wconf 88' lang='lat' dir='ltr'>et</span> <span class='ocrx_word' id='word_1_178' title='bbox 2043 2339 2226 2414; x_wconf 90' lang='lat' dir='ltr'>mihi,</span> <span class='ocrx_word' id='word_1_179' title='bbox 2267 2341 2363 2403; x_wconf 89' lang='lat' dir='ltr'>uti</span> <span class='ocrx_word' id='word_1_180' title='bbox 2395 2341 2755 2420; x_wconf 85' lang='lat' dir='ltr'>consuevit,</span> 
     </span>
     <span class='ocr_line' id='line_1_23' title="bbox 480 2389 2754 2513; baseline 0 -20"><span class='ocrx_word' id='word_1_181' title='bbox 480 2426 893 2513; x_wconf 87' lang='lat' dir='ltr'>principalem</span> <span class='ocrx_word' id='word_1_182' title='bbox 942 2425 1211 2507; x_wconf 85' lang='lat' dir='ltr'>gratiam</span> <span class='ocrx_word' id='word_1_183' title='bbox 1261 2427 1565 2508; x_wconf 87' lang='lat' dir='ltr'>perpetuo</span> <span class='ocrx_word' id='word_1_184' title='bbox 1601 2428 2024 2489; x_wconf 83' lang='lat' dir='ltr'>conservaret</span> <span class='ocrx_word' id='word_1_185' title='bbox 2116 2389 2270 2489; x_wconf 87' lang='lat' dir='ltr'>Vide</span> <span class='ocrx_word' id='word_1_186' title='bbox 2303 2446 2560 2508; x_wconf 81' lang='lat' dir='ltr'>quaeSO,</span> <span class='ocrx_word' id='word_1_187' title='bbox 2595 2427 2754 2509; x_wconf 88' lang='lat' dir='ltr'>quid</span> 
     </span>
     <span class='ocr_line' id='line_1_24' title="bbox 480 2510 2754 2593; baseline 0 -14"><span class='ocrx_word' id='word_1_188' title='bbox 480 2514 720 2579; x_wconf 88' lang='lat' dir='ltr'>scribat</span> <span class='ocrx_word' id='word_1_189' title='bbox 784 2512 1141 2576; x_wconf 89' lang='lat' dir='ltr'>communis</span> <span class='ocrx_word' id='word_1_190' title='bbox 1210 2512 1472 2574; x_wconf 70' lang='lat' dir='ltr'>amicus</span> <span class='ocrx_word' id='word_1_191' title='bbox 1579 2510 1706 2573; x_wconf 90' lang='lat' dir='ltr'>Res</span> <span class='ocrx_word' id='word_1_192' title='bbox 1773 2512 1912 2593; x_wconf 87' lang='lat' dir='ltr'>ipsa</span> <span class='ocrx_word' id='word_1_193' title='bbox 1979 2510 2075 2573; x_wconf 87' lang='lat' dir='ltr'>vel</span> <span class='ocrx_word' id='word_1_194' title='bbox 2143 2532 2242 2575; x_wconf 90' lang='lat' dir='ltr'>me</span> <span class='ocrx_word' id='word_1_195' title='bbox 2308 2518 2562 2577; x_wconf 89' lang='lat' dir='ltr'>tacente</span> <span class='ocrx_word' id='word_1_196' title='bbox 2627 2513 2754 2579; x_wconf 81' lang='lat' dir='ltr'>tibi</span> 
     </span>
     <span class='ocr_line' id='line_1_25' title="bbox 399 2595 2752 2683; baseline 0 -20"><span class='ocrx_word' id='word_1_197' title='bbox 399 2640 401 2643; x_wconf 56' lang='lat'>&gt;</span> <span class='ocrx_word' id='word_1_198' title='bbox 484 2598 883 2683; x_wconf 88' lang='lat' dir='ltr'>persuadeat.</span> <span class='ocrx_word' id='word_1_199' title='bbox 974 2595 1045 2659; x_wconf 87' lang='lat' dir='ltr'>Si</span> <span class='ocrx_word' id='word_1_200' title='bbox 1094 2596 1399 2677; x_wconf 84' lang='lat' dir='ltr'>Schyloni</span> <span class='ocrx_word' id='word_1_201' title='bbox 1446 2596 1697 2659; x_wconf 83' lang='lat' dir='ltr'>adesset</span> <span class='ocrx_word' id='word_1_202' title='bbox 1745 2595 1961 2678; x_wconf 88' lang='lat' dir='ltr'>aliqua</span> <span class='ocrx_word' id='word_1_203' title='bbox 2007 2598 2218 2679; x_wconf 89' lang='lat' dir='ltr'>portio</span> <span class='ocrx_word' id='word_1_204' title='bbox 2252 2596 2581 2675; x_wconf 80' lang='lat' dir='ltr'>bonitatiS,</span> <span class='ocrx_word' id='word_1_205' title='bbox 2621 2619 2752 2669; x_wconf 83' lang='lat' dir='ltr'>non</span> 
     </span>
     <span class='ocr_line' id='line_1_26' title="bbox 480 2650 2754 2765; baseline -0 -15"><span class='ocrx_word' id='word_1_206' title='bbox 480 2708 581 2750; x_wconf 90' lang='lat' dir='ltr'>me</span> <span class='ocrx_word' id='word_1_207' title='bbox 648 2684 981 2765; x_wconf 88' lang='lat' dir='ltr'>deciperet,</span> <span class='ocrx_word' id='word_1_208' title='bbox 1053 2702 1179 2745; x_wconf 91' lang='lat' dir='ltr'>non</span> <span class='ocrx_word' id='word_1_209' title='bbox 1254 2681 1540 2745; x_wconf 77' lang='lat' dir='ltr'>hiantem</span> <span class='ocrx_word' id='word_1_210' title='bbox 1610 2682 2044 2764; x_wconf 85' lang='lat' dir='ltr'>suspenderet..</span> <span class='ocrx_word' id='word_1_211' title='bbox 2156 2683 2322 2759; x_wconf 84' lang='lat' dir='ltr'>Quid</span> <span class='ocrx_word' id='word_1_212' title='bbox 2397 2650 2754 2751; x_wconf 71' lang='lat' dir='ltr'>facieinus&#39;?</span> 
     </span>
     <span class='ocr_line' id='line_1_27' title="bbox 485 2767 2756 2852; baseline 0 -18"><span class='ocrx_word' id='word_1_213' title='bbox 485 2771 735 2852; x_wconf 87' lang='lat' dir='ltr'>Accipe,</span> <span class='ocrx_word' id='word_1_214' title='bbox 785 2767 1094 2850; x_wconf 87' lang='lat' dir='ltr'>quidquid</span> <span class='ocrx_word' id='word_1_215' title='bbox 1143 2768 1198 2830; x_wconf 90' lang='lat' dir='ltr'>is</span> <span class='ocrx_word' id='word_1_216' title='bbox 1246 2768 1507 2839; x_wconf 87' lang='lat' dir='ltr'>dederit</span> <span class='ocrx_word' id='word_1_217' title='bbox 1556 2768 1610 2830; x_wconf 89' lang='lat' dir='ltr'>si</span> <span class='ocrx_word' id='word_1_218' title='bbox 1658 2767 1844 2831; x_wconf 91' lang='lat' dir='ltr'>modo</span> <span class='ocrx_word' id='word_1_219' title='bbox 1892 2767 2046 2848; x_wconf 89' lang='lat' dir='ltr'>quid</span> <span class='ocrx_word' id='word_1_220' title='bbox 2092 2767 2275 2831; x_wconf 89' lang='lat' dir='ltr'>dabit</span> <span class='ocrx_word' id='word_1_221' title='bbox 2318 2769 2668 2851; x_wconf 87' lang='lat' dir='ltr'>instigatus</span> <span class='ocrx_word' id='word_1_222' title='bbox 2714 2792 2756 2835; x_wconf 80' lang='lat' dir='ltr'>a</span> 
     </span>
     <span class='ocr_line' id='line_1_28' title="bbox 484 2852 2816 2936; baseline -0 -16"><span class='ocrx_word' id='word_1_223' title='bbox 484 2878 602 2921; x_wconf 88' lang='lat' dir='ltr'>me.</span> <span class='ocrx_word' id='word_1_224' title='bbox 695 2854 809 2918; x_wconf 87' lang='lat' dir='ltr'>Sin</span> <span class='ocrx_word' id='word_1_225' title='bbox 858 2857 1070 2917; x_wconf 88' lang='lat' dir='ltr'>autem</span> <span class='ocrx_word' id='word_1_226' title='bbox 1118 2853 1278 2917; x_wconf 90' lang='lat' dir='ltr'>nihil</span> <span class='ocrx_word' id='word_1_227' title='bbox 1326 2852 1719 2936; x_wconf 87' lang='lat' dir='ltr'>persolverit,</span> <span class='ocrx_word' id='word_1_228' title='bbox 1773 2856 1988 2916; x_wconf 87' lang='lat' dir='ltr'>tamen</span> <span class='ocrx_word' id='word_1_229' title='bbox 2035 2853 2157 2917; x_wconf 89' lang='lat' dir='ltr'>erit</span> <span class='ocrx_word' id='word_1_230' title='bbox 2200 2854 2434 2919; x_wconf 85' lang='lat' dir='ltr'>amoris</span> <span class='ocrx_word' id='word_1_231' title='bbox 2491 2856 2755 2935; x_wconf 82' lang='lat' dir='ltr'>quidem</span> <span class='ocrx_word' id='word_1_232' title='bbox 2809 2886 2816 2893; x_wconf 91' lang='lat'><strong>·</strong></span> 
     </span>
     <span class='ocr_line' id='line_1_29' title="bbox 481 2938 2755 3020; baseline 0 -15"><span class='ocrx_word' id='word_1_233' title='bbox 481 2944 582 3007; x_wconf 91' lang='lat' dir='ltr'>tui</span> <span class='ocrx_word' id='word_1_234' title='bbox 626 2944 691 3005; x_wconf 91' lang='lat' dir='ltr'>et</span> <span class='ocrx_word' id='word_1_235' title='bbox 737 2942 905 3003; x_wconf 89' lang='lat' dir='ltr'>certe</span> <span class='ocrx_word' id='word_1_236' title='bbox 965 2938 1235 3015; x_wconf 89' lang='lat' dir='ltr'>consilii,</span> <span class='ocrx_word' id='word_1_237' title='bbox 1298 2943 1372 3001; x_wconf 88' lang='lat' dir='ltr'>ut</span> <span class='ocrx_word' id='word_1_238' title='bbox 1430 2960 1700 3020; x_wconf 84' lang='lat' dir='ltr'>quaeras</span> <span class='ocrx_word' id='word_1_239' title='bbox 1747 2944 1811 3002; x_wconf 91' lang='lat' dir='ltr'>et</span> <span class='ocrx_word' id='word_1_240' title='bbox 1855 2960 2027 3002; x_wconf 88' lang='lat' dir='ltr'>emas</span> <span class='ocrx_word' id='word_1_241' title='bbox 2088 2940 2444 3020; x_wconf 88' lang='lat' dir='ltr'>speciosum</span> <span class='ocrx_word' id='word_1_242' title='bbox 2517 2962 2755 3007; x_wconf 88' lang='lat' dir='ltr'>munus</span> 
     </span>
     <span class='ocr_line' id='line_1_30' title="bbox 480 3024 2755 3109; baseline 0.001 -18"><span class='ocrx_word' id='word_1_243' title='bbox 480 3027 768 3109; x_wconf 89' lang='lat' dir='ltr'>specioso</span> <span class='ocrx_word' id='word_1_244' title='bbox 825 3024 1137 3101; x_wconf 72' lang='lat' dir='ltr'>favis-sori,</span> <span class='ocrx_word' id='word_1_245' title='bbox 1196 3024 1448 3087; x_wconf 88' lang='lat' dir='ltr'>etiamsi</span> <span class='ocrx_word' id='word_1_246' title='bbox 1491 3024 1551 3086; x_wconf 94' lang='lat' dir='ltr'><strong>X</strong></span> <span class='ocrx_word' id='word_1_247' title='bbox 1606 3024 1691 3087; x_wconf 88' lang='lat' dir='ltr'>sit</span> <span class='ocrx_word' id='word_1_248' title='bbox 1745 3024 1954 3087; x_wconf 85' lang='lat' dir='ltr'>aureis</span> <span class='ocrx_word' id='word_1_249' title='bbox 2017 3024 2372 3089; x_wconf 88' lang='lat' dir='ltr'>emendum.</span> <span class='ocrx_word' id='word_1_250' title='bbox 2468 3026 2755 3094; x_wconf 81' lang='lat' dir='ltr'>Habebis</span> 
     </span>
     <span class='ocr_line' id='line_1_31' title="bbox 480 3106 2752 3207; baseline -0 -31"><span class='ocrx_word' id='word_1_251' title='bbox 480 3118 695 3177; x_wconf 87' lang='lat' dir='ltr'>autem</span> <span class='ocrx_word' id='word_1_252' title='bbox 761 3110 1214 3192; x_wconf 87' lang='lat' dir='ltr'>professionem</span> <span class='ocrx_word' id='word_1_253' title='bbox 1272 3106 1647 3202; x_wconf 85' lang='lat' dir='ltr'>signatam,</span> <span class='ocrx_word' id='word_1_254' title='bbox 1707 3110 1916 3207; x_wconf 81' lang='lat' dir='ltr'>quoad</span> <span class='ocrx_word' id='word_1_255' title='bbox 1979 3110 2166 3173; x_wconf 88' lang='lat' dir='ltr'>fidem</span> <span class='ocrx_word' id='word_1_256' title='bbox 2215 3133 2418 3176; x_wconf 89' lang='lat' dir='ltr'>meam</span> <span class='ocrx_word' id='word_1_257' title='bbox 2466 3110 2587 3175; x_wconf 87' lang='lat' dir='ltr'>tibi</span> <span class='ocrx_word' id='word_1_258' title='bbox 2632 3112 2752 3176; x_wconf 91' lang='lat' dir='ltr'>ob-</span> 
     </span>
     <span class='ocr_line' id='line_1_32' title="bbox 480 3194 2751 3278; baseline -0.001 -15"><span class='ocrx_word' id='word_1_259' title='bbox 480 3199 678 3263; x_wconf 86' lang='lat' dir='ltr'>latam</span> <span class='ocrx_word' id='word_1_260' title='bbox 726 3196 1060 3260; x_wconf 85' lang='lat' dir='ltr'>resolvero</span> <span class='ocrx_word' id='word_1_261' title='bbox 1148 3194 1294 3258; x_wconf 87' lang='lat' dir='ltr'>Non</span> <span class='ocrx_word' id='word_1_262' title='bbox 1343 3202 1405 3259; x_wconf 89' lang='lat' dir='ltr'>te</span> <span class='ocrx_word' id='word_1_263' title='bbox 1450 3198 1688 3258; x_wconf 89' lang='lat' dir='ltr'>terreat</span> <span class='ocrx_word' id='word_1_264' title='bbox 1746 3196 1898 3259; x_wconf 89' lang='lat' dir='ltr'>anni</span> <span class='ocrx_word' id='word_1_265' title='bbox 1953 3196 2252 3278; x_wconf 88' lang='lat' dir='ltr'>spatium.</span> <span class='ocrx_word' id='word_1_266' title='bbox 2345 3196 2561 3261; x_wconf 89' lang='lat' dir='ltr'>Serius</span> <span class='ocrx_word' id='word_1_267' title='bbox 2619 3219 2751 3264; x_wconf 89' lang='lat' dir='ltr'>non</span> 
     </span>
     <span class='ocr_line' id='line_1_33' title="bbox 478 3279 2754 3364; baseline -0 -16"><span class='ocrx_word' id='word_1_268' title='bbox 478 3284 590 3348; x_wconf 83' lang='lat' dir='ltr'>fiet</span> <span class='ocrx_word' id='word_1_269' title='bbox 650 3282 993 3346; x_wconf 80' lang='lat' dir='ltr'>restitutio,</span> <span class='ocrx_word' id='word_1_270' title='bbox 1086 3280 1293 3344; x_wconf 88' lang='lat' dir='ltr'>Citius</span> <span class='ocrx_word' id='word_1_271' title='bbox 1353 3302 1535 3363; x_wconf 89' lang='lat' dir='ltr'>spero</span> <span class='ocrx_word' id='word_1_272' title='bbox 1597 3281 1726 3364; x_wconf 84' lang='lat' dir='ltr'>fiet.</span> <span class='ocrx_word' id='word_1_273' title='bbox 1820 3279 2106 3345; x_wconf 88' lang='lat' dir='ltr'>&#39;limidus</span> <span class='ocrx_word' id='word_1_274' title='bbox 2151 3286 2215 3346; x_wconf 91' lang='lat' dir='ltr'>et</span> <span class='ocrx_word' id='word_1_275' title='bbox 2260 3282 2754 3349; x_wconf 87' lang='lat' dir='ltr'>cunctabundus</span> 
     </span>
     <span class='ocr_line' id='line_1_34' title="bbox 478 3366 2754 3450; baseline -0 -16"><span class='ocrx_word' id='word_1_276' title='bbox 478 3370 635 3434; x_wconf 88' lang='lat' dir='ltr'>haec</span> <span class='ocrx_word' id='word_1_277' title='bbox 682 3368 909 3445; x_wconf 88' lang='lat' dir='ltr'>scrib0‚</span> <span class='ocrx_word' id='word_1_278' title='bbox 957 3370 1021 3429; x_wconf 88' lang='lat' dir='ltr'>et</span> <span class='ocrx_word' id='word_1_279' title='bbox 1066 3366 1238 3447; x_wconf 89' lang='lat' dir='ltr'>quod</span> <span class='ocrx_word' id='word_1_280' title='bbox 1286 3366 1716 3429; x_wconf 89' lang='lat' dir='ltr'>bibliothecae</span> <span class='ocrx_word' id='word_1_281' title='bbox 1761 3387 1888 3430; x_wconf 91' lang='lat' dir='ltr'>non</span> <span class='ocrx_word' id='word_1_282' title='bbox 1936 3368 2251 3448; x_wconf 77' lang='lat' dir='ltr'>impendo,</span> <span class='ocrx_word' id='word_1_283' title='bbox 2300 3389 2429 3450; x_wconf 92' lang='lat' dir='ltr'>qua</span> <span class='ocrx_word' id='word_1_284' title='bbox 2471 3370 2754 3436; x_wconf 83' lang='lat' dir='ltr'>maxime</span> 
     </span>
     <span class='ocr_line' id='line_1_35' title="bbox 478 3452 2752 3537; baseline -0.001 -16"><span class='ocrx_word' id='word_1_285' title='bbox 478 3457 775 3531; x_wconf 88' lang='lat' dir='ltr'>delector,</span> <span class='ocrx_word' id='word_1_286' title='bbox 837 3473 1095 3533; x_wconf 83' lang='lat' dir='ltr'>erogare</span> <span class='ocrx_word' id='word_1_287' title='bbox 1155 3472 1345 3533; x_wconf 89' lang='lat' dir='ltr'>cogor</span> <span class='ocrx_word' id='word_1_288' title='bbox 1404 3454 1469 3515; x_wconf 89' lang='lat' dir='ltr'>in</span> <span class='ocrx_word' id='word_1_289' title='bbox 1533 3452 1804 3533; x_wconf 85' lang='lat' dir='ltr'>gratiam</span> <span class='ocrx_word' id='word_1_290' title='bbox 1869 3452 2403 3534; x_wconf 85' lang='lat' dir='ltr'>amplificandam,</span> <span class='ocrx_word' id='word_1_291' title='bbox 2467 3476 2592 3537; x_wconf 86' lang='lat' dir='ltr'>qua</span> <span class='ocrx_word' id='word_1_292' title='bbox 2653 3454 2752 3525; x_wconf 82' lang='lat' dir='ltr'>di-</span> 
     </span>
    </p>
   </div>
   <div class='ocr_carea' id='block_1_6' title="bbox 478 3537 2750 3675">
    <p class='ocr_par' dir='ltr' id='par_1_7' title="bbox 478 3537 2750 3675">
     <span class='ocr_line' id='line_1_36' title="bbox 478 3537 2750 3675; baseline -0 -69"><span class='ocrx_word' id='word_1_293' title='bbox 478 3544 695 3623; x_wconf 86' lang='lat' dir='ltr'>gnitas</span> <span class='ocrx_word' id='word_1_294' title='bbox 729 3538 1314 3675; x_wconf 39' lang='lat' dir='ltr'>nzsganrffelcfligue</span> <span class='ocrx_word' id='word_1_295' title='bbox 1341 3538 1618 3601; x_wconf 89' lang='lat' dir='ltr'>fulcitur.</span> <span class='ocrx_word' id='word_1_296' title='bbox 1696 3537 1866 3601; x_wconf 89' lang='lat' dir='ltr'>Vale.</span> <span class='ocrx_word' id='word_1_297' title='bbox 1945 3537 2152 3601; x_wconf 88' lang='lat' dir='ltr'>Eidib.</span> <span class='ocrx_word' id='word_1_298' title='bbox 2185 3538 2397 3603; x_wconf 87' lang='lat' dir='ltr'>Juniis</span> <span class='ocrx_word' id='word_1_299' title='bbox 2427 3539 2750 3613; x_wconf 85' lang='lat' dir='ltr'><strong>MDX1111.</strong></span> 
     </span>
     <span class='ocr_line' id='line_1_37' title="bbox 828 3637 1044 3674; baseline -0.005 0"><span class='ocrx_word' id='word_1_300' title='bbox 828 3638 857 3674; x_wconf 93' lang='lat'>0</span> <span class='ocrx_word' id='word_1_301' title='bbox 990 3637 1044 3673; x_wconf 81' lang='grc' dir='ltr'>ΥΟ</span> 
     </span>
    </p>
   </div>
   <div class='ocr_carea' id='block_1_7' title="bbox 478 3742 2750 3829">
    <p class='ocr_par' dir='ltr' id='par_1_8' title="bbox 478 3742 2750 3829">
     <span class='ocr_line' id='line_1_38' title="bbox 478 3742 2750 3829; baseline 0.002 -16"><span class='ocrx_word' id='word_1_302' title='bbox 478 3761 709 3829; x_wconf 78' lang='lat' dir='ltr'>(cotha.)</span> <span class='ocrx_word' id='word_1_303' title='bbox 1531 3742 1676 3805; x_wconf 83' lang='lat'><strong>366.</strong></span> <span class='ocrx_word' id='word_1_304' title='bbox 2321 3760 2400 3811; x_wconf 91' lang='lat'>13.</span> <span class='ocrx_word' id='word_1_305' title='bbox 2434 3760 2561 3812; x_wconf 85' lang='lat' dir='ltr'>Juni</span> <span class='ocrx_word' id='word_1_306' title='bbox 2601 3762 2750 3819; x_wconf 74' lang='lat'><strong>1514.</strong></span> 
     </span>
    </p>
   </div>
   <div class='ocr_carea' id='block_1_8' title="bbox 1074 3849 2167 4110">
    <p class='ocr_par' dir='ltr' id='par_1_9' title="bbox 1074 3849 2167 4110">
     <span class='ocr_line' id='line_1_39' title="bbox 1219 3849 2007 3920; baseline 0.003 -2"><span class='ocrx_word' id='word_1_307' title='bbox 1219 3850 1510 3920; x_wconf 84' lang='lat' dir='ltr'>Mutian</span> <span class='ocrx_word' id='word_1_308' title='bbox 1556 3870 1655 3919; x_wconf 83' lang='lat' dir='ltr'>an</span> <span class='ocrx_word' id='word_1_309' title='bbox 1696 3849 2007 3920; x_wconf 77' lang='lat' dir='ltr'>Urban.⁷</span> 
     </span>
     <span class='ocr_line' id='line_1_40' title="bbox 1222 3960 2008 4029; baseline 0.001 -16"><span class='ocrx_word' id='word_1_310' title='bbox 1222 3960 1589 4029; x_wconf 75' lang='lat' dir='ltr'>(Handschein</span> <span class='ocrx_word' id='word_1_311' title='bbox 1623 3960 1754 4013; x_wconf 71' lang='lat' dir='ltr'>iiber</span> <span class='ocrx_word' id='word_1_312' title='bbox 1789 3961 1858 4013; x_wconf 89' lang='lat'>10</span> <span class='ocrx_word' id='word_1_313' title='bbox 1900 3961 2008 4027; x_wconf 77' lang='lat' dir='ltr'>Gt.)</span> 
     </span>
     <span class='ocr_line' id='line_1_41' title="bbox 1074 4059 2167 4110; baseline 0.001 -2"><span class='ocrx_word' id='word_1_314' title='bbox 1074 4060 1403 4110; x_wconf 69' lang='lat' dir='ltr'>mutianus</span> <span class='ocrx_word' id='word_1_315' title='bbox 1437 4060 1694 4110; x_wconf 76' lang='lat' dir='ltr'>Urbano</span> <span class='ocrx_word' id='word_1_316' title='bbox 1732 4070 1844 4109; x_wconf 84' lang='lat' dir='ltr'>suo</span> <span class='ocrx_word' id='word_1_317' title='bbox 1881 4059 2167 4109; x_wconf 77' lang='lat' dir='ltr'>salutem.</span> 
     </span>
    </p>
   </div>
   <div class='ocr_carea' id='block_1_9' title="bbox 682 4152 2750 4234">
    <p class='ocr_par' dir='ltr' id='par_1_10' title="bbox 682 4152 2750 4234">
     <span class='ocr_line' id='line_1_42' title="bbox 682 4152 2750 4234; baseline 0.001 -17"><span class='ocrx_word' id='word_1_318' title='bbox 682 4153 895 4217; x_wconf 84' lang='lat' dir='ltr'>Debeo</span> <span class='ocrx_word' id='word_1_319' title='bbox 958 4154 1079 4217; x_wconf 89' lang='lat' dir='ltr'>tibi</span> <span class='ocrx_word' id='word_1_320' title='bbox 1143 4154 1357 4217; x_wconf 90' lang='lat' dir='ltr'>decem</span> <span class='ocrx_word' id='word_1_321' title='bbox 1421 4176 1649 4217; x_wconf 85' lang='lat' dir='ltr'>aureos</span> <span class='ocrx_word' id='word_1_322' title='bbox 1704 4156 1928 4218; x_wconf 89' lang='lat' dir='ltr'>mutuo</span> <span class='ocrx_word' id='word_1_323' title='bbox 1996 4152 2150 4216; x_wconf 78' lang='lat' dir='ltr'>mihi</span> <span class='ocrx_word' id='word_1_324' title='bbox 2200 4152 2404 4230; x_wconf 68' lang='lat' dir='ltr'>dat-oa,</span> <span class='ocrx_word' id='word_1_325' title='bbox 2451 4174 2628 4234; x_wconf 77' lang='lat' dir='ltr'>quoe,</span> <span class='ocrx_word' id='word_1_326' title='bbox 2679 4158 2750 4221; x_wconf 85' lang='lat' dir='ltr'>ut</span> 
     </span>
    </p>
   </div>
   <div class='ocr_carea' id='block_1_10' title="bbox 477 4286 2748 4560">
    <p class='ocr_par' dir='ltr' id='par_1_11' title="bbox 477 4286 2748 4560">
     <span class='ocr_line' id='line_1_43' title="bbox 618 4286 2748 4357; baseline 0.002 -18"><span class='ocrx_word' id='word_1_327' title='bbox 618 4290 631 4320; x_wconf 88' lang='lat'><strong>¹</strong></span> <span class='ocrx_word' id='word_1_328' title='bbox 673 4288 791 4355; x_wconf 87' lang='lat' dir='ltr'>Vgl.</span> <span class='ocrx_word' id='word_1_329' title='bbox 830 4288 882 4341; x_wconf 83' lang='lat' dir='ltr'>S.</span> <span class='ocrx_word' id='word_1_330' title='bbox 918 4288 1020 4341; x_wconf 82' lang='grc'>428</span> <span class='ocrx_word' id='word_1_331' title='bbox 1055 4290 1117 4341; x_wconf 86' lang='grc' dir='ltr'>Α.</span> <span class='ocrx_word' id='word_1_332' title='bbox 1156 4288 1205 4342; x_wconf 87' lang='grc'>6.</span> <span class='ocrx_word' id='word_1_333' title='bbox 1347 4288 1368 4320; x_wconf 80' lang='lat'>²</span> <span class='ocrx_word' id='word_1_334' title='bbox 1402 4287 1876 4340; x_wconf 80' lang='lat' dir='ltr'>Wahrscheinlich</span> <span class='ocrx_word' id='word_1_335' title='bbox 1929 4287 2013 4339; x_wconf 89' lang='lat' dir='ltr'>ein</span> <span class='ocrx_word' id='word_1_336' title='bbox 2064 4286 2254 4341; x_wconf 83' lang='lat' dir='ltr'>Brevis</span> <span class='ocrx_word' id='word_1_337' title='bbox 2297 4286 2384 4339; x_wconf 85' lang='lat' dir='ltr'>fiir</span> <span class='ocrx_word' id='word_1_338' title='bbox 2432 4288 2526 4339; x_wconf 84' lang='lat' dir='ltr'>das</span> <span class='ocrx_word' id='word_1_339' title='bbox 2575 4286 2748 4357; x_wconf 78' lang='lat' dir='ltr'>Opfer.</span> 
     </span>
     <span class='ocr_line' id='line_1_44' title="bbox 477 4354 2748 4424; baseline 0.001 -16"><span class='ocrx_word' id='word_1_340' title='bbox 477 4354 527 4408; x_wconf 79' lang='lat' dir='ltr'>S.</span> <span class='ocrx_word' id='word_1_341' title='bbox 566 4357 667 4409; x_wconf 88' lang='grc'>346</span> <span class='ocrx_word' id='word_1_342' title='bbox 704 4360 767 4408; x_wconf 88' lang='lat' dir='ltr'>A.</span> <span class='ocrx_word' id='word_1_343' title='bbox 809 4360 853 4411; x_wconf 87' lang='lat'>1.</span> <span class='ocrx_word' id='word_1_344' title='bbox 925 4356 1011 4411; x_wconf 93' lang='lat' dir='ltr'>Br.</span> <span class='ocrx_word' id='word_1_345' title='bbox 1052 4356 1169 4409; x_wconf 88' lang='lat'>340.</span> <span class='ocrx_word' id='word_1_346' title='bbox 1278 4357 1298 4387; x_wconf 82' lang='lat'><strong>³</strong></span> <span class='ocrx_word' id='word_1_347' title='bbox 1332 4354 1652 4409; x_wconf 84' lang='lat' dir='ltr'>Prokurator</span> <span class='ocrx_word' id='word_1_348' title='bbox 1686 4356 1882 4410; x_wconf 82' lang='lat' dir='ltr'>Sohilo.</span> <span class='ocrx_word' id='word_1_349' title='bbox 1954 4356 2068 4424; x_wconf 83' lang='lat' dir='ltr'>Vgl.</span> <span class='ocrx_word' id='word_1_350' title='bbox 2107 4356 2159 4409; x_wconf 78' lang='lat' dir='ltr'>S.</span> <span class='ocrx_word' id='word_1_351' title='bbox 2198 4355 2300 4408; x_wconf 84' lang='lat'>428</span> <span class='ocrx_word' id='word_1_352' title='bbox 2337 4358 2398 4409; x_wconf 93' lang='lat' dir='ltr'>A.</span> <span class='ocrx_word' id='word_1_353' title='bbox 2437 4358 2484 4409; x_wconf 86' lang='lat'>5.</span> <span class='ocrx_word' id='word_1_354' title='bbox 2593 4358 2612 4388; x_wconf 84' lang='lat'><strong>⁴</strong></span> <span class='ocrx_word' id='word_1_355' title='bbox 2649 4356 2748 4415; x_wconf 86' lang='lat' dir='ltr'>Eiu</span> 
     </span>
     <span class='ocr_line' id='line_1_45' title="bbox 478 4423 2748 4491; baseline 0.003 -16"><span class='ocrx_word' id='word_1_356' title='bbox 478 4423 770 4476; x_wconf 74' lang='lat' dir='ltr'>Gemaldo‘?</span> <span class='ocrx_word' id='word_1_357' title='bbox 877 4426 898 4456; x_wconf 81' lang='lat'><strong>⁶</strong></span> <span class='ocrx_word' id='word_1_358' title='bbox 932 4424 1226 4491; x_wconf 80' lang='lat' dir='ltr'>Pseffinger,</span> <span class='ocrx_word' id='word_1_359' title='bbox 1264 4423 1411 4476; x_wconf 88' lang='lat' dir='ltr'>Kurf.</span> <span class='ocrx_word' id='word_1_360' title='bbox 1450 4424 1569 4477; x_wconf 86' lang='lat' dir='ltr'>Rat.</span> <span class='ocrx_word' id='word_1_361' title='bbox 1642 4425 1693 4477; x_wconf 87' lang='lat' dir='ltr'>S.</span> <span class='ocrx_word' id='word_1_362' title='bbox 1731 4427 1766 4477; x_wconf 88' lang='lat'>4</span> <span class='ocrx_word' id='word_1_363' title='bbox 1803 4429 1864 4477; x_wconf 85' lang='lat' dir='ltr'>A.</span> <span class='ocrx_word' id='word_1_364' title='bbox 1904 4425 1951 4479; x_wconf 82' lang='lat'>2.</span> <span class='ocrx_word' id='word_1_365' title='bbox 2060 4426 2083 4457; x_wconf 75' lang='lat'>⁶</span> <span class='ocrx_word' id='word_1_366' title='bbox 2117 4424 2460 4477; x_wconf 85' lang='lat' dir='ltr'>Handschein</span> <span class='ocrx_word' id='word_1_367' title='bbox 2493 4425 2626 4477; x_wconf 80' lang='lat' dir='ltr'>iiber</span> <span class='ocrx_word' id='word_1_368' title='bbox 2663 4426 2748 4481; x_wconf 77' lang='lat' dir='ltr'>dio</span> 
     </span>
     <span class='ocr_line' id='line_1_46' title="bbox 477 4491 2745 4560; baseline 0.001 -18"><span class='ocrx_word' id='word_1_369' title='bbox 477 4492 723 4560; x_wconf 88' lang='lat' dir='ltr'>geborgte</span> <span class='ocrx_word' id='word_1_370' title='bbox 771 4491 1003 4544; x_wconf 85' lang='lat' dir='ltr'>Summe.</span> <span class='ocrx_word' id='word_1_371' title='bbox 1076 4491 1126 4545; x_wconf 84' lang='lat' dir='ltr'>S.</span> <span class='ocrx_word' id='word_1_372' title='bbox 1182 4491 1301 4559; x_wconf 80' lang='lat' dir='ltr'>folg.</span> <span class='ocrx_word' id='word_1_373' title='bbox 1353 4492 1628 4545; x_wconf 86' lang='lat' dir='ltr'>Nummer.</span> <span class='ocrx_word' id='word_1_374' title='bbox 1773 4495 1791 4526; x_wconf 77' lang='lat'>&#39;¹</span> <span class='ocrx_word' id='word_1_375' title='bbox 1827 4494 1910 4545; x_wconf 89' lang='lat' dir='ltr'>Im</span> <span class='ocrx_word' id='word_1_376' title='bbox 1961 4492 2083 4547; x_wconf 86' lang='lat' dir='ltr'>Cod.</span> <span class='ocrx_word' id='word_1_377' title='bbox 2139 4493 2436 4560; x_wconf 71' lang='lat' dir='ltr'>angehiingt</span> <span class='ocrx_word' id='word_1_378' title='bbox 2483 4493 2619 4545; x_wconf 88' lang='lat' dir='ltr'>ohne</span> <span class='ocrx_word' id='word_1_379' title='bbox 2657 4494 2745 4547; x_wconf 86' lang='lat' dir='ltr'>be·-</span> 
     </span>
    </p>
   </div>
   <div class='ocr_carea' id='block_1_11' title="bbox 481 4258 893 4267">
    <p class='ocr_par' dir='ltr' id='par_1_12' title="bbox 481 4258 893 4267">
     <span class='ocr_line' id='line_1_47' title="bbox 481 4258 893 4267; baseline 0 628"><span class='ocrx_word' id='word_1_380' title='bbox 481 4258 893 4267; x_wconf 95' lang='lat' dir='ltr'> </span> 
     </span>
    </p>
   </div>
   <div class='ocr_carea' id='block_1_12' title="bbox 2975 3342 3001 4746">
    <p class='ocr_par' dir='ltr' id='par_1_13' title="bbox 2975 3342 3001 4746">
     <span class='ocr_line' id='line_1_48' title="bbox 2975 3342 3001 4746; baseline 0 0"><span class='ocrx_word' id='word_1_381' title='bbox 2975 3342 3001 4746; x_wconf 95' lang='lat' dir='ltr'> </span> 
     </span>
    </p>
   </div>
  </div>
 </body>
</html>
