3084 4895
504 410 635 483 546
1345 420 1530 475 Bn’ele
1557 416 1651 474 doe
1686 416 1737 477 J.
1776 420 1926 478 1515.

1355 590 1604 655 Genius
1646 594 1939 673 agrestia.

871 676 1140 741 Garrula
1188 676 1430 741 divitiis
1478 678 1683 741 nutrit.
1726 678 1905 740 Jovis
1950 676 2097 741 aula
2142 683 2428 761 nepoteS.

951 759 1124 825 Vaeh
1171 761 1320 836 tibi,
1365 763 1478 843 qui
1522 784 1702 825 sacra
1746 762 2090 826 luxuriaris
2136 785 2273 845 ope.

723 844 902 911 Talia
969 868 1111 911 cum
1182 844 1432 910 Euritio
1501 852 1720 911 nostro
1788 846 2105 911 ludebam.
2196 848 2225 911 I
2270 871 2463 927 nunc,
2534 848 2802 913 Eobane

517 930 883 1008 Schwane,'
935 936 1000 995 et
1043 931 1203 995 vade
1250 930 1456 1013 plane.
1550 930 1659 995 Sic
1707 953 1821 995 nos
1868 932 2030 995 sacri
2076 953 2299 997 sumus
2330 956 2479 997 sues
2512 939 2581 997 et
2613 936 2800 1011 asini,

516 1024 592 1083 ut.
637 1018 954 1091 interdum
1005 1017 1204 1081 simus
1249 1018 1492 1081 amasii.

819 1116 943 1169 Cod.
980 1114 1114 1169 Frcf.
1152 1114 1275 1170 477.

509 1252 746 1323 (eoum)
1570 1236 1717 1298 481.
2062 1250 2143 1317 (Ε.
2180 1250 2290 1305 Mai
2326 1252 2407 1307 od.
2445 1252 2579 1305 Juni
2616 1254 2801 1322 1515.)

1270 1340 1565 1415 Mutian
1608 1362 1705 1413 an
1750 1340 2031 1413 Urban.

513 1454 758 1524 (Prende,
796 1432 924 1507 dci-ss
971 1452 1156 1511 Urbem
1190 1452 1282 1505 ein
1328 1452 1647 1522 Verteidiqer
1680 1451 1980 1507 Reuehlins
2009 1470 2169 1527 qeqen
2201 1454 2302 1506 den
2336 1452 2687 1517 „Sckreiber“
2712 1456 2801 1519 ist,

819 1523 912 1575 der
946 1520 1238 1575 Remmius
1272 1522 1679 1575 versehlossenes
1724 1522 2023 1575 Gutachten
2054 1522 2330 1589 mitqeteilt
2363 1522 2493 1585 hat.)

606 1618 967 1670 Praestanti
1004 1619 1068 1668 et
1107 1616 1352 1668 erudito
1388 1619 1559 1677 patri
1591 1618 1674 1668 Η.
1710 1618 1988 1676 Urbano,
2022 1631 2153 1668 non
2184 1619 2391 1667 minus
2426 1619 2705 1678 sapienti

966 1697 1298 1736 oeconomo
1335 1698 1522 1745 quam
1555 1686 1681 1735 fido
1718 1688 1915 1736 amico
1954 1683 2064 1752 (M.
2099 1684 2347 1752 Rufus).
2708 1744 2719 1753 ῃ

727 1778 786 1843 S.
881 1778 1246 1842 Incredibili
1292 1801 1390 1843 me
1437 1778 1644 1843 afficis
1686 1779 1953 1855 laetitia,
2016 1780 2285 1861 primum
2335 1778 2505 1861 quod
2556 1777 2801 1859 Capni-

513 1866 656 1928 onis
731 1886 961 1928 nomen
1031 1864 1336 1927 adversus
1401 1866 1757 1947 gregariam
1824 1863 2127 1948 pennam²
2194 1866 2413 1942 tueriS,
2486 1863 2803 1940 illustrem,

519 1971 739 2031 augea,
788 1950 1110 2029 aspirante
1157 1947 1653 2030 Engelmanno‚⁸
1702 1950 1834 2013 viro
1880 1948 2385 2031 incomparabili,
2447 1949 2583 2011 sive
2644 1970 2804 2012 can-

523 2034 738 2098 dorem
787 2034 920 2097 sive
968 2032 1368 2115 prudentiam
1442 2035 1781 2117 inspicias;
1828 2034 2054 2098 deinde
2084 2046 2113 2075 ⁸
2172 2035 2343 2115 quod
2389 2055 2529 2097 mea
2577 2036 2803 2097 omnia

519 2120 641 2184 tibi
689 2140 874 2182 curae
935 2122 1106 2195 sunt,
1164 2119 1292 2181 imo
1338 2142 1476 2205 mea
1523 2124 1590 2182 et
1635 2118 1951 2201 Spalatini
2016 2118 2305 2201 negotia⁸
2351 2140 2425 2182 eo
2472 2118 2801 2195 sublevaS,

518 2210 591 2268 ut
661 2209 932 2285 uterque
1008 2207 1295 2271 nostrum
1335 2280 1342 2285 .
1376 2205 1714 2285 plurimum
1785 2206 1906 2268 tibi
1972 2227 2125 2289 prae
2196 2205 2421 2267 ceteris
2488 2204 2803 2267 omnibus

524 2290 771 2353 debeat.
887 2288 1081 2364 Quem
1157 2290 1521 2369 quaerimus
1596 2290 1791 2353 aliurn
1868 2289 2215 2371 adjutorem
2297 2288 2493 2372 (quod
2560 2293 2663 2351 est
2732 2291 2802 2352 in

524 2375 734 2438 media
801 2373 960 2453 vita)
1028 2374 1154 2436 nisi
1219 2379 1303 2452 te,
1373 2374 1675 2438 domine?
1790 2377 1997 2460 Atque
2074 2377 2318 2439 utinam
2385 2374 2577 2456 hujus
2642 2379 2803 2437 tuae

525 2459 948 2542 benignitatis
1011 2461 1286 2524 fructum
1350 2461 1625 2542 aliquem
1672 2459 1792 2523 ‘tibi
1840 2461 2061 2524 afferre
2118 2462 2453 2543 possimus,
2546 2457 2803 2524 Collec-

522 2551 714 2610 tanea
782 2546 1220 2626 parabolarum
1286 2569 1364 2607 ex
1426 2543 1771 2609 Plutarcho
1818 2550 1882 2609 et,
1935 2545 2195 2624 Seneca,
2264 2545 2373 2608 sed
2442 2543 2804 2609 bellissime

525 2632 830 2695 investita
898 2631 1168 2694 artificio
1224 2630 1470 2694 Erasmi
1539 2631 1996 2712 elegantiarum
2070 2631 2379 2713 ejusmodi
2441 2630 2802 2694 observan-

521 2715 804 2794 tissimi,⁵
876 2716 967 2779 sic
1035 2716 1260 2798 legam,
1323 2720 1397 2780 ut
1455 2716 1753 2794 ediscam‚
1815 2716 1906 2780 sic
1966 2716 2215 2780 habebo
2279 2720 2353 2779 ut,
2396 2715 2801 2792 thesaurum,

525 2801 714 2865 modo
776 2803 1048 2885 pretium
1120 2799 1282 2863 infer
1349 2801 1550 2864 diario
1618 2806 1753 2876 tuo,
1822 2803 1990 2882 quod
2058 2798 2434 2865 Mercurius⁸
2504 2801 2803 2882 accipere

526 2887 753 2950 noluit.
853 2885 1363 2968 „Prostibulum“
1414 2887 1743 2966 gregariae
1787 2909 2034 2968 pennae
2079 2887 2339 2968 perinde
2384 2889 2483 2949 est
2524 2885 2687 2948 mihi
2722 2907 2802 2950 ac

525 2973 580 3035 si
660 2971 897 3035 diceret
969 2969 1212 3034 Mutius
1284 2972 1430 3052 legi,
1505 2971 1836 3035 Mutianus
1909 2994 2037 3036 non
2113 2971 2257 3052 legi,
2342 2972 2442 3034 vel
2514 2969 2801 3033 Heliaeb

519 3055 833 3120 Eobano.⁷
924 3057 1056 3119 Iste
1115 3061 1386 3119 nasutas
1441 3057 1731 3120 notarius
1792 3057 1981 3120 nimis
2028 3063 2123 3120 est.
2168 3057 2557 3120 temerarius,
2645 3055 2801 3121 Emi

521 3163 724 3224 nuper
771 3143 980 3223 pueris
1026 3141 1183 3204 meis
1229 3141 1556 3223 cujusdam
1594 3142 1960 3222 Hieronymi
1992 3141 2343 3222 Cingularii
2376 3141 2798 3222 Synonyma.⁸

524 3228 593 3291 In
643 3227 770 3290 illis
815 3227 976 3290 forte
1023 3226 1144 3290 hoc
1189 3228 1376 3291 modo
1422 3227 1764 3308 scriptum:
1828 3227 2142 3305 „glut-lyons}
2202 3227 2493 3309 lupanar,
2552 3225 2792 3302 fornix,

518 3311 974 3396 prostibulum,
1049 3334 1344 3393 ganeum,
1420 3312 1691 3376 taberna
1764 3312 2105 3389 meritoria,
2180 3313 2337 3376 cella
2412 3312 2789 3376 meretricia.

655 3462 682 3490 ⁸
710 3446 849 3500 dein·
871 3445 1018 3498 Tem.
1157 3448 1188 3486 b
1214 3444 1369 3496 helie.

660 3518 678 3549 ²
713 3515 834 3584 Vgl.
873 3515 960 3568 die
995 3512 1290 3567 Aufschrift
1325 3513 1380 3566 in
1415 3512 1504 3566 ΒΓ.
1541 3511 1662 3565 476.
1734 3511 1834 3564 Die
1868 3511 2055 3564 Reime
2092 3511 2333 3564 erinnem
2366 3527 2436 3565 an
2470 3511 2555 3564 die
2584 3510 2793 3568 Manier

520 3584 614 3637 der
647 3583 1092 3638 Dunkelmanner.
1191 3582 1211 3614 ²
1245 3579 1619 3634 Verachtliohe
1655 3579 2031 3648 Bezeichnung
2066 3580 2159 3633 des
2194 3579 2428 3634 Mainzer
2461 3577 2786 3646 SchreiberS,

519 3653 614 3705 der
647 3652 938 3710 Reuchlins
971 3649 1316 3718 versiegeltes
1357 3649 1657 3702 Gutachten
1692 3663 1759 3700 an
1794 3647 2118 3700 Pfefferkorn
2152 3647 2399 3716 gegeben.
2470 3647 2590 3716 Vgl.
2612 3647 2661 3702 S.
2685 3649 2789 3702 504

521 3723 582 3774 A.
621 3723 654 3776 6
691 3721 857 3774 sowie
893 3719 978 3772 ΒΓ.
1021 3719 1138 3771 514.
1212 3718 1312 3770 Die
1336 3717 1661 3784 Bandglosse
1695 3716 1753 3768 in
1787 3717 2057 3768 letzberem
2093 3716 2184 3770 Br.
2218 3718 2380 3769 nennt
2412 3717 2507 3768 ihn
2542 3716 2786 3770 Grecker.

590 3791 611 3822 ³
645 3789 696 3842 S.
735 3789 836 3843 206
873 3793 934 3841 A.
973 3787 1020 3842 2.
1165 3787 1186 3818 ⁴
1221 3785 1376 3838 Seiae
1427 3784 2083 3853 Diplomsangelegenheit.
2154 3784 2241 3838 ΒΥ.
2278 3785 2395 3838 463.
2540 3787 2561 3817 ⁵
2596 3784 2646 3838 S.
2685 3785 2789 3838 543

520 3859 581 3910 A.
619 3860 668 3910 4.
809 3859 831 3890 ⁶
867 3855 918 3910 S.
956 3856 1055 3909 507
1093 3856 1154 3906 A.
1196 3854 1246 3906 2.
1389 3855 1408 3886 ⁷
1443 3853 1599 3906 Nach
1648 3854 1769 3905 dem
1818 3852 2117 3920 Folgenden
2168 3853 2315 3904 hatte
2368 3854 2463 3904 der
2508 3851 2789 3906 Schreiber

521 3941 646 3978 vom
682 3926 866 3978 Worte
902 3922 1256 3991 prostibulum
1293 3937 1394 3973 nur
1428 3922 1513 3973 die
1549 3921 1866 3989 Bcdeutung
1899 3921 2133 3988 lupanar,
2179 3921 2328 3972 nicht
2362 3920 2499 3973 auoh
2534 3921 2789 3973 meretrix

519 3995 762 4060 gakannt.
836 3993 944 4044 Das
991 3992 1195 4044 kommt
1241 3989 1446 4042 Mutian
1493 4005 1604 4054 vor,
1656 3987 1734 4042 als
1770 4005 1923 4042 wenn
1958 4005 2081 4042 man
2116 3988 2319 4041 Mutius
2353 3990 2461 4040 und
2498 3987 2787 4050 MutianuS,

521 4061 712 4114 Helius
747 4061 857 4113 und
892 4059 1140 4113 Eobanus
1175 4059 1260 4109 fiir
1293 4057 1673 4113 verschiedene
1710 4057 1975 4110 Personen
2010 4057 2190 4110 halten
2224 4057 2417 4110 wollte.
2475 4057 2575 4108 Die
2602 4057 2788 4110 Worte

520 4131 625 4197 legi
665 4131 774 4182 und
810 4145 910 4181 non
947 4127 1051 4196 legi
1087 4127 1207 4179 sind
1251 4125 1512 4178 demnach
1549 4125 1601 4177 in
1640 4125 2216 4194 Anfiihrungsstrichen
2253 4141 2319 4178 zu
2356 4125 2573 4177 denken.
2646 4125 2790 4178 Oder

520 4202 684 4251 etwa:
725 4241 736 4252 .
767 4239 778 4250 .
808 4238 818 4250 .
859 4197 1084 4249 diceret:
1121 4194 1374 4247 »Mutius«
1409 4194 1529 4261 legi,
1566 4194 1885 4247 »mutianus«
1920 4209 2023 4246 non
2059 4194 2178 4262 legi,
2214 4193 2300 4246 vel
2338 4193 2573 4246 «Heliaex
2621 4193 2788 4262 (legi),

521 4266 784 4318 »Eobano«
843 4269 965 4332 (non
1021 4263 1186 4332 legi)‘?
1261 4263 1413 4314 Dann
1470 4263 1747 4315 bedente-te
1796 4277 1879 4315 es:
1928 4278 1987 4314 er
2020 4263 2181 4315 kannt
2213 4263 2299 4314 fiir
2327 4263 2477 4330 jedes
2512 4261 2654 4329 Ding
2686 4277 2791 4314 nm·

519 4336 718 4386 einen
774 4333 995 4386 Namen.
1138 4333 1158 4364 ⁸
1195 4331 1294 4384 Ein
1348 4335 1626 4398 grammat.
1681 4331 1962 4383 Lehrbuch
2014 4332 2107 4384 des
2162 4329 2373 4384 Hieron.
2430 4328 2644 4383 Giirtler
2688 4343 2789 4382 aus

521 4403 795 4469 Goldberg,
832 4401 1128 4468 Lpz.1515.
1185 4399 1302 4468 Vgl.
1341 4399 1583 4466 Baueh,
1620 4399 1777 4452 Laur.
1816 4399 2085 4454 (brviriua.
2124 4399 2311 4468 (Bresl.
2352 4398 2507 4468 1883)
2532 4397 2584 4451 S.
2606 4397 2787 4452 288ff.
