3084 4895
442 401 527 484 48
892 391 897 396 ⁵
1209 399 1385 470 Briefe
1421 431 1521 470 von
1564 404 1918 472 1505—1508.

448 605 677 677 (Gotha.)
1511 588 1614 652 42.
2125 606 2230 673 ·-(n.
2271 608 2318 658 1.
2354 606 2478 660 Dez.
2519 607 2691 680 1505.)

1182 715 1471 786 Mutian
1515 736 1614 785 an
1658 713 1937 786 Urban.

912 845 1093 914 (Gebet
1124 844 1246 912 stirs
1288 845 1541 913 Gelinyen
1573 845 1662 898 des
1696 845 2218 915 Boicheryeschc'iftes.)

842 960 1012 1010 Hero
1040 971 1068 999 ⁸
1103 961 1380 1021 Urbano,
1415 962 1614 1012 amico
1651 963 1919 1022 egregie,
1953 963 2042 1013 M.
2077 961 2299 1014 Rufus.

653 1069 715 1134 S.
810 1070 911 1134 Dii
957 1076 1181 1153 coepta
1226 1071 1555 1136 felicitent.
1645 1071 1814 1136 Eant
1872 1075 2021 1138 tuae
2066 1076 2130 1137 et
2177 1071 2489 1156 Spalatini
2549 1097 2688 1138 cum

446 1160 600 1227 meis
646 1159 871 1222 dextro
918 1157 1091 1239 pede.
1184 1158 1407 1222 Verum
1455 1163 1527 1222 ut
1571 1159 1856 1222 inventio
1901 1160 1987 1222 sit
2030 1164 2261 1238 vestra,
2325 1182 2469 1224 nam
2525 1163 2693 1244 prior

444 1246 552 1310 illa
598 1266 736 1308 mea
782 1245 949 1306 sicca
994 1248 1105 1306 est.
1196 1243 1365 1320 Vale,
1414 1244 1605 1323 salve,
1652 1245 1843 1308 decus
1889 1245 2225 1310 amicitiae.
2256 1247 2284 1285 ¹³

748 1344 870 1399 Cod.
908 1343 1039 1396 Frcf.
1079 1344 1160 1398 50.

438 1499 690 1568 Venedig.
1511 1484 1614 1548 43.
2237 1501 2317 1555 22.
2355 1500 2503 1554 Febr.
2543 1501 2690 1556 1506.

988 1611 1657 1683 Aldus-Manutius
1701 1633 1798 1682 an
1844 1612 2145 1683 Urban.¹

438 1745 463 1810 (
475 1742 853 1809 Versichmny
899 1741 1072 1794 seiner
1124 1741 1510 1808 Weunckclmft
1554 1742 1670 1794 und
1713 1741 1869 1807 Bina,
1922 1743 2018 1811 Γᾶν
2067 1745 2185 1796 sein
2231 1758 2436 1810 yrosses
2503 1739 2688 1793 Umer-

1290 1811 1509 1864 owhwwn
1544 1828 1620 1864 zu
1653 1811 1830 1879 beten.)

522 1929 750 1979 Herico
788 1928 1063 1986 Urbane,
1102 1927 1163 1977 S.
1198 1927 1505 1978 Bernardi
1540 1928 1852 1978 sacerdoti
1885 1926 2242 1979 venerando
2278 1941 2351 1980 ac
2387 1939 2612 1987 magna.

805 2013 1083 2064 doctrina.
1117 2014 1365 2073 homini,
1399 2013 1604 2063 Aldus
1638 2014 1963 2064 Manutius
1995 2014 2327 2064 Romanum

652 2123 717 2189 S.
810 2123 1166 2189 Matianum
1223 2124 1459 2189 Rufum
1515 2129 1772 2208 propter
1816 2124 2018 2208 ipsius
2063 2124 2420 2188 doctrinam
2465 2129 2531 2186 et
2573 2122 2690 2185 hu-

444 2213 815 2276 manitatem
862 2222 1005 2274 amo
1052 2211 1453 2275 vehementer
1499 2213 1683 2294 eique
1729 2211 1956 2275 debere
1999 2211 2220 2286 fateor,
2264 2217 2400 2274 tum
2434 2208 2584 2290 quia
2616 2209 2692 2271 de

441 2322 539 2364 me
587 2320 712 2362 non
761 2299 1011 2361 desinat
1054 2297 1216 2361 bene
1249 2298 1469 2372 dicere,
1502 2309 1527 2336 ⁰
1574 2306 1707 2362 tum
1743 2299 1955 2375 etiam,
1988 2298 2139 2380 quia
2172 2303 2236 2361 te
2266 2296 2423 2360 mihi
2455 2296 2692 2360 sanctis

445 2386 727 2451 moribus
773 2388 838 2449 et
882 2385 1171 2447 doctrina
1215 2388 1507 2449 ornatum
1557 2386 1757 2449 virum
1805 2385 2074 2449 amicum
2114 2383 2332 2449 fecerit
2377 2383 2510 2446 suis
2553 2381 2691 2446 lau-

446 2474 649 2536 dibus,
740 2471 1158 2547 Quamobrem
1210 2472 1332 2534 nisi
1378 2476 1441 2535 te
1488 2476 1552 2535 et
1596 2470 1951 2536 Matianum
2013 2478 2076 2535 et
2131 2470 2530 2553 Spalatinum
2578 2468 2690 2532 ad-

440 2560 695 2623 modum
744 2580 932 2639 quam
983 2558 1204 2621 doctos
1252 2558 1418 2621 viros
1464 2564 1527 2621 et
1576 2560 1697 2621 mei
1741 2557 2215 2621 amantissimos
2263 2579 2386 2620 non
2431 2556 2688 2635 diligam

438 2645 662 2722 solum,
709 2645 815 2708 sed
862 2644 1202 2727 plurimum
1264 2666 1517 2727 quoque
1573 2645 1910 2719 redamem‚
1967 2644 2084 2707 sim
2132 2645 2411 2707 omnium
2473 2641 2690 2723 ingra-

440 2734 744 2796 tissimus.
836 2729 958 2794 Sed
1007 2740 1069 2793 et
1114 2751 1254 2796 amo
1309 2752 1422 2794 vos
1468 2735 1531 2794 et
1578 2753 1839 2795 veneror
1898 2752 2146 2812 agoque
2201 2731 2383 2793 vobis
2437 2728 2692 2792 immor-

437 2819 598 2882 tales
631 2818 888 2899 gratias,
923 2816 1091 2897 quod
1113 2816 1142 2853 ‘¹
1181 2838 1280 2880 me
1305 2817 1384 2881 ad
1409 2824 1696 2881 mutuam
1730 2817 2238 2881 benevolentiam
2271 2816 2634 2890 invitariti8‚
2665 2826 2690 2853 ⁴⁵

442 2926 628 2986 quam
694 2904 946 2985 quidem
994 2903 1073 2965 acl
1129 2925 1258 2966 rem
1316 2904 1367 2966 si
1422 2905 1808 2979 tacuissetiS‚
1870 2904 2062 2965 eratis
2115 2903 2291 2982 digni
2353 2902 2526 2985 prius
2588 2925 2686 2965 ro-

440 2993 593 3073 gari.
686 2990 846 3053 Illud
896 3012 992 3051 me
1037 2990 1221 3054 valde
1278 2989 1568 3066 delectat,
1632 2991 1796 3053 orari
1842 2988 1957 3051 abs
2002 2997 2066 3052 te
2111 2990 2316 3067 deum,
2363 2994 2436 3052 ut
2479 3009 2579 3051 me
2624 2991 2687 3051 in

434 3079 634 3141 tantis
699 3075 1025 3140 laboribus
1093 3098 1205 3159 pro
1261 3098 1325 3139 re
1386 3076 1666 3140 literaria
1733 3075 2010 3157 adjuvet,
2076 3075 2139 3137 id
2199 3074 2370 3155 quod
2428 3094 2580 3153 rogo
2625 3078 2689 3136 te

450 3166 638 3227 etiam
687 3168 880 3245 atque
928 3160 1116 3225 etiam
1165 3168 1237 3225 ut
1282 3184 1453 3225 nunc
1498 3164 1776 3225 maxime
1821 3161 2038 3238 faciaS‚
2085 3180 2390 3242 curesque
2423 3164 2494 3222 ut
2527 3160 2687 3222 idem

440 3252 628 3313 ceteri
679 3248 919 3312 faciant
964 3249 1273 3313 monachi.
1365 3248 1591 3312 Molior
1635 3249 1802 3311 enim
1850 3270 1976 3311 rem
2031 3248 2365 3310 maximam
2413 3246 2688 3308 maximo

440 3338 864 3400 emolumento
932 3334 1210 3399 futuram
1280 3335 1584 3398 studiosis
1649 3335 1946 3398 omnibus
2005 3338 2067 3396 et
2128 3334 2236 3415 qui
2305 3353 2472 3396 nunc
2539 3337 2690 3395 sunt

437 3428 497 3486 et
546 3424 653 3506 qui
702 3428 845 3505 post
902 3422 1045 3484 aliis
1100 3427 1284 3485 erunt
1331 3423 1395 3483 in
1442 3419 1677 3484 ειιπιίεε.1
1771 3420 1937 3483 Vale.
2028 3419 2309 3482 Venetiis
2357 3418 2455 3481 22.
2504 3418 2685 3482 Febr.
2729 3414 2732 3419 ’

438 3510 641 3573 1506:
2549 3524 2556 3531 ·

740 3610 861 3664 Cod.
902 3608 1031 3664 Frcf.
1068 3610 1150 3664 49.

570 3784 597 3811 a
624 3765 789 3819 Keiow
842 3764 1167 3831 Ablcic'rmmy
1200 3762 1295 3831 fiir
1330 3763 1572 3818 HenricO.
1714 3767 1742 3805 b
1772 3762 2023 3817 amicicie.
2167 3776 2192 3803 ο
2224 3759 2548 3813 benedicere.

436 3842 465 3880 d
493 3855 626 3906 quae
666 3836 814 3888 Tem.
956 3848 980 3875 θ
1007 3834 1327 3886 invitavistis
1367 3832 1515 3887 Tenz.

575 3912 591 3940 ¹
632 3906 786 3958 Auch
820 3905 876 3956 in
914 3903 1199 3956 Camerarii
1225 3902 1407 3957 Libell.
1434 3918 1554 3955 nois.
1583 3918 1697 3969 epp.
1735 3900 1784 3953 K
1823 3903 1848 3952 1
1873 3916 1917 3955 a.
1990 3900 2097 3952 Der
2121 3898 2268 3951 Brief
2287 3898 2358 3950 ist
2382 3913 2484 3949 nur
2507 3912 2686 3963 wegen

438 3979 530 4029 des
566 3973 1048 4040 Zusammenhangs
1085 3989 1153 4025 an
1189 3972 1331 4025 diese
1367 3970 1527 4024 Stelle
1566 3974 1781 4038 gesetzt,
1821 3970 1889 4022 da
1912 3986 1968 4021 er
1993 3968 2275 4034 cigentlich
2311 3971 2473 4019 etwas
2510 3964 2689 4017 weiter

434 4050 594 4099 unten
646 4043 813 4111 folgen
866 4046 1082 4095 miisste.
1154 4041 1253 4093 Die
1303 4040 1598 4099 Annahme,
1635 4040 1756 4091 dass
1792 4039 1886 4091 der
1919 4038 2065 4090 Brief
2093 4038 2178 4090 ins
2212 4036 2344 4089 Jahr
2382 4036 2528 4089 1507.
2566 4035 2614 4087 d.
2653 4033 2685 4085 i.

438 4115 572 4167 nach
610 4112 1045 4166 Venetianischer
1080 4111 1371 4177 Rechnung
1410 4109 1541 4161 1506
1578 4107 1700 4161 falle
1739 4108 1893 4176 (Alde
1929 4107 2151 4160 Manuce
2189 4123 2238 4173 p.
2277 4104 2391 4159 290.
2431 4104 2569 4169 293),
2595 4104 2688 4155 hat

435 4184 537 4237 viel
577 4180 1177 4241 'UnwahrscheinliclieS,
1218 4180 1285 4233 da
1308 4180 1419 4232 sich
1447 4177 1717 4230 Manutius
1743 4180 1888 4229 sonst
1913 4176 2102 4243 gewiss
2127 4174 2258 4227 iiber
2282 4174 2367 4226 die
2393 4175 2687 4240 verspiitete

436 4257 668 4307 Antwovt
705 4250 1058 4316 cntschuldigt
1096 4249 1264 4301 haben
1300 4249 1494 4301 wiirde.
1570 4246 1676 4299 Das
1702 4245 2016 4313 gesetzliche
2040 4245 2186 4309 Jahr,
2214 4244 2400 4295 dessen
2429 4252 2549 4293 man
2570 4240 2684 4293 sich

434 4325 485 4376 in
526 4323 661 4375 allen
698 4318 1031 4372 offentlichen
1072 4319 1356 4370 Urkunden
1395 4316 1656 4374 bediente,
1697 4316 1896 4383 begann
1935 4314 2218 4379 allex-dings
2240 4314 2290 4363 in
2319 4311 2554 4378 Venedig
2592 4311 2687 4360 mit

435 4394 551 4445 dem
597 4395 637 4445 l.
677 4389 833 4448 Mai-z,
872 4389 966 4439 das
1005 4388 1240 4453 gemeine
1290 4386 1618 4453 burgerliche
1664 4384 1802 4445 aber,
1849 4385 1941 4435 das
1978 4399 2099 4435 man
2137 4383 2210 4433 im
2249 4379 2579 4433 Privatleben
2621 4395 2685 4429 zu

433 4462 644 4513 Grunde
699 4459 853 4526 legte‚
902 4458 997 4507 mit
1043 4458 1161 4509 dem
1204 4460 1246 4508 1.
1284 4457 1493 4509 Januar.
1673 4455 1692 4485 ²
1727 4453 2048 4505 lutei-essunt
2084 4452 2166 4516 ist,
2204 4451 2324 4502 dass
2359 4448 2596 4516 Spalatin
2633 4449 2684 4499 in
