3084 4895
1268 315 1315 368 M
1324 317 1474 372 utian
1513 332 1580 368 an
1619 315 1818 371 Urban.
2573 321 2656 386 53

411 487 664 570 Assaph
712 493 774 550 et
820 488 1087 550 filiorum
1139 488 1380 551 Chorae
1426 511 1638 552 sacros
1684 489 1952 570 hymnos
2013 489 2230 573 (vulgo
2281 490 2652 553 psalterium

408 574 663 652 vocant)
727 575 791 635 in
862 596 1050 636 manu
1109 573 1440 652 habebam,
1501 597 1627 638 non
1688 577 1785 638 liti
1845 577 1952 638 sed
2011 575 2300 656 precibus
2347 577 2650 641 intentus.

400 659 575 722 Illico
639 660 811 722 venit
867 661 930 722 in
993 670 1263 722 mentem
1332 683 1625 741 graecum
1682 661 1834 725 illud
1884 662 2317 744 proverbium:
2387 660 2653 745 Μωοῶν

404 734 778 821 ανάστασις,
825 747 884 808 id
936 752 1029 809 est
1076 748 1409 808 stultorum
1460 749 1848 810 resurrectio.
1941 748 2056 810 Hic
2105 747 2220 810 tibi
2284 748 2650 827 confitebor,

403 832 611 912 qualis
672 837 827 894 tunc
882 832 1069 894 fuerit
1130 833 1531 896 ratiocinatio
1597 839 1827 896 nostra.
1945 834 2302 914 „Adversus
2361 835 2652 898 consult-a

403 925 651 998 patrum
719 925 782 980 et
842 919 1092 982 decreta
1138 920 1490 1001 principum
1538 921 1882 982 remedium
1932 921 2170 983 nullum
2224 923 2338 996 est,
2386 920 2505 982 nisi
2555 922 2652 982 in-

403 1010 590 1066 venta
637 1003 824 1066 fuerit.
872 1005 1207 1067 eorundem
1258 1007 1596 1086 potestatis
1658 1007 1980 1068 hominum
2041 1006 2350 1088 posterior
2417 1008 2650 1070 consti-

399 1092 618 1161 tutio?
647 1113 809 1170 quae
841 1092 924 1154 sit
958 1092 1145 1171 priori
1180 1092 1579 1155 contraria.“'
1681 1092 1856 1173 „Non
1891 1099 1986 1156 est
2019 1094 2180 1155 enim
2235 1093 2528 1166 novum“‚
2580 1099 2650 1156 ut

398 1177 622 1239 scribit
668 1177 902 1239 Paulus
944 1177 1454 1258 jurisconsultuS,
1509 1183 1618 1258 „ut
1653 1180 1887 1259 priores
1934 1180 2101 1260 leges
2148 1178 2225 1242 ad
2271 1180 2648 1276 posteriores

396 1262 733 1326 trahantur
779 1269 843 1326 et
889 1265 1261 1345 posteriores
1307 1265 1384 1327 ad
1435 1267 1668 1346 priores
1715 1263 2134 1347 pertineant“,
2145 1262 2164 1295 ²
2201 1265 2382 1344 quasi
2416 1265 2650 1328 diceret

399 1349 782 1412 contrarium
824 1349 929 1430 jus
977 1371 1098 1412 non
1148 1372 1283 1412 esse
1330 1349 1675 1412 ferendum
1785 1351 1924 1413 Non
1987 1355 2084 1414 est
2146 1352 2339 1430 igitur
2393 1348 2648 1431 μωοῶν,

398 1437 436 1498 1.
486 1457 535 1497 e.
588 1435 947 1508 stultorum,
1012 1438 1117 1499 sed
1176 1437 1782 1517 sapientissimorum
1837 1437 2070 1519 opinio,
2135 1459 2322 1519 quam
2372 1437 2433 1499 in
2481 1459 2647 1518 sym-

399 1519 545 1584 bolo
603 1521 748 1584 fidei
814 1526 876 1583 et
921 1523 1051 1604 spei
1110 1527 1360 1585 nostrae
1423 1523 1722 1586 decantat
1783 1523 2061 1597 ecclesia,
2121 1523 2643 1605 praejudiciorum

400 1608 458 1670 vi
519 1613 583 1670 et
642 1609 1021 1671 auctoritate
1081 1609 1447 1690 pontificum
1513 1609 1884 1673 confirmata
1947 1615 2010 1672 et
2071 1609 2317 1689 publice
2376 1615 2644 1690 recept-a.

404 1695 645 1774 Dugma
696 1698 980 1757 nostrum
1030 1695 1121 1757 sic
1172 1695 1393 1762 babet:
1442 1697 1521 1756 ob
1574 1696 1634 1758 id
1668 1696 1999 1777 ambiguas
2044 1697 2107 1758 in
2142 1719 2212 1758 eo
2247 1696 2474 1758 librare
2505 1718 2648 1758 sen-

404 1781 641 1843 tentias
669 1792 695 1820 ²
727 1780 1122 1862 sacrilegium
1158 1786 1271 1844 est.
1366 1765 1580 1863 Neque
1613 1783 1909 1845 audiendi
1941 1787 2110 1878 suut,
2158 1783 2266 1878 qui
2300 1803 2414 1844 nos
2447 1781 2647 1864 philo-

402 1888 614 1930 sarcas
660 1867 697 1928 i.
747 1889 797 1928 e
862 1871 1173 1930 amatores
1230 1869 1510 1930 carnium
1579 1869 1813 1931 dicunt.
1911 1855 2083 1951 Eup}
2127 1869 2289 1930 enim
2340 1890 2482 1930 caro
2530 1873 2643 1930 est.

402 1951 614 2049 Miror,
661 1954 813 2035 quid
861 1954 1229 2034 Spalatinus
1276 1953 1510 2017 habeat
1558 1954 1616 2015 in
1667 1953 1950 2036 symbolo
1997 1975 2240 2034 graecO‚
2287 1977 2368 2017 an
2413 1949 2647 2036 νεκρῶν

402 2026 757 2110 ἀνάστασις
812 2062 890 2101 an
952 2040 1151 2102 aliter.
1254 2040 1464 2122 Aliqui
1527 2040 1746 2103 dicunt
1809 2040 2140 2138 legendum
2189 2062 2323 2102 esse
2369 2039 2646 2122 corporis

400 2127 944 2203 resurrectionem,
1000 2126 1429 2208 intelligentes
1490 2149 1716 2208 corpus
1762 2128 2018 2190 aerium
2128 2127 2266 2190 Alia
2325 2130 2423 2189 est
2479 2126 2645 2188 enim

400 2212 626 2288 carnis,
675 2212 796 2274 alia
847 2214 1124 2295 corporis
1170 2213 1506 2277 definitio*
1580 2213 1802 2277 Omnis
1861 2235 2006 2276 caro
2063 2217 2158 2275 est
2213 2233 2457 2295 corpus
2519 2233 2641 2274 non

394 2321 581 2362 omne
652 2320 878 2380 corpus
941 2304 1037 2362 est
1104 2321 1265 2362 caro.
1371 2299 1528 2362 Caro
1591 2304 1688 2362 est
1751 2301 2016 2382 proprie,
2086 2321 2247 2380 quae
2315 2297 2643 2380 sanguine,

398 2385 597 2462 veniS,
658 2386 908 2449 ossibus
969 2387 1300 2468 nervisque
1362 2385 1838 2467 constringitur.
1942 2385 2183 2469 Corpus
2258 2406 2640 2466 quamquam

396 2478 460 2535 et
507 2494 651 2535 caro
709 2473 972 2547 dicatur,
1033 2473 1345 2536 interdum
1413 2478 1623 2536 tamen
1687 2472 2044 2535 aethereum
2110 2473 2202 2534 vel
2251 2472 2486 2534 aerium
2537 2494 2645 2533 no-

324 2573 329 2583 '
404 2560 700 2622 minatur.
791 2558 1182 2639 Intelligisne
1209 2560 1237 2597 b
1282 2559 1536 2622 tandem
1576 2560 1984 2641 mysterium?
2034 2558 2174 2626 Fiet
2207 2558 2483 2639 corporis
2519 2558 2554 2619 i.
2591 2582 2640 2619 e.

396 2646 644 2707 animae
706 2648 1098 2720 resurrectiO,
1166 2668 1325 2727 quae
1391 2650 1592 2709 morte
1655 2650 2050 2726 peccatorum
2111 2644 2538 2707 circumventa
2583 2648 2646 2706 et

397 2732 580 2813 quasi
626 2732 873 2812 sepulta
906 2734 1077 2795 vitiis
1108 2742 1135 2772 ὃ
1182 2755 1348 2795 nunc
1382 2754 1487 2813 per
1519 2731 1836 2813 piaculum
1873 2737 1936 2794 et
1988 2730 2441 2813 poenitentiam
2473 2742 2500 2770 ¹²
2546 2752 2643 2792 re-

397 2818 601 2898 surgit
662 2817 740 2879 ad
806 2818 996 2881 vitam
1056 2820 1240 2899 piam,
1306 2841 1465 2901 quae
1530 2841 1674 2881 vera
1735 2824 1830 2881 est
1892 2819 2039 2881 vita.
2132 2817 2342 2899 Nuper
2389 2816 2640 2880 dixisti:

402 2903 632 2985 „Vobis
679 2905 895 2968 datum
943 2913 1037 2968 est
1083 2927 1266 2967 nosse
1330 2927 1590 2987 regnum
1647 2904 1980 2977 coelorum,
2046 2904 2269 2986 reliqui
2326 2902 2642 2985 parabolis

396 2990 659 3053 fallendi
708 2991 915 3053 sunt.“
1008 2992 1169 3053 Huic
1215 2992 1404 3054 adde:
1461 2990 1720 3072 „Omnis
1765 2989 1966 3070 gloria
2011 2991 2176 3053 filiae
2217 2991 2382 3071 regis
2414 2990 2642 3052 intrin-

404 3074 683 3149 secus“,³
732 3080 793 3139 et
842 3077 1025 3139 illud:
1104 3077 1497 3156 „Introduxit
1545 3099 1642 3139 me
1687 3100 1795 3139 rex
1847 3078 1907 3139 in
1957 3077 2316 3139 cubiculum
2365 3073 2642 3138 suum.“⁴

394 3164 541 3226 Ideo
588 3164 885 3243 corporis,
948 3185 1071 3226 non
1133 3164 1461 3242 sanguinis
1520 3164 2035 3225 resurrectionem
2095 3163 2334 3239 dicunt,
2403 3162 2643 3224 scilicet

397 3254 468 3311 ut
514 3250 697 3312 rudes
763 3271 1008 3311 carnem
1074 3272 1178 3311 eos
1232 3250 1435 3312 dicere
1499 3254 1795 3329 putarent
1854 3249 1916 3311 in
1982 3270 2258 3329 corpore,
2328 3269 2520 3327 quum
2577 3269 2640 3308 re

398 3358 545 3397 vera
574 3348 598 3374 0
644 3335 1023 3415 intelligant,
1074 3340 1145 3397 ut
1190 3336 1340 3407 dixi,
1388 3358 1614 3417 corpus
1661 3336 1930 3397 coeleste
1977 3334 2150 3397 nullo
2179 3334 2208 3372 ‘¹
2255 3334 2454 3396 tactui
2489 3333 2638 3395 sub-

390 3421 630 3503 jacens.
731 3421 891 3486 Olim
956 3421 1140 3483 credo
1204 3422 1279 3483 de
1338 3422 1454 3483 hac
1500 3421 1763 3483 materia
1811 3421 1973 3483 ultro
2023 3422 2307 3501 citroque
2354 3419 2638 3501 disputa-

396 3509 618 3571 vimus.
712 3506 835 3570 Sed
882 3508 937 3569 si
982 3507 1187 3569 carnis
1240 3508 1612 3569 resurrectio
1659 3506 1907 3587 legitur,
1969 3507 2182 3587 accipe
2228 3528 2472 3567 carnem
2525 3525 2638 3583 pu—

396 3594 683 3656 tativam.
790 3593 948 3655 Nam
999 3615 1141 3655 caro
1190 3598 1253 3656 et
1298 3594 1557 3673 sanguis
1597 3591 1784 3673 juxta
1829 3592 2183 3673 apostolum
2235 3613 2491 3670 regnum
2541 3589 2637 3651 dei

403 3702 528 3741 non
581 3679 997 3760 possidebunt
1041 3702 1242 3761 neque
1290 3680 1605 3760 corruptio
1652 3678 2204 3760 incorruptionem.
2288 3676 2585 3753 Marcion,
2617 3688 2640 3715 θ

399 3766 669 3847 Apelles,
723 3766 1112 3841 ValentinuS,
1160 3764 1377 3827 Manes
1425 3766 1630 3827 carnis
1677 3769 1738 3826 et
1785 3765 2060 3844 corporis
2123 3764 2636 3827 resurrectionem

396 3857 635 3932 negant
690 3856 754 3913 et
814 3852 1081 3913 salutem
1147 3856 1395 3914 tantum
1454 3852 1746 3914 tribuunt
1791 3852 2072 3913 animae:
2142 3852 2360 3913 dicunt
2407 3850 2641 3911 trustra

397 3959 511 4000 nos
556 3938 634 4001 ad
684 3937 1037 4017 exemplum
1090 3936 1322 4000 Christi
1371 3942 1843 4008 resurrecturos
1893 3959 2085 4017 quum
2145 3936 2342 4030 ipsius
2369 3956 2640 4031 quoque

396 4046 521 4086 non
572 4024 774 4087 solum
821 4025 1191 4086 resurrectio
1239 4024 1344 4086 sed
1388 4025 1575 4085 etiam
1626 4023 1927 4085 nativitas
1969 4024 2054 4085 sit
2096 4046 2256 4083 κατα
2304 4008 2461 4105 δόκι
2457 4040 2584 4097 σιν,
2620 4021 2642 4059 f

533 4207 560 4233 ⁸·
593 4191 642 4243 ci
676 4197 738 4245 st.
776 4192 830 4247 ti.
908 4198 935 4234 b
962 4192 1217 4259 Intelligis
1252 4209 1331 4245 nc.
1420 4208 1444 4235 c
1473 4208 1670 4246 revera.
1758 4196 1785 4233 d
1817 4180 1906 4243 Sc.¹
1989 4206 2012 4233 Θ
2040 4191 2275 4245 Mai-tion.
2377 4195 2398 4232 f
2423 4188 2636 4254 σόκηοισ.

540 4278 554 4309 ¹
595 4280 707 4330 Aus
746 4278 966 4343 Quintil.
1004 4280 1068 4333 V.
1106 4279 1157 4344 2,
1190 4281 1239 4338 4,
1285 4279 1502 4331 wonach
1555 4296 1620 4329 zu
1665 4278 1806 4329 lesen
1845 4278 1954 4329 sein
1993 4278 2183 4329 diirfte:
2237 4276 2324 4328 vel
2357 4277 2637 4329 eorundem

402 4347 485 4398 vel
524 4346 757 4413 ejusdem
802 4348 1073 4415 potestatis
1112 4350 1161 4403 h.
1269 4352 1287 4380 ²
1322 4349 1436 4417 Dig.
1459 4349 1499 4414 J,
1526 4349 1573 4414 3,
1593 4348 1672 4400 ⁴26.
1697 4346 1776 4398 28.
1852 4348 1871 4377 ³
1905 4346 1988 4399 Ps.
2014 4348 2165 4411 45,4.
2254 4346 2274 4377 ⁴
2309 4346 2492 4399 Hohel.
2521 4350 2562 4407 l,
2587 4349 2634 4399 4.
