3084 4895
532 403 661 480 404
1355 403 1528 468 1311010
1565 401 1657 468 des
1692 408 1744 469 J.
1781 405 1931 472 1514.

535 585 947 664 consuetudo,
994 591 1057 650 et
1102 608 1179 649 ne
1224 608 1447 668 parum
1504 591 1672 666 esset
1733 589 2089 652 excruciare
2149 609 2391 671 corpus,
2455 592 2783 656 mordetur

536 674 723 736 etiam
793 673 1200 750 conscientia,
1270 671 1419 737 dum
1490 694 1653 754 quae
1721 674 2103 755 poenitenda
2174 674 2394 740 feceris
2473 679 2783 742 memoria

534 762 921 840 repetuntur.
1033 757 1169 835 Qua
1235 759 1299 821 in
1373 781 1437 821 re
1504 760 1662 822 libet
1736 759 1892 822 illud
1967 759 2368 825 Homericum
2444 763 2520 826 de
2595 766 2784 827 asino

534 844 824 908 famelico
892 865 1255 927 proponere,
1325 846 1432 925 qui
1498 844 1690 908 nullis
1765 845 2131 910 verberibus
2198 869 2233 909 a
2299 849 2534 930 pabulo
2602 850 2784 930 abigi

536 934 762 1013 potest.
854 931 1156 994 Homines
1203 931 1637 996 absterrentur
1685 931 1888 996 verbis
1932 934 2415 1030 perterricrepis

744 1013 865 1097 „Ut
911 1037 1053 1078 cum
1102 1037 1207 1098 per
1252 1021 1497 1097 segetes
1547 1017 1816 1098 ignavus
1862 1019 2093 1082 transit
2139 1015 2368 1083 asellus

739 1067 958 1165 i'nvitis
1005 1101 1231 1200 merie,
1279 1101 1379 1166 cui
1428 1103 1664 1167 multus
1707 1106 1959 1184 tergora
2003 1103 2236 1167 circum

731 1187 861 1270 J‘am
908 1188 1150 1270 crepuit
1193 1187 1400 1264 fustis,
1450 1208 1652 1270 neque
1697 1190 1954 1270 segnius
1999 1189 2104 1253 ille
2151 1189 2524 1272 profundam

737 1273 1088 1356 ingreditur
1131 1277 1428 1354 segetem,
1475 1276 1654 1356 pueri
1696 1275 1805 1338 sed
1849 1274 2130 1339 fustibus
2176 1275 2354 1339 illum

737 1360 1069 1423 caedentes
1114 1359 1347 1438 studio,
1389 1360 1650 1424 tandem
1697 1381 1769 1424 ac
1813 1361 2159 1442 puerilibus
2203 1383 2354 1425 arvo

734 1445 975 1509 viribus
1020 1445 1302 1527 ejiciunt,
1348 1445 1459 1508 ubi
1507 1451 1693 1528 pastu
1740 1447 2086 1529 expleverit
2131 1447 2431 1512 alvum.“¹

736 1531 987 1607 Quanto
1035 1532 1263 1595 minori
1306 1533 1561 1613 negotio
1608 1532 1776 1595 Zeno
1824 1531 2079 1596 Stoicus
2139 1533 2365 1597 famem
2435 1533 2788 1615 discipulos

534 1617 767 1691 docuit,
816 1638 942 1681 non
990 1639 1141 1681 usus
1186 1615 1519 1690 fustuario,
1567 1619 1673 1682 sed
1721 1619 2036 1701 exemplo!
2123 1619 2275 1682 Erat
2308 1620 2471 1683 enim
2505 1621 2570 1682 in
2602 1621 2786 1683 victu

530 1703 1163 1786 temperantissimus.
1257 1701 1590 1767 Cruciatus
1659 1726 1804 1769 vero
1870 1706 2067 1770 animi
2135 1706 2380 1769 videtur
2445 1706 2525 1769 ad
2586 1705 2787 1770 refre-

534 1787 807 1852 nandam
874 1788 1195 1854 licentiam
1239 1788 1660 1853 introductus,
1753 1792 1938 1872 Apud
1983 1791 2305 1855 Afranium
2375 1804 2518 1855 cum
2575 1791 2788 1856 disso-

531 1874 705 1938 lutus
748 1875 917 1942 filius
968 1875 1140 1957 „Heu
1188 1898 1284 1939 me
1329 1875 1704 1939 miseruni“!
1767 1877 2053 1956 dixisset,
2116 1883 2252 1941 tum
2299 1900 2551 1941 severus
2599 1883 2785 1958 pater

534 1961 857 2044 inquit:,‚
872 1961 1225 2025 Dummodo
1272 1961 1482 2026 doleat
1526 1962 1788 2044 aliquid,
1837 1963 2048 2026 doleat
2090 1964 2260 2045 quod
2305 1964 2500 2027 lubet.
2514 1961 2576 1994 “²
2671 1962 2784 2027 Sic

531 2046 951 2129 theologistae
1012 2047 1256 2127 faciunt
1310 2047 1582 2111 humiles
1643 2049 1887 2112 animos
1956 2048 2288 2113 formidine
2349 2050 2585 2127 divum,
2649 2071 2784 2112 non

532 2132 736 2196 solum
784 2121 1257 2217 poenitentiam,
1304 2133 1412 2196 sed
1448 2133 1636 2198 etiam
1673 2133 1948 2198 dolorem
1983 2136 2092 2198 et
2069 2135 2309 2217 Jejunia
2340 2136 2781 2199 instituentes.

532 2217 771 2282 Durum
837 2221 975 2298 iter,
1042 2220 1150 2282 sed
1226 2220 1630 2284 durissimum
1706 2219 1854 2298 illis,
1932 2222 2042 2303 qui
2114 2227 2396 2290 tractant
2469 2212 2784 2298 vomeres,

530 2322 787 2383 marrae,
822 2305 1085 2383 sarcula,
1119 2305 1415 2369 dentalia.
1498 2305 1700 2371 Nobis
1732 2305 1968 2370 sufficit
2000 2329 2278 2372 resecare
2309 2309 2484 2384 vitia,
2517 2309 2784 2390 penitus

532 2391 795 2456 evellere
852 2413 975 2456 non
1024 2397 1118 2455 est
1166 2412 1437 2457 necesse.
1528 2389 1787 2475 Alioqui
1855 2393 2145 2469 dicerem
2213 2415 2471 2477 peccare
2541 2392 2787 2493 Capni-

532 2498 712 2541 onem
782 2480 969 2543 nimis
1035 2480 1262 2543 acriter
1326 2480 1832 2561 proscindentem
1901 2480 2322 2560 adversarios3
2395 2480 2540 2563 plus
2605 2481 2781 2544 enim

531 2564 911 2628 acrimoniae
956 2564 1151 2628 habet
1193 2565 1421 2629 titulus
1464 2567 1790 2631 teutonice
1835 2564 2136 2648 scriptus⁸
2181 2567 2528 2649 majoribus
2570 2566 2782 2631 literis

532 2650 595 2713 in
644 2650 851 2714 fronte
909 2650 1231 2715 citationis
1292 2674 1479 2733 quam
1536 2657 1745 2716 totum
1807 2652 1964 2716 illud
2028 2655 2537 2717 instrumentum.
2627 2652 2779 2717 Non

532 2736 667 2799 sine
712 2737 1038 2801 stomacho
1086 2742 1151 2801 et
1192 2737 1366 2801 rabie
1411 2738 1714 2820 loquitur.
1805 2740 1886 2802 Et
1933 2740 2149 2821 procul
2197 2740 2392 2803 dubio
2426 2739 2782 2821 Capnionis

532 2826 645 2903 est,
692 2843 817 2886 non
864 2823 1131 2887 trivialis
1189 2824 1435 2887 notarii.
1526 2822 1689 2887 Nam
1749 2826 2026 2889 oratoria
2086 2824 2431 2890 calliditate
2495 2826 2783 2889 tenuiter

532 2909 817 2971 nominat
875 2915 975 2970 bra
1036 2912 1227 2970 bruher
1278 2904 1458 2993 jacob
1506 2915 1571 2972 et
1617 2912 1690 2973 de
1737 2934 1800 2973 se
1848 2910 2018 2989 dicit,
2067 2915 2138 2975 ut
2185 2909 2412 2976 Crotus
2471 2932 2646 2975 meus
2693 2911 2780 2974 de

530 2993 923 3058 Hartmanno
971 2995 1248 3077 scripsit:
1299 2999 1361 3058 in
1409 2995 2436 3061 honorificabilitudinationibus.⁴
2530 2996 2776 3060 Utcun—

530 3100 650 3161 que
697 3082 799 3159 sit,
865 3102 1129 3163 magnus
1176 3084 1273 3145 est
1318 3082 1382 3144 in
1434 3082 1716 3163 quinque
1773 3084 2066 3147 maximis
2123 3084 2385 3165 linguis:
2457 3082 2772 3155 hebraica,

529 3187 772 3247 graeca,
819 3167 1038 3245 latina,
1086 3188 1296 3244 sueva,
1346 3168 1727 3231 malelatina.
1822 3168 1943 3233 Sed
1999 3171 2152 3233 illud
2199 3170 2552 3243 ridiculum,
2603 3171 2774 3250 quod

532 3274 598 3315 se
644 3252 976 3316 barbarum
1024 3252 1301 3334 appellat
1348 3276 1384 3315 a
1430 3254 1694 3318 devictis
1763 3255 2068 3319 barbaris,
2162 3256 2438 3320 Adducit
2492 3254 2776 3336 Torqua-

528 3343 691 3410 tum,
757 3340 862 3422 qui
926 3340 1043 3402 hoc
1103 3360 1447 3419 cognomen
1514 3341 1780 3419 invenit,
1849 3342 2016 3422 quod
2080 3342 2264 3406 Gallo
2326 3346 2614 3424 torquem
2665 3342 2773 3405 de—

528 3426 846 3489 traxisset.
970 3424 1075 3489 Sic
1150 3426 1487 3489 Accursius
1561 3427 1625 3489 in
1700 3427 1908 3491 titulis
1993 3428 2386 3492 Justiniani·
2431 3427 2769 3493 Gothicum

532 3510 858 3575 Alanicum
916 3518 1098 3575 vocat
1142 3534 1179 3575 a
1226 3511 1453 3575 Gothis
1509 3518 1570 3573 et
1632 3512 1846 3577 Alanis
1901 3514 2068 3577 bello
2125 3514 2426 3578 subactis,
2529 3512 2596 3577 Si
2653 3512 2774 3577 hoc

668 3698 685 3729 ¹
720 3697 873 3750 Hom.
910 3696 971 3751 11.
1008 3696 1105 3763 XI,
1143 3696 1430 3753 558—562.
1554 3698 1574 3730 ²
1607 3698 1712 3751 Cic.
1749 3698 1955 3751 Tuscul.
1991 3698 2083 3761 IV.
2121 3698 2203 3765 20,
2239 3700 2324 3752 45.
2395 3698 2598 3752 Unsere
2635 3700 2771 3753 Aus-

528 3764 696 3831 gaben
730 3766 874 3819 lesen
910 3765 1200 3833 quidlubet.
1308 3768 1329 3798 ³
1362 3767 1479 3819 Von
1516 3766 1690 3819 dieser
1722 3768 2013 3819 deutschen
2049 3768 2244 3820 Schrift
2277 3768 2564 3820 Reuchlins
2603 3766 2771 3835 (Febr.

530 3834 685 3903 1514)
722 3835 816 3887 hat
850 3834 966 3887 sich
1001 3834 1120 3887 kein
1157 3834 1441 3903 Exemplar
1476 3834 1726 3887 erhalten.
1798 3835 1951 3889 Nach
1987 3836 2244 3903 Geiger‚
2281 3835 2542 3889 Reuchlin
2577 3835 2628 3889 S.
2666 3836 2770 3889 302

529 3918 637 3954 war
672 3918 729 3955 03
764 3903 1084 3957 vennutlich
1140 3904 1255 3956 eine
1306 3903 1690 3956 Protestation
1687 3910 1871 3971 gegen
1907 3905 1999 3957 das
2048 3905 2242 3959 Κο1301·
2293 3905 2562 3958 offentlich
2616 3921 2773 3973 ange-

527 3970 722 4023 303010
757 3972 967 4039 Ι)0111·,01
1006 3973 1099 4027 (133
1133 3972 1421 4025 Reuchlins
1447 3972 1708 4051 Schriften
1733 3990 1852 4025 zum
1885 3974 2052 4027 Feuer
2071 3975 2412 4027 verdammte.
2473 3982 2584 4027 Aus
2604 3973 2777 4026 dieser

528 4038 688 4091 Stelle
743 4041 870 4119 geht
917 4040 1120 4107 herv·‚01
1170 4042 1289 4095 dass
1334 4057 1390 4094 es
1440 4041 1524 4094 ein
1573 4056 1858 4109 anonymes
1909 4042 2256 4095 Schriftstuck
2311 4043 2409 4094 mit
2445 4043 2774 4095 .deutschem

528 4107 660 4161 Titel
694 4124 816 4169 war
855 4108 909 4161 in
945 4110 1200 4189 walchem
1236 4110 1588 4165 Ηο0113113103
1623 4111 1878 4179 spottisch
1913 4112 1990 4164 als
2025 4111 2098 4163 131·
2104 4112 2230 4165 uder
2261 4111 2429 4164 Jakob
2465 4111 2778 4164 bezeichnet

528 4179 723 4243 wurde,
760 4179 867 4230 und
904 4179 1023 4231 dass
1059 4196 1115 4232 es
1151 4179 1266 4231 eine
1303 4179 1561 4233 0113303
1581 4180 1696 4247 (vor
1749 4180 1841 4233 das
1890 4179 2196 4247 Speiersche
2254 4180 2482 4246 Gericht,
2540 4181 2636 4233 das
2691 4180 2774 4233 die

528 4246 723 4298 Kolner
774 4248 939 4299 durch
994 4248 1077 4299 1111·
1130 4248 1598 4301 Nichterscheinen
1633 4250 1725 4301 auf
1755 4249 1874 4301 dem
1910 4249 2148 4301 Termine
2205 4250 2513 4301 missachtet
2567 4250 2771 4302 11311031

529 4315 760 4370 0111111011.
904 4318 923 4347 ⁴
958 4317 1199 4370 Erinneit
1233 4334 1298 4370 an
1336 4318 1435 4370 den
1471 4317 1570 4370 Stil
1605 4320 1697 4370 der
1731 4318 2152 4371 Dunkelmanner
2201 4319 2309 4371 und
2367 4319 2493 4370 wird
2546 4319 2633 4371 fiir
2687 4318 2772 4370 die

528 4382 663 4435 Μ111τ
666 4386 1056 4438 erfasserschaft
1091 4388 1183 4439 des
1220 4386 1403 4440 Crotus
1440 4388 1646 4455 geltend
1681 4388 1939 4455 gemacht.
2009 4386 2118 4440 Um
2153 4386 2290 4465 Sept.
2333 4388 2463 4439 1513
2501 4387 2611 4455 (ΒΓ.
2649 4388 2771 4454 306)

526 4450 596 4507 Μ.
632 4468 698 4505 33
734 4452 886 4507 Urbs
922 4453 1137 4507 »Scribit
1173 4456 1357 4509 Crotus
1392 4456 1710 4509 facetissime
1749 4456 1813 4509 de
1847 4457 1979 4509 festo
2014 4455 2357 4510 coronationis
2393 4456 2506 4509 heri
2541 4457 2670 4510 suis
