3084 4895
422 391 548 456 156
1193 391 1368 447 Briefe
1407 409 1508 448 von
1549 398 1908 456 1508—1509.

424 563 722 626 videntur
767 565 1065 644 prodesse
1112 566 1395 646 balneae,
1445 573 1765 647 tonsurae,
1814 571 2116 644 rasioneS‚
2176 569 2416 632 linteae
2464 573 2700 644 vestae,

422 649 663 711 candor
709 652 1009 732 corporiS‚
1059 653 1182 714 nisi
1229 675 1412 715 mens
1457 656 1539 718 ab
1586 657 1877 733 avaritia,
1940 655 2256 737 superbia,
2329 657 2706 736 arrogantia

425 735 801 815 cunctisque
845 737 1110 818 flagitiis
1172 741 1497 819 purgatior
1560 741 1867 803 ascendat
1910 742 1974 802 in
2024 740 2267 803 coelum
2317 746 2383 802 et
2428 740 2704 820 pedibus

425 823 710 882 terrenas
774 822 1160 903 cupiditates
1221 831 1485 904 premat,
1548 832 1623 888 ut
1680 825 2005 908 eleganter
2072 825 2305 888 cecinit
2377 825 2703 900 EobanuS,

428 907 618 985 poeta
676 905 1018 987 egregius¹.
1113 908 1368 971 Coelum
1432 911 1495 972 in
1560 912 1807 974 ratione
1870 915 1969 974 est
2026 915 2091 973 et
2152 910 2473 991 sapientia
2519 915 2585 972 et
2632 912 2701 973 in

428 990 662 1053 virtute
725 1013 1009 1072 regnum,
1071 997 1145 1056 ut
1205 994 1416 1075 inquit
1485 995 1845 1078 Apostolus,
1944 997 2305 1059 Annotasse
2372 999 2440 1058 te
2508 996 2701 1058 credo

425 1077 596 1156 apud
659 1076 934 1140 Plinium
997 1077 1360 1141 Juniorem:
1411 1081 1561 1143 deos
1606 1082 1779 1164 ipsos
1827 1103 1950 1144 non
1999 1085 2133 1144 tam
2179 1081 2499 1144 accuratis
2546 1081 2705 1144 ado-

425 1162 703 1223 rantium
794 1162 1088 1244 precibus
1177 1186 1367 1244 quam
1451 1167 1821 1230 innocentia
1896 1173 1960 1228 et
2034 1167 2380 1229 sanctitate
2470 1165 2701 1228 laetari

424 1247 892 1329 gratioremque
939 1248 1282 1323 aestimari,
1318 1251 1428 1329 qui
1461 1251 1741 1314 delubris
1788 1273 2002 1314 eorum
2050 1272 2273 1333 puram
2324 1255 2701 1331 castamque

426 1336 723 1408 mentem,
771 1354 963 1414 quam
1012 1333 1122 1415 qui
1170 1335 1476 1414 protitum
1529 1336 1789 1400 Davidis
1822 1358 2071 1399 carmen
2105 1333 2448 1399 intulerit².
2527 1336 2696 1412 Quid

427 1417 677 1480 multa?
765 1418 985 1481 Inedia
1032 1419 1392 1483 voluntaria
1451 1420 1639 1484 nobis
1700 1420 2081 1484 Christianis
2140 1443 2253 1502 pro
2314 1422 2525 1484 cicuta
2575 1425 2697 1496 est,

423 1507 665 1565 castrat
731 1508 794 1565 et
859 1507 1071 1566 castos
1147 1504 1318 1568 facit.
1433 1505 1679 1568 Plinius
1754 1506 1951 1586 Major
2028 1506 2216 1570 dicit:
2300 1506 2700 1587 „Utilissima

425 1589 850 1670 temperantia
916 1589 978 1650 in
1044 1588 1265 1653 cibis.“
1362 1589 1693 1654 Cornelius
1762 1590 1986 1654 Celsus
2052 1596 2243 1672 putat
2304 1591 2695 1654 athletarum

421 1673 601 1736 cibos
649 1673 834 1736 nobis
880 1697 1017 1738 esse
1065 1697 1509 1757 supervacuos.
1604 1676 1821 1740 Placet
1866 1675 2022 1740 mihi
2070 1677 2424 1758 disputatio
2471 1677 2701 1740 Hiero-

424 1761 596 1839 nymi
643 1765 867 1823 contra
921 1760 1330 1823 Jovinianum
1382 1761 1458 1823 de
1497 1761 1779 1842 jejuniis,
1847 1783 1973 1824 non
2042 1767 2257 1825 tamen
2329 1763 2697 1844 persuadet,

417 1849 493 1907 ut
537 1866 766 1926 corpus
812 1867 1128 1908 macerare
1173 1846 1364 1908 velim
1413 1844 1797 1928 cacochylis³
1844 1851 1909 1909 et
1952 1847 2199 1928 frigidis
2246 1847 2426 1911 cibis.
2520 1847 2695 1928 Lege

371 2001 379 2008 ,
420 1931 806 1994 sententiam
853 1931 1148 1995 Beroaldi
1196 1953 1322 1994 non
1374 1932 1589 2013 procul
1636 1955 1673 1994 a
1717 1931 2193 2014 fine-Apuleji.⁴
2276 1932 2432 1996 Eam
2466 1936 2697 1996 teneas

420 2019 645 2098 utpote
691 2016 1190 2080 saluberrimam.
1290 2017 1595 2098 „Valeant
1637 2017 2113 2098 hierophantae,
2180 2018 2696 2098 hierodidascali,

417 2102 916 2186 hierophylaceS‚
966 2103 1168 2179 bardi,
1221 2103 1522 2184 DruydeS‚
1582 2104 2163 2186 gymnosophistae,
2212 2104 2403 2184 magi,
2452 2103 2696 2186 Pytha-

419 2189 639 2269 gorici,
697 2189 948 2264 «Iudaei,
1011 2187 1251 2271 Cynici,
1323 2189 1643 2252 cucullati.
1734 2189 1895 2252 Mihi
1942 2189 2123 2252 cibus
2170 2189 2502 2253 delicatior
2560 2211 2694 2254 non

418 2273 624 2350 obest,
673 2275 824 2356 quia
871 2274 1209 2356 subjugavi
1242 2279 1317 2338 ut
1349 2274 1555 2337 bonus
1586 2273 2003 2358 philosophus
2045 2273 2278 2337 rationi
2326 2273 2692 2356 appetitum

421 2364 487 2424 et
532 2360 663 2424 scio
708 2360 968 2424 mundis
1029 2361 1244 2423 omnia
1303 2360 1563 2437 munda,
1610 2364 1677 2423 et
1720 2380 2108 2441 quamquam
2170 2380 2299 2422 non
2362 2361 2445 2423 ad
2507 2381 2694 2441 prae-
3048 2333 3059 2412 l

421 2446 728 2529 scriptum
775 2445 1251 2528 superstitionis
1290 2443 1600 2526 jejunium
1635 2466 1835 2522 serve,
1871 2443 2105 2508 nullius
2135 2450 2351 2508 tamen
2388 2444 2693 2509 monachi

414 2532 722 2611 frugalior
767 2554 989 2595 mensa.
1034 2553 1227 2611 quam
1277 2535 1512 2594 nostra.
1607 2531 1757 2594 Esse
1790 2530 1965 2605 libet,
2000 2538 2072 2593 ut.
2103 2528 2372 2593 vivam.“
2473 2530 2688 2595 Addo:

416 2618 676 2681 verbum
711 2622 895 2681 tuum
931 2616 1203 2680 dieceta⁸
1237 2638 1459 2698 graece
1490 2616 1791 2679 scribitur
1824 2603 2177 2699 διοικήτης,
2208 2620 2689 2697 procuratorem

416 2704 758 2785 significat.
853 2702 1222 2766 Notandum
1271 2708 1386 2775 est,
1434 2706 1677 2782 quanto
1721 2702 1786 2763 in
1835 2723 2039 2763 errore
2107 2705 2437 2763 versentur
2496 2701 2695 2782 juris-

415 2790 603 2871 periti
669 2788 913 2852 indocti
977 2794 1042 2851 et
1094 2792 1488 2868 arroganteS‚
1560 2788 1671 2867 qui
1742 2786 2069 2867 syndicum
2152 2790 2387 2849 vocant
2457 2808 2691 2867 procu-

412 2880 690 2939 ratorem
737 2875 1007 2954 collegii.
1104 2860 1416 2943 Σύνδικος
1463 2860 1796 2955 ὁιοικήτης
1839 2873 1879 2933 i.
1929 2894 1979 2933 e.
2029 2872 2385 2935 communis
2430 2878 2693 2954 curator

414 2962 548 3025 sive
615 2960 824 3024 curiae
894 2961 1031 3024 sive
1097 2958 1537 3021 universitatis
1598 2962 1712 3021 aut
1772 2978 2079 3038 paganae,
2124 2959 2237 3018 aut
2297 2956 2505 3019 civilis
2574 2962 2692 3020 aut

418 3045 940 3110 ecclesiasticae.⁶
1028 3044 1238 3107 Pudet
1284 3066 1382 3105 me
1427 3043 1683 3123 saepius
1723 3042 1948 3107 erroris
1980 3063 2214 3118 eorum,
2248 3042 2359 3122 qui
2394 3042 2692 3107 doctores

413 3132 834 3214 appellantur.
949 3131 1084 3211 Ego
1163 3129 1463 3192 minimus
1537 3127 1970 3208 apostolorum
2050 3127 2087 3189 i.
2166 3150 2216 3188 e.
2297 3127 2690 3191 novissimus

411 3219 782 3300 plerumque
843 3216 1081 3280 tacitus
1143 3215 1376 3277 damno
1436 3213 1609 3275 mille
1668 3234 1872 3293 nugas
1935 3211 2339 3292 ineptiorum.
2413 3210 2560 3274 Sed
2608 3236 2691 3275 ne

413 3302 834 3385 popularibus
879 3302 1024 3363 istis
1068 3298 1460 3362 factionibus
1493 3301 1560 3360 et
1590 3303 1877 3360 armento
1910 3296 2242 3358 sciolorum
2278 3297 2687 3361 stomachum

410 3388 660 3465 faciam,
732 3388 1041 3450 conniveo
1105 3390 1168 3447 et
1230 3383 1575 3446 salutarem
1638 3382 1732 3445 ori
1792 3382 2061 3461 digitum
2132 3401 2405 3461 oppono.
2512 3380 2689 3445 Malo

409 3479 629 3538 mutus
676 3495 815 3535 esse
860 3493 1053 3553 quam
1102 3470 1360 3550 loquax,
1412 3491 1490 3531 ne
1535 3467 1692 3529 mihi
1758 3486 2152 3548 „processum
2217 3466 2551 3543 mittant“,
2614 3473 2689 3531 ut

410 3561 533 3641 ipsi
604 3560 977 3639 loquuntur,
1045 3556 1106 3617 h.
1178 3578 1228 3617 e.
1295 3557 1769 3635 programmata
1842 3557 1907 3612 et
1980 3550 2263 3614 libellum
2344 3550 2686 3615 forensem.

413 3645 617 3709 Multa
664 3644 1006 3707 multorum
1059 3644 1266 3703 errata
1312 3639 1593 3701 obelisco
1642 3636 2059 3711 confodimUS,
2104 3636 2211 3698 sed
2246 3636 2685 3717 pythagorica.

721 3744 844 3798 Cod.
882 3742 1016 3795 Frof.
1055 3743 1172 3794 365.

549 3866 564 3895 ¹
599 3863 696 3915 Ich
734 3878 952 3929 vermag
987 3861 1071 3913 die
1109 3860 1270 3913 Stelle
1307 3860 1456 3911 nicht
1491 3855 1911 3920 nachzuweisen,
1948 3854 2221 3907 vielleicht
2256 3852 2374 3906 sind
2404 3855 2491 3907 die
2516 3856 2689 3910 Verse

401 3931 551 3983 nicht
575 3930 830 3983 erhalten.
941 3932 961 3961 ²
993 3928 1414 3995 Plin.Panegy1·.
1437 3928 1484 3979 3.
1558 3925 1697 3979 Statt
1730 3923 2047 3975 meditatum
2074 3937 2286 3975 carmen
2311 3924 2450 3974 setzt
2472 3924 2688 3977 Mutian

406 3999 687 4065 protritum
723 3998 946 4051 Davidis
983 4012 1211 4052 carmen.
1249 3996 1430 4048 indem
1466 4011 1524 4046 er
1560 3993 1736 4062 gleich
1773 3992 1857 4067 die
1895 3990 2243 4057 Anwendung
2266 3991 2363 4066 auf
2378 3991 2466 4042 die
2489 3992 2688 4045 christ-

402 4066 578 4119 lichen
614 4066 850 4119 Priester
883 4066 1077 4119 macht.
1153 4063 1474 4116 Aehnlicher
1509 4062 1757 4114 Gedanke
1792 4076 1849 4110 m
1883 4058 1971 4110 Br.
2012 4058 2125 4111 120.
2199 4056 2415 4122 Sp1·1cht
2448 4060 2536 4111 fiir
2572 4062 2687 4113 die-

399 4134 544 4187 selbe
598 4134 1032 4203 Abfassungszeit
1088 4131 1236 4199 (Juni
1296 4130 1467 4199 1509).
1634 4131 1655 4161 3
1691 4126 1989 4189 Κακόχυλος
2025 4146 2090 4164 =
2134 4125 2377 4177 schlecht
2428 4128 2685 4181 nahrend.

401 4203 422 4234 ⁴
457 4203 640 4255 Seiner
686 4204 934 4270 Ausgabe
987 4203 1080 4255 des
1127 4200 1324 4253 Asinus
1371 4213 1579 4252 aureus,
1723 4198 1744 4229 ⁶
1777 4193 2045 4269 Woriiber
2104 4192 2377 4269 Herbord·
2412 4198 2689 4272 angefragt

395 4287 462 4321 zu
506 4271 680 4323 haben
728 4271 948 4323 scheint.
1091 4269 1114 4301 ⁶
1151 4268 1252 4320 We
1288 4285 1355 4320 en
1403 4269 1496 4320 des
1548 4265 1759 4317 Wortes
1808 4261 2076 4329 Syndikus
2140 4262 2241 4312 den
2290 4260 2439 4313 Bnef
2486 4280 2545 4314 m
2590 4265 2689 4318 das
3022 4299 3051 4342 Q

394 4339 429 4391 J
429 4339 527 4391 ahr-
581 4338 716 4391 1514
760 4355 828 4391 zu
880 4340 1075 4399 setzen,
1122 4353 1204 4389 wo
1251 4285 1495 4390 {erbord
1539 4334 1777 4387 Erfurter
1822 4328 2087 4398 Syndilms
2142 4328 2340 4391 wurde,
2401 4330 2532 4399 geht
2578 4348 2679 4387 aus

387 4407 584 4460 andern
621 4407 874 4461 Grunden
907 4405 1060 4459 nicht
1095 4420 1179 4459 an.
3057 4423 3059 4470 Ι
