3084 4895
417 408 544 471 508
1255 408 1429 462 Briefe
1465 408 1558 461 des
1596 406 1647 463 J.
1686 408 1837 463 1515.

419 578 618 642 Effice
663 583 754 655 tu,
823 583 896 641 ut
951 582 1130 660 pater
1195 582 1417 661 optato
1485 579 1659 643 illius
1720 580 2119 661 respondeat.
2210 578 2447 642 Vellem
2516 578 2686 641 dieta

427 664 696 728 hiberna
755 663 1074 728 fornacem
1123 663 1403 739 haberet,
1453 669 1527 728 ut
1572 663 1733 727 calvi
1782 669 1845 727 et
1892 664 2107 745 frigidi
2174 664 2401 727 saltem
2472 664 2681 727 cibum

421 752 746 813 sumentes
814 749 1218 813 calescerent.
1313 748 1431 824 Ah,
1504 749 1677 812 nulla
1745 753 1843 812 est
1908 749 2342 813 misericordia
2414 752 2682 830 patrum.

425 835 551 899 Vos
596 834 865 918 praelati
911 834 1072 899 bene
1118 856 1230 898 vos
1277 835 1514 898 curatis
1562 835 1639 898 de
1686 836 1911 899 ceteris
1944 834 2105 899 nihil
2136 856 2324 897 curae
2354 834 2685 898 habentes.

420 920 603 984 Dabo
675 921 980 984 florenum
1039 942 1119 983 ex
1181 920 1448 983 caritate
1516 919 1781 983 sincera.
1873 920 2069 984 Dabit
2138 922 2327 983 etiam
2400 919 2687 983 nonnihil

427 1005 820 1070 Matthaeus¹
859 1006 922 1069 in
959 1028 1142 1069 usum
1173 1005 1532 1087 praefornii.
1612 1004 1930 1086 Expedias
1960 1004 2082 1069 hoc
2112 1006 2281 1085 apud
2307 1003 2688 1069 Duronium²

424 1091 599 1154 hisce
643 1091 819 1155 feriis
866 1092 1041 1155 verbi
1086 1088 1410 1154 breviati.⁸
1498 1090 1641 1155 Non
1691 1090 1966 1155 libenter
2003 1091 2214 1155 saluto
2246 1095 2514 1172 patrem,
2548 1112 2687 1154 cum

425 1176 676 1240 Gothae
720 1182 835 1240 es†.
926 1176 1086 1238 Nam
1137 1174 1432 1258 Fig'ulus‘
1495 1177 2020 1256 impurissimus*
2081 1178 2296 1240 omnia
2354 1176 2691 1240 obscoenis

429 1263 618 1325 dictis
666 1262 984 1342 deturpat.
1075 1261 1214 1324 Tali
1261 1261 1530 1325 conviva
1575 1260 1871 1339 laetatur,
1934 1262 2045 1344 qui
2108 1263 2349 1325 sanctis
2407 1262 2692 1325 moribus

424 1347 761 1429 praesidet.
869 1346 922 1410 O
989 1348 1323 1427 indignum
1390 1346 1671 1409 facinus!
1788 1347 2000 1419 Gravi,
2072 1348 2301 1411 nedum
2375 1348 2550 1429 petii,
2622 1350 2694 1411 ut

425 1433 615 1496 amici
641 1432 708 1472 b⁵
757 1433 1018 1514 nuptias
1063 1432 1324 1513 largiter
1370 1437 1642 1495 ornaret.
1733 1431 1903 1495 Idem
1940 1437 2096 1514 puto
2131 1435 2195 1496 te
2228 1432 2473 1508 fecisse,
2508 1434 2696 1514 petiit

425 1518 590 1583 idem
657 1539 931 1600 sponsus
998 1521 1062 1581 et
1122 1518 1324 1581 literis
1388 1522 1453 1580 et
1515 1516 1765 1580 nuntio.
1854 1518 2017 1595 Quid
2063 1518 2483 1601 impetravit?
2574 1518 2696 1581 Par

422 1604 728 1686 leporum.
819 1603 1066 1667 Dantur
1111 1602 1254 1666 aliis
1302 1622 1550 1679 vaccae,
1598 1602 1939 1683 domicilia,
1974 1608 2201 1667 vestes.
2294 1602 2403 1666 Sic
2433 1603 2697 1667 fortuna

425 1689 564 1754 fert.
653 1688 816 1753 lllud
885 1690 1044 1752 scire
1111 1689 1318 1771 cupio,
1384 1686 1538 1769 quid
1606 1687 1913 1752 obtulerit
1976 1691 2201 1771 poetae
2274 1686 2518 1753 Coti0.⁶
2625 1688 2697 1753 Si

427 1775 584 1839 nihil
630 1774 913 1851 donavit,
962 1773 1073 1838 sed
1117 1775 1238 1838 sub
1286 1775 1624 1855 praetextu
1662 1772 1889 1855 judicii
1932 1774 2143 1855 latuit,
2176 1778 2345 1839 certe
2382 1774 2697 1855 pessimus

427 1866 526 1925 est
589 1860 774 1925 Cotio
841 1865 906 1925 et
965 1860 1375 1924 avarissimus
1443 1860 1727 1923 omnium
1798 1860 2121 1942 bipedum.
2213 1860 2445 1925 Omnia
2511 1859 2700 1942 polli-

430 1951 625 2013 cetur.
740 1946 958 2029 Vappa
1031 1949 1146 2009 est.
1260 1945 1516 2022 Quanto
1592 1944 1851 2027 majoris
1925 1945 2077 2010 fidei
2152 1949 2218 2010 et
2290 1946 2698 2012 dexteritatis

427 2030 956 2115 Engelmannus‚⁷
1003 2032 1112 2112 qui
1157 2051 1196 2093 a
1239 2052 1340 2095 me
1385 2030 1547 2095 nihil
1590 2029 1787 2095 officii
1830 2033 2078 2114 accepit
2124 2035 2189 2096 et
2232 2035 2450 2096 tamen
2512 2037 2699 2095 vetus

429 2118 586 2183 mihi
648 2119 865 2182 vinum
929 2117 1200 2199 largitus
1247 2120 1362 2180 est.
1455 2116 1713 2181 Utinam
1782 2138 2031 2199 possem
2098 2116 2326 2182 referre
2386 2117 2695 2199 gratiam!

431 2204 566 2287 Ego
613 2199 882 2287 nuptias
933 2202 1355 2267 Gothensium
1415 2222 1636 2266 omnes
1684 2204 1807 2267 etsi
1854 2223 1979 2268 non
2029 2203 2412 2286 praesentia,
2478 2206 2698 2267 tamen

431 2290 802 2356 muneribus
870 2288 1158 2353 honestis
1227 2286 1493 2352 celebro.
1587 2286 1715 2351 Cur
1780 2310 1909 2353 non
1979 2288 2220 2354 visito?
2307 2288 2529 2353 Dicam
2602 2290 2702 2353 in-

433 2398 656 2458 genue.
749 2374 910 2438 Mori
943 2379 1008 2437 et
1041 2372 1326 2437 Lotiani⁸
1373 2377 1695 2455 occupant
1725 2375 1989 2458 primam
2027 2397 2328 2439 mensam.
2408 2373 2700 2442 Mutiano

432 2465 602 2527 inter
645 2463 922 2526 vicarios
967 2461 1184 2524 sedere
1229 2482 1359 2525 non
1407 2461 1634 2542 placet.
1725 2461 1940 2526 Habes
1986 2483 2265 2542 causam,
2312 2483 2393 2526 ne
2422 2483 2524 2525 me
2556 2483 2699 2526 cum

434 2546 753 2614 Steffano⁹
797 2551 910 2612 tuo
959 2547 1241 2610 damnes
1333 2545 1503 2610 Vale.

741 2663 865 2718 eod.
901 2662 1034 2717 Frcf.
1070 2661 1190 2715 431.

433 2869 664 2942 (Gotha.)
1477 2852 1625 2917 444.
2190 2870 2331 2940 (Ans.
2368 2869 2485 2924 Jan.
2527 2868 2701 2938 1515.)

1183 2982 1476 3054 Mutian
1521 3000 1620 3053 an
1664 2980 1945 3052 Urban.

596 3111 688 3179 (U.
723 3113 825 3166 soll
857 3111 1164 3182 Mitteiluny
1197 3113 1326 3166 iiber
1358 3112 1457 3165 den
1505 3109 1991 3180 Weinberqslcdufer
2025 3109 2238 3164 Lanius
2272 3110 2531 3176 muchan.)

1187 3227 1266 3280 Η.
1303 3223 1562 3276 Urbano
1596 3226 1688 3279 M.
1722 3224 1943 3278 Eume.
2320 3203 2323 3206 .

646 3334 709 3400 S.
801 3331 983 3413 Quod
1030 3341 1220 3420 petis,
1266 3340 1559 3422 accipies,
1605 3341 1669 3402 et
1713 3336 1884 3420 quod
1931 3336 2221 3418 imperas,
2266 3333 2513 3397 faciam.
2608 3332 2705 3398 Tu

438 3423 625 3489 modo
687 3422 764 3486 de
821 3423 1084 3488 Lanio¹⁰
1140 3430 1254 3490 aut
1315 3426 1441 3491 alio
1489 3427 1772 3508 emptore
1839 3422 2099 3486 scribas.
2190 3419 2342 3484 Vale
2387 3423 2453 3484 et
2494 3440 2702 3501 parce.

437 3507 582 3572 Jam
629 3507 756 3572 alia
799 3508 1114 3574 molimur.

751 3627 874 3682 Cod.
913 3627 1046 3684 Frcf.
1083 3630 1202 3685 429.

439 3915 484 3967 Ε
517 3915 550 3968 b
582 3862 610 3890 a
626 3847 917 3926 ‘verbe-§sert
953 3866 1056 3902 aus
1091 3849 1554 3916 impuratissimus.
1684 3851 1713 3889 b
1740 3847 1850 3899 Am
1885 3845 2073 3898 Rande
2107 3860 2206 3896 von
2240 3847 2474 3911 spdterer
2510 3839 2677 3919 Hand
2688 3859 2706 3892 .·

485 3932 515 3969 o
553 3932 655 3970 am.

583 3986 598 4016 ¹
639 3985 691 4038 S.
717 3986 786 4040 60
812 3987 870 4038 A.
899 3986 945 4038 3.
1055 3986 1074 4018 ²
1109 3985 1215 4038 Der
1249 3987 1368 4040 Abt.
1419 3985 1469 4038 S.
1500 3984 1601 4038 108
1636 3985 1698 4036 A.
1730 3987 1773 4038 1.
1890 3983 1911 4014 ⁸
1949 3983 2034 4035 »In
2071 3981 2249 4034 diesen
2286 3979 2471 4056 Ferieu
2507 3978 2600 4030 dei·
2633 3977 2707 4028 im

443 4051 662 4105 Brevier
716 4054 1122 4106 verzeichneten
1168 4053 1628 4107 Bibellektiouen.«
1768 4053 1788 4084 ⁴
1824 4051 1876 4104 S.
1913 4051 2015 4105 406
2052 4052 2113 4102 Α.
2150 4049 2198 4102 6.
2341 4047 2495 4100 ⁵Dle
2530 4045 2708 4098 Rand-

443 4121 614 4188 glosse
651 4123 888 4176 vei-steht
922 4123 1115 4190 richtig
1171 4121 1417 4176 Eobanus
1473 4122 1694 4187 HessuS,
1746 4122 1933 4172 dessen
1990 4117 2251 4171 Hochzeit
2288 4117 2340 4168 in
2378 4117 2477 4168 den
2516 4114 2709 4190 letzten

441 4191 621 4257 Tagen
673 4191 806 4244 1514
855 4191 980 4243 oder
1027 4191 1128 4243 den
1181 4193 1354 4244 ersten
1403 4191 1537 4244 1515
1584 4189 1849 4242 stattfand.
1922 4187 2041 4256 Vgl.
2095 4185 2275 4240 Eoban
2329 4200 2395 4237 an
2449 4181 2709 4235 Reuchhn

445 4259 491 4312 6.
530 4259 650 4313 Jan.
691 4261 854 4311 1515:
891 4258 1024 4326 »Ego
1078 4259 1163 4312 his
1217 4259 1406 4312 diebus
1458 4273 1681 4311 uxorem
1736 4257 1909 4311 duxi«
2046 4257 2069 4288 ⁶
2105 4253 2446 4322 Sommering.
2520 4249 2571 4304 S.
2609 4249 2709 4302 239

441 4330 504 4450 ΑΛ.
541 4327 594 4448 3.
737 4328 756 4359 ⁷
792 4326 843 4379 S.
883 4327 984 4380 206
1030 4327 1092 4380 A.
1131 4327 1177 4380 2.
1321 4328 1342 4360 ⁸
1375 4326 1428 4382 S.
1471 4326 1538 4380 38
1574 4327 1637 4381 A.
1675 4327 1725 4380 4.
1825 4360 1829 4363 -
1867 4325 1890 4358 ⁹
1926 4323 1976 4380 S.
2014 4322 2117 4377 212
2152 4325 2215 4378 A.
2254 4324 2299 4377 l.
2446 4323 2487 4354 ¹⁰
2520 4317 2571 4372 S.
2608 4317 2709 4372 506

3024 3654 3049 3765 *tx
