3084 4895
1025 489 1235 543 Mutian
1274 507 1342 542 an
1382 489 1622 542 Herbord
1665 488 1770 541 und
1808 503 1872 538 an
1913 482 2111 538 Urban.
2604 479 2684 546 75

440 669 536 728 est
582 670 692 728 aut
737 665 800 728 in
848 665 1004 727 recti
1056 663 1358 761 pravique
1407 663 1782 738 discrimine,
1831 661 1998 740 quod
2047 663 2142 722 est
2187 661 2427 741 optimo
2463 660 2688 741 cuique

443 752 868 816 notissimum.
976 751 1130 827 Quis
1200 750 1316 812 nisi
1366 771 1582 812 vecors
1627 749 1899 828 ignorat,
1969 746 2119 828 quid
2182 747 2267 810 sit
2329 746 2686 819 honestum,

441 835 595 920 quid
641 838 844 900 utile?
912 859 1105 921 quum
1153 835 1217 898 id
1262 835 1585 898 mentibus
1656 834 1888 897 nostris
1956 837 2186 898 nat-ura
2251 835 2334 896 sit
2393 832 2686 896 inditum.
2753 901 2756 904 ,

443 926 664 987 Verum
714 924 881 1005 quod
930 924 1009 987 ad
1050 922 1252 987 bonas
1285 923 1498 985 literas
1530 920 1787 995 attinet,
1819 919 2013 983 altius
2045 919 2299 984 tandem
2335 923 2689 1000 repetemus

440 1011 604 1074 hanc
652 1005 1203 1091 disputationema
1250 1013 1312 1072 et
1356 1007 1684 1071 verbosius
1729 1013 1921 1087 atque
1966 1028 2045 1068 ex
2081 1011 2363 1089 tempore
2408 1005 2687 1086 explica-

443 1097 669 1174 bimm,
739 1096 892 1179 quid
958 1097 1229 1160 sentiam
1298 1096 1373 1158 de
1431 1094 1680 1176 legibus
1728 1092 2052 1169 DraconiS,
2103 1090 2379 1170 SoloniS,
2429 1142 2440 1153 .
2490 1142 2501 1154 .
2554 1141 2564 1153 .
2659 1092 2687 1130 b

439 1184 725 1266 Lycurgi
774 1183 968 1246 Mose.
1017 1181 1273 1259 Christi,
1324 1180 1630 1252 Platonis
1678 1179 2107 1261 PapirianiS,⁰
2156 1141 2690 1242 Decemviralibiis

438 1271 477 1333 i.
528 1294 577 1332 e.
624 1270 740 1332 XII
786 1252 1165 1344 tabularum,
1229 1267 1379 1349 quid
1426 1269 1576 1330 item
1627 1267 1703 1329 de
1749 1266 2178 1347 corruptione
2207 1265 2580 1329 Tribuniani
2629 1269 2691 1327 et

440 1357 750 1420 sociorum
821 1355 972 1437 ejus
1086 1355 1331 1416 Interea
1398 1355 1622 1416 titulos
1690 1353 1768 1416 ad
1835 1373 1948 1415 nos
2014 1352 2163 1415 dato
2212 1353 2307 1415 vel
2354 1354 2689 1433 impressos

442 1444 539 1506 vel
586 1465 776 1506 manu
836 1448 951 1505 tua
1010 1441 1298 1522 scriptos
1390 1439 1579 1502 Absit
1625 1445 1696 1501 ut
1741 1439 2066 1502 Mutianus
2111 1439 2512 1506 immutescat
2558 1441 2687 1500 tam

438 1536 711 1628 gratum,
758 1534 888 1592 tam
938 1529 1199 1592 docilem
1250 1531 1475 1590 nactus
1521 1525 1920 1606 discipulum.
2017 1527 2097 1588 At
2143 1547 2287 1590 vero
2334 1548 2412 1587 ne
2456 1525 2688 1587 fiducia

438 1617 602 1678 vires
692 1616 1055 1698 praeveniat
1136 1635 1292 1675 neve
1374 1614 1726 1693 praeceptis
1805 1611 2038 1674 nostris
2115 1612 2686 1696 experimentorum

441 1702 689 1784 pondus
722 1701 1037 1777 detrahaS,
1074 1700 1337 1782 injungo
1369 1700 1513 1775 tibi,
1560 1704 1633 1760 ut
1664 1698 1929 1780 legendo
1964 1704 2026 1761 et
2057 1698 2388 1762 scribendo
2436 1698 2690 1761 assidue

437 1795 503 1852 te
550 1790 756 1870 ipsum
820 1787 955 1851 foro
1013 1807 1349 1886 praepares
1396 1790 1459 1847 et
1506 1785 1800 1848 consulas
1847 1784 2127 1848 forenses
2172 1785 2426 1848 rabulas
2474 1789 2539 1848 et
2582 1807 2691 1848 ex-

440 1876 751 1957 perientia
797 1875 964 1938 viros
1010 1873 1307 1955 insignes,
1401 1872 1796 1952 Quamquam
1827 1873 1857 1912 d
1903 1871 2068 1935 enim
2104 1869 2335 1936 Caesar
2367 1872 2693 1953 Augustus

438 1962 552 2024 XII
601 1966 789 2025 natus
834 1981 1037 2025 annos
1086 1959 1397 2022 Avianum
1445 1980 1557 2041 pro
1606 1958 1828 2022 rostris
1859 1957 2164 2036 laudavit,
2195 1958 2403 2022 Julius
2437 1979 2689 2040 quoque

439 2048 670 2113 Caesar
714 2050 1153 2131 praetextatus
1212 2045 1420 2108 adhuc
1481 2045 1807 2108 accusavit
1864 2044 2310 2110 Dolabellam⁰
2355 2049 2420 2108 et
2464 2045 2690 2107 Demo-

438 2133 697 2198 sthenes
757 2133 966 2197 adhuc
1023 2154 1175 2214 puer
1236 2131 1354 2196 fori
1410 2132 1774 2195 tirocinium
1810 2132 1832 2170 f
1895 2131 2260 2214 auspicatus
2306 2135 2404 2195 est
2457 2130 2692 2214 aliique

440 2222 794 2304 complures
838 2221 1071 2283 teneris
1117 2219 1357 2284 viribus
1413 2219 1694 2281 nitentes
1770 2217 1832 2280 in
1904 2217 2108 2282 forum
2177 2218 2632 2292 descenderint
2663 2229 2693 2266 ⁸

439 2307 556 2371 tibi
604 2312 816 2372 tamen
866 2307 1082 2370 multis
1128 2307 1205 2371 de
1252 2307 1460 2369 causis
1508 2305 1920 2368 differendum
1958 2306 2077 2368 erit
2118 2305 2538 2369 tirociniums
2566 2328 2691 2370 non

441 2395 582 2460 dico
627 2396 692 2460 in
742 2398 1153 2471 senectutem,
1200 2393 1309 2457 secl
1357 2394 1421 2457 in
1472 2414 1707 2455 annum
1746 2391 2161 2474 sequentem‚¹
2213 2395 2444 2457 uttam
2480 2396 2693 2457 vetera

440 2483 647 2546 discas
694 2505 881 2565 quam
942 2502 1335 2545 communem
1396 2484 1566 2543 recte
1613 2484 1804 2561 atque
1850 2479 2067 2543 ordine
2113 2479 2496 2561 agendarum
2545 2502 2694 2543 cau-

438 2591 645 2633 sarum
728 2568 1270 2632 consuetudinem.
1400 2566 1586 2630 Prius
1663 2565 1827 2629 enim
1905 2566 2246 2631 bellatores
2313 2567 2393 2630 ad
2461 2589 2693 2648 equum

440 2655 720 2737 ligneum
774 2655 1150 2718 erudiuntur
1182 2658 1243 2717 et
1277 2654 1492 2736 copias
1524 2653 1931 2729 contrahunt,
1965 2675 2154 2733 quam
2192 2653 2421 2717 bellum
2450 2657 2692 2736 gerant

440 2742 625 2806 Prius
671 2766 738 2805 se
784 2734 1241 2804 Demosthenes
1274 2742 1353 2803 ad
1386 2740 1710 2823 speculum
1745 2745 1807 2802 et
1839 2740 1918 2803 ad
1951 2739 2133 2804 littus
2175 2740 2461 2804 exercuit
2501 2762 2689 2821 quam

439 2833 666 2893 oraret
776 2829 1000 2909 ltaque
1065 2827 1397 2891 consultus
1453 2831 1515 2889 et
1577 2832 1789 2889 orator
1859 2827 1982 2891 uisi
2051 2828 2695 2908 praeexercitamenta

440 2916 749 2989 didicerit,
810 2913 1161 2996 inopinatis
1210 2914 1523 2995 decipitur
1570 2911 1691 2975 fori
1735 2913 2138 2977 tractatibus,
2231 2913 2377 2978 Vale
2424 2918 2487 2976 et
2531 2914 2691 2978 scito

440 3003 626 3066 nobis
672 3001 927 3066 Gallum
974 2997 1403 3082 grandiorem²
1440 3022 1576 3063 esse
1609 3021 1800 3081 quam
1826 2999 2376 3081 jucundissimum.
2469 2999 2695 3064 Saluta

438 3094 603 3153 tuos,
699 3088 793 3153 Ex
839 3088 1051 3152 Gotha
1094 3086 1327 3150 MDVII
1376 3138 1387 3150 .
1438 3085 1570 3150 Cal.
1602 3087 1634 3125 ¹²
1678 3084 1850 3164 Maii,
1898 3087 1999 3150 die
2032 3086 2195 3151 festo
2227 3091 2292 3151 et
2321 3087 2692 3169 apostolico.

747 3189 869 3243 Cod.
905 3189 1037 3243 Frcf.
1075 3190 1191 3243 356.

440 3344 625 3398 Gotha.
1513 3342 1612 3405 70.
2147 3393 2151 3397 .
2279 3359 2358 3411 15.
2397 3356 2503 3409 Mai
2541 3357 2692 3410 1507.

1192 3471 1480 3541 Mutian
1525 3490 1623 3539 an
1670 3469 1947 3540 Urban.

441 3602 575 3669 (Soll
608 3601 705 3653 das
742 3600 909 3653 Lebe'n.
944 3601 1029 3652 cles
1065 3601 1131 3653 hl.
1169 3600 1451 3654 Bernhard
1492 3600 1774 3663 schreiben,
1841 3600 1966 3653 Cato
2017 3587 2345 3657 reackahnoen
2388 3598 2501 3650 und
2536 3615 2694 3666 yeyen

576 3670 676 3722 den
710 3669 936 3739 frz‘volen
972 3670 1251 3724 Pomanus
1284 3670 1401 3723 und
1432 3671 1530 3722 den
1562 3668 1911 3739 qeldqierv'yen
1950 3668 2222 3736 fflctfetter
2255 3668 2538 3735 Icc'impfeng)

647 3786 729 3835 H.
766 3786 1019 3835 Urbano
1059 3799 1391 3836 oeconomo
1429 3788 1492 3836 et
1528 3783 1838 3835 sacerdoti
1873 3785 2105 3846 optimo
2142 3785 2230 3834 Μ.
2266 3781 2488 3833 Rufus·

647 3897 710 3961 S.
803 3896 1073 3960 Fructus
1141 3897 1380 3977 ingenii
1446 3901 1581 3959 tum
1655 3897 1930 3960 maxime
2007 3897 2286 3977 capitur,
2363 3916 2556 3976 quum
2629 3895 2691 3957 in

440 3985 798 4068 proximum
833 3986 1189 4066 quemquei
1250 3984 1587 4047 confertur.
1665 3983 1828 4059 Quid
1861 3983 2055 4065 igitur
2087 3983 2345 4046 cessas?
2393 3980 2520 4045 Cur
2568 4004 2692 4045 non

578 4203 605 4230 α
634 4188 1063 4255 disputacionem.
1171 4193 1199 4230 b
1226 4188 1371 4255 Mmj.
1418 4188 1515 4240 wie
1561 4206 1614 4238 es
1647 4187 1862 4251 sclaeint,
1911 4186 2218 4239 abse‘cletliele
2266 4186 2577 4238 unleserlz‘ck
2607 4206 2693 4255 ye-

438 4256 721 4320 ,ec-hrieben,
760 4257 1012 4309 vielleicht
1048 4257 1278 4309 Minois‘.
1363 4258 1738 4323 cPapyrianis.
1829 4261 1857 4297 d
1888 4256 2212 4323 Quanquam.
2298 4270 2320 4297 ο
2350 4256 2692 4313 Dolobellam.

441 4335 464 4373 f
492 4326 823 4394 tyrocinium.
965 4339 994 4376 s
1022 4326 1403 4379 descenderunt
1440 4326 1586 4377 Tem.
1727 4330 1755 4367 l
1786 4326 2052 4380 (alendas,
2205 4329 2219 4367 i
2247 4342 2502 4393 querique.

582 4399 597 4427 ¹
634 4396 871 4449 Herbord
908 4397 1107 4448 erwarb
1145 4412 1202 4447 es
1239 4396 1448 4447 Winter
1485 4395 1723 4449 1507—8
1761 4396 2074 4464 (Rechnung
2075 4394 2243 4447 sbuch
2291 4396 2382 4447 der
2433 4394 2691 4448 Rektoren

440 4482 486 4519 a.
531 4464 807 4543 1507—8).
914 4465 935 4497 2
970 4464 1238 4518 Cornelius
1276 4463 1474 4533 Gallus,
1514 4466 1698 4517 dessen
1739 4464 2007 4532 (unechte)
2044 4466 2076 4516 6
2114 4462 2244 4531 Eleg
2247 4463 2358 4516 ieen
2395 4462 2526 4516 Ven.
2555 4465 2684 4519 1501

438 4534 764 4590 erschienen.
834 4534 1071 4588 Herbord
1106 4534 1313 4587 scheint
1348 4535 1440 4588 das
1462 4506 1634 4587 Buch
1670 4550 1736 4587 an
1772 4534 1840 4588 M.
1880 4533 2151 4602 geschickt
2186 4549 2252 4587 zu
2292 4533 2484 4585 haben.
