3084 4895
512 386 640 458 430
1348 373 1523 442 amre
1560 375 1651 441 «ies
1686 387 1735 444 J.
1774 387 1922 444 1514.

725 562 942 626 Laude
987 581 1168 644 pares
1217 559 1393 624 fandi
1441 559 1772 642 titulisque
1814 561 2127 642 superbus
2171 565 2237 626 et.
2284 586 2457 642 auro,

807 649 858 710 si
907 648 1112 711 scelus
1158 646 1494 722 addideris,
1544 644 1821 710 Graccus
1867 655 2129 731 uterque
2176 648 2315 713 fuit.

723 734 914 798 Aufer
957 739 1022 796 et
1064 733 1330 796 insidias
1377 737 1441 794 et
1483 731 1759 811 fraudeS,
1805 733 2017 808 Balde,
2065 742 2386 815 nocenteS,

807 821 1116 884 sincerum
1164 818 1359 882 faciat
1405 839 1609 899 poena
1654 841 1870 883 severa
1914 823 2136 884 virum.
2201 868 2205 872 -

722 907 953 981 Habea,
1023 904 1257 986 quibus
1324 903 1561 970 finibus
1630 911 1993 970 coerceatur
2057 907 2325 972 audacia
2378 914 2445 972 et
2486 909 2768 991 perfidia.

524 995 728 1080 „Suae
761 994 1029 1075 quisque
1060 991 1236 1054 faber
1267 995 1365 1053 est
1397 989 1706 1054 fortunae.
1720 991 1777 1023 “¹
1868 991 2209 1092 Nunquam
2255 999 2479 1057 sancta
2522 996 2767 1078 simpli-

519 1084 677 1147 citas
722 1079 951 1142 statuit
1002 1077 1308 1159 trophaea
1364 1075 1682 1175 perfidiae.
1776 1077 2001 1142 Audax
2056 1081 2142 1143 sit
2199 1087 2469 1163 oportet,
2530 1083 2641 1162 qui
2696 1083 2767 1146 id

517 1169 820 1250 sequitur,
893 1163 1058 1244 quod
1127 1162 1380 1243 assequi
1447 1163 1583 1226 sine
1654 1163 1929 1244 periculo
1999 1167 2235 1262 nequit.
2348 1165 2547 1230 Nemo
2619 1169 2767 1250 plus

515 1255 766 1329 audeat,
836 1271 1021 1332 quam
1094 1255 1162 1312 ut
1234 1248 1439 1330 possit
1501 1249 1779 1312 tolerari.
1870 1249 2135 1326 Quando
2187 1251 2292 1333 jus
2353 1258 2418 1316 et
2482 1253 2767 1336 dignitas

517 1358 836 1405 sacrorum
882 1335 1291 1412 subvertitur,
1339 1335 1530 1398 etiam
1577 1336 1759 1416 quies
1804 1340 1867 1398 et
1912 1336 2084 1402 salus
2131 1339 2411 1402 civitatis
2458 1339 2761 1402 elevatur.

517 1428 912 1490 Documento
959 1425 1110 1484 sunt.
1154 1419 1425 1484 Sinoues
1471 1425 1534 1483 et
1580 1419 1912 1499 Catilinae,
1947 1425 2054 1505 qui
2086 1424 2387 1488 adversus
2429 1425 2759 1506 imperium

515 1507 800 1576 Mart-ini²
870 1507 1171 1570 nefariam
1240 1527 1490 1592 operam
1557 1515 1981 1588 sumpserunt.
2074 1508 2199 1573 Sed
2264 1510 2419 1574 deus
2482 1513 2765 1593 optimus

517 1599 832 1664 maximus
893 1593 1160 1658 salutem
1216 1593 1294 1656 ad
1360 1591 1611 1670 multOS,
1674 1613 1939 1674 poenam
1987 1595 2065 1658 ad
2111 1618 2348 1679 paucos
2412 1597 2764 1661 redundare

514 1685 732 1750 voluit.

822 1779 944 1834 Ood.
981 1779 1112 1834 Frcf.
1155 1779 1271 1833 169,

516 1972 743 2042 (eotha.)
1564 1951 1707 2016 360.
2314 1973 2361 2026 5.
2397 1972 2524 2026 Juni
2562 1973 2759 2044 (1514).

1256 2079 1547 2149 Mutian
1593 2099 1689 2150 an
1734 2079 2010 2150 Urban.

517 2214 649 2282 (Hat
683 2211 798 2264 sich
831 2211 915 2262 die
948 2209 1160 2263 Namen
1193 2209 1284 2262 der
1317 2225 1418 2262 von
1450 2209 1551 2261 den
1584 2207 1872 2262 Mainxem
1914 2209 2212 2277 Gestraften
2245 2213 2556 2278 anyemerkn
2586 2214 2761 2282 preist

514 2283 631 2336 sich
676 2280 938 2349 yliccklieh
989 2296 1158 2359 weyen
1209 2279 1383 2330 semer
1425 2277 1761 2346 freiwilliqen
1804 2277 2005 2331 Armut
2050 2279 2167 2331 und
2208 2280 2757 2349 ere‘oelcyexoyenkeit.

515 2351 654 2405 Hiob
703 2348 1050 2403 Schrindisen
1091 2347 1156 2400 in
1201 2347 1400 2400 Hessen
1444 2347 1518 2400 ist
1569 2347 1633 2401 in
1673 2347 1830 2414 Folye
1863 2349 1950 2400 des
1980 2348 2293 2416 politi-seben
2356 2349 2761 2419 Umsclzwunyes

513 2421 778 2475 verbannt.
849 2417 1096 2471 Fromme
1156 2415 1411 2469 Πῖαὶηεσὶιε
1454 2415 1551 2483 fu'r
1594 2416 1693 2469 das
1724 2432 1856 2471 ‘rme
1888 2417 2176 2485 Reqimenl.
2256 2417 2496 2473 Osmtmd
2525 2421 2629 2475 soll
2656 2421 2760 2475 das

516 2488 879 2544 Herkrdesbihl
909 2487 1055 2539 nicht
1089 2486 1351 2539 schamem.
1422 2485 1494 2539 M.
1522 2486 1645 2607 {mu
1668 2486 1777 2608 ἴπαὶι
1810 2487 1901 2539 der
1932 2486 2119 2541 Partei
2174 2488 2533 2557 Sbmmemnys
2581 2490 2759 2543 nicht&

1395 2572 1470 2607 zu
1503 2560 1522 2607 t
1558 2572 1636 2607 zm
1770 2572 1835 2607 en
1837 2558 1871 2624 .)

586 2674 832 2724 Dilecto
867 2672 985 2723 sibi
1021 2670 1275 2721 Urbano
1309 2671 1583 2733 Agamos
1614 2670 2009 2733 Agamestorss
2034 2672 2217 2733 juxta
2248 2673 2450 2733 perito
2486 2686 2693 2725 rerum

1215 2758 1401 2815 atque
1435 2756 1759 2809 literarum
1795 2758 1856 2807 Β.
1892 2770 1954 2817 p.
1992 2757 2051 2807 d.

719 2868 951 2933 Notavi
1025 2890 1150 2939 eos
1225 2867 1493 2947 Urbane,
1573 2869 1681 2949 qui
1755 2868 1939 2933 abusi
2010 2868 2246 2933 furiosa.
2322 2870 2753 2935 dominat-ione

514 2955 722 3067 puniti
765 2962 916 3019 sunt
958 2955 1161 3018 ultore
1206 2954 1496 3019 MartinO.
1588 2955 1865 3019 Catilina
1908 2960 2007 3019 est
2049 2956 2363 3021 Antonius
2404 2956 2753 3020 laloteros⁴

425 3095 434 3103 .
519 3045 716 3108 Sinon
782 3040 903 3105 fuit
967 3040 1362 3104 Bettholdus.
1473 3040 1738 3105 Baldum
1808 3044 2029 3125 opinor
2096 3044 2283 3106 nosti.
2394 3043 2529 3124 Ego
2598 3043 2749 3107 mihi

515 3130 815 3193 ficticium
885 3149 1132 3202 nomen,
1189 3149 1268 3190 ne
1322 3127 1555 3191 malum
1616 3128 1802 3192 stilus
1870 3130 2199 3211 parturiat,
2267 3128 2487 3192 indidi.
2575 3128 2751 3193 Nihil

516 3212 790 3279 vividius
834 3236 908 3277 ac
953 3215 1159 3277 verius
1205 3214 1329 3277 dici
1373 3218 1603 3295 potest,
1651 3236 1839 3297 quam
1887 3214 2126 3278 dictum
2174 3214 2363 3278 estin
2399 3216 2749 3279 causidicos

520 3307 735 3367 sontes
782 3304 845 3364 et
890 3300 1057 3363 leves
1088 3299 1185 3363 vel
1220 3302 1431 3380 potius
1463 3301 1653 3381 impie
1688 3301 1944 3365 noxios:
1998 3300 2277 3382 „Quibus
2312 3302 2468 3365 dant
2498 3300 2750 3365 fraudes

517 3388 959 3462 emolumenta,
1005 3386 1312 3449 dederunt
1357 3392 1420 3449 et
1463 3385 1828 3468 supplicia.“
1930 3388 2063 3467 „An
2112 3386 2243 3449 ulla
2286 3386 2591 3468 putatis“,
2650 3389 2747 3449 in-

518 3476 658 3557 quit
689 3472 1016 3553 VergiliuS,
1064 3472 1267 3553 „dona
1313 3494 1518 3535 carere
1564 3470 1843 3536 dolis‘?“⁸
1921 3471 2217 3535 Gratulor
2245 3494 2421 3537 meae
2453 3473 2747 3547 desidiae,

517 3582 676 3644 quae
753 3559 941 3622 nullis
1015 3559 1328 3639 corrumpi
1403 3562 1613 3640 potest
1684 3558 2198 3640 largitionibus.-
2258 3558 2422 3623 Tuta
2488 3581 2588 3623 res
2654 3564 2748 3623 est

517 3648 806 3711 ultronea
883 3649 946 3707 et
1019 3645 1187 3707 laeta
1261 3648 1597 3727 paupertas
1680 3650 1744 3708 et
1822 3646 1991 3709 vitae
2062 3645 2447 3710 innocentia.
2567 3646 2747 3709 Dicat

516 3733 763 3797 Momus
809 3731 1142 3812 inglorium
1179 3734 1242 3793 et
1272 3731 1560 3793 socordia
1594 3730 1977 3795 hebet-iorem
2011 3753 2109 3794 me
2140 3730 2396 3795 factum.
2475 3731 2747 3795 Fatebor

517 3820 767 3883 tardum
814 3840 967 3889 esse,
1016 3818 1120 3880 sed
1171 3816 1326 3881 adeo
1373 3817 1635 3881 stultum
1688 3818 1963 3890 minime,
1997 3818 2147 3898 quin
2183 3817 2459 3881 humana
2491 3820 2747 3899 negotia

517 3908 716 3970 norim
766 3909 829 3967 et
873 3902 1162 3967 consulto
1208 3924 1332 3967 non
1381 3925 1528 3967 casu
1579 3904 1801 3967 vivam.
1894 3902 2065 3982 Sum,
2115 3904 2228 3966 deo
2261 3905 2485 3985 gratia,
2522 3904 2745 3967 mentis

514 4013 790 4073 compos
880 3990 1067 4052 Miser
1132 3989 1252 4066 ille,
1321 3991 1610 4073 quisquis
1675 3991 1740 4052 in
1809 4012 2053 4054 summa
2124 3990 2367 4053 dicendi
2438 3991 2638 4072 gloria
2681 3994 2743 4052 et

514 4077 862 4142 honoribus
947 4075 1352 4157 amplissimis
1437 4075 1751 4139 infelicem
1828 4077 2089 4139 sortitur
2159 4078 2419 4139 exitum.
2536 4074 2743 4139 Minus

515 4165 720 4228 helcle
764 4163 970 4241 miser,
1019 4164 1116 4225 cui
1163 4163 1226 4225 in
1275 4163 1561 4244 sepulcro
1608 4163 1879 4244 contigit
1941 4162 2205 4227 humari.
2298 4164 2515 4244 Neque
2582 4163 2741 4225 enim

655 4304 669 4333 ¹
705 4301 825 4355 Sall.
865 4302 959 4353 Ad.
999 4300 1142 4354 Caes.
1182 4298 1246 4349 de
1281 4314 1385 4365 rep.
1423 4298 1528 4352 ord.
1553 4298 1594 4365 Ι,
1623 4298 1667 4350 1.
1776 4300 1795 4329 ²
1828 4296 1935 4349 Des
1958 4296 2203 4350 Mainzer
2216 4296 2443 4351 Stuhles.
2550 4298 2572 4327 ⁸
2603 4284 2745 4349 Uber

513 4372 695 4439 diesen
748 4372 854 4423 und
908 4370 991 4422 die
1045 4367 1316 4437 folgenden
1368 4367 1745 4420 Scheinnamen
1800 4367 1903 4434 vgl.
1940 4382 2047 4418 vor.
2084 4364 2171 4420 ΒΓ.
2313 4370 2333 4399 ⁴
2366 4390 2433 4406 =-
2467 4362 2739 4432 λαλώιερος.

517 4431 666 4491 Uber
700 4442 982 4491 Antonius
991 4438 1042 4490 S.
1079 4438 1181 4491 42⁶2
1215 4439 1275 4489 A.
1313 4438 1360 4490 4.
1503 4438 1524 4468 ⁵
1558 4436 1712 4503 Velmg
1750 4436 1878 4487 Aen.
1913 4435 1980 4502 ΙΙ,
2016 4436 2083 4486 43
2119 4450 2194 4502 sq.
