3084 4895
844 456 1056 519 Mutian
1093 481 1163 518 an
1199 453 1408 520 erotus,
1482 453 1736 534 spalatin
1773 481 1844 520 an
1878 455 2081 522 Urban.
2468 458 2593 532 129

331 639 580 722 „Furor
628 638 848 720 iraque
896 640 1174 700 mentem
1239 634 1721 717 praecipitant.“
1751 635 1767 668 '
1861 636 2141 701 Detonat
2188 635 2369 715 cato,
2424 639 2601 720 quis-

328 726 478 808 quis
525 724 630 788 ille
675 727 802 787 est:
869 723 1098 803 „Irasci
1145 722 1226 784 ab
1272 743 1337 784 re
1385 721 1571 784 noli.“
1600 719 1621 754 ²
1716 723 1811 783 An
1859 744 1976 804 ego
2023 745 2163 786 acer
2220 727 2283 786 et
2335 725 2601 786 immitis

334 833 492 892 erga
571 808 1068 892 placidissimum
1149 806 1683 888 mitissimumque
1761 805 2073 871 Crotum?
2191 806 2600 889 Tranquillus

332 919 498 958 sum.
612 895 778 970 Quid
849 893 1052 978 dicam
1122 892 1199 954 de
1266 891 1538 954 Clodia?
1646 892 1824 956 Illam
1903 916 2039 955 esse
2115 892 2401 956 Clodiam
2471 916 2597 956 non

333 982 581 1064 putavi.
688 979 1032 1042 Abstineas
1101 976 1471 1039 maledictis
1576 976 1881 1040 Vecordia
1944 984 2041 1040 est
2106 979 2275 1040 tanti
2346 979 2599 1060 patroni

331 1067 582 1129 laedere
657 1063 1100 1127 concubinam.
1221 1061 1435 1124 Valeat
1499 1065 1780 1143 „patriae
1864 1065 2219 1125 communis
2274 1061 2597 1146 Erinnys⁸.

336 1151 654 1214 Cedamus
705 1147 962 1211 Phoebo
1021 1151 1086 1208 et
1131 1147 1355 1209 moniti
1407 1147 1664 1208 meliora
1710 1147 2107 1230 sequamu1·.⁴‘
2209 1149 2391 1224 Audi,
2446 1150 2599 1231 quid

330 1237 531 1300 faciat
564 1257 672 1298 rex
706 1235 771 1297 in
807 1255 1001 1314 regno
1036 1231 1390 1294 Hessiatico
1423 1232 1526 1308 (de
1558 1231 1995 1314 lantgraphio⁴
2029 1233 2297 1315 loquor).
2362 1234 2601 1314 Agnita

328 1322 738 1405 possessione
784 1340 963 1393 meae
1009 1317 1254 1400 patriae
1287 1321 1497 1380 scorta
1529 1318 1930 1381 sacerdotum
1966 1319 2182 1398 exegit
2214 1318 2602 1400 deportavit-

333 1429 478 1488 que.
571 1403 876 1468 Castrant
951 1425 1018 1466 se
1085 1403 1258 1464 vidui
1327 1402 1692 1466 sacerdotes
1755 1403 1849 1466 uti
1904 1403 2051 1466 olim
2120 1404 2597 1485 hierophantae.

325 1492 663 1555 Eobanum
725 1489 996 1552 Hessum
1071 1487 1652 1567 ingeniosissimum
1708 1489 2007 1569 juvenem
2074 1490 2309 1570 quibus
2364 1491 2601 1572 poteris

330 1574 996 1642 commendationibus
1043 1571 1292 1653 adjuva.
1383 1572 1538 1634 Esto
1586 1575 1938 1636 declarator
1968 1578 2032 1637 et
2064 1595 2288 1654 praeco
2324 1575 2598 1651 honoriS.

331 1667 395 1726 et
443 1661 686 1743 comple
732 1659 1114 1722 auditorium
1165 1658 1573 1720 ornatissima
1618 1657 2056 1740 loquacitate⁶.
2148 1659 2361 1741 Nuper
2406 1661 2600 1723 cavil-

327 1748 448 1811 lari
493 1747 684 1809 libuit
730 1766 917 1825 super
963 1742 1082 1806 hoc
1138 1743 1330 1805 verbo
1383 1744 1768 1824 „compleo“.
1860 1743 2027 1807 Risit
2086 1743 2421 1826 Petrejus⁶‚
2471 1767 2599 1809 non

328 1835 474 1896 risit
517 1831 839 1895 EobanuS.
933 1827 1065 1909 Ego
1112 1827 1302 1890 derisi
1335 1849 1462 1896 eos,
1509 1830 1619 1909 qui
1656 1831 1912 1893 verbum
1948 1850 2063 1892 suo
2096 1831 2400 1911 regimine
2432 1831 2599 1894 frau-

328 1919 560 1982 dantes
607 1917 828 1980 dicunt
873 1913 1245 1995 simpliciter
1292 1917 1354 1974 et
1385 1915 1709 1976 absolute:
1759 1915 2051 1996 complet,
2100 1915 2412 1997 deposuit,
2464 1939 2601 1979 mu-

330 2005 514 2067 tavit.
607 2001 770 2078 Quid
839 1999 1114 2080 complet
1175 2001 1421 2060 amator
1478 1999 1765 2080 puellae?
1871 1999 1958 2063 Os
2018 2000 2255 2082 lingua,
2320 2023 2599 2064 cunnum

328 2111 493 2172 pene
521 2099 566 2150 ⁸.
641 2086 804 2162 Quid
840 2085 1102 2166 deponit
1149 2105 1351 2146 novus
1385 2085 1806 2148 scholasticus
1836 2084 1915 2146 ¹³⁸?
1976 2085 2218 2166 Pignus
2250 2086 2599 2160 fidelitatis,

331 2175 456 2236 hoc
500 2178 598 2235 est
638 2170 1104 2253 jusjurandum.
1197 2168 1359 2245 Quid
1423 2176 1520 2233 est
1578 2176 1821 2233 mutare
1878 2171 2050 2234 aliud
2110 2193 2299 2253 quam
2356 2171 2601 2253 hirqui-

334 2259 587 2322 tallire‘?
675 2256 847 2319 Haec
892 2255 1134 2318 urbane
1207 2255 1377 2316 dicta
1440 2255 1824 2337 quibusdam
1886 2262 1960 2318 ut
2004 2256 2293 2332 molesta,
2357 2258 2599 2338 putida,

329 2345 552 2407 odiosa
601 2343 925 2424 negotium
960 2339 1304 2402 facessunt.
1370 2340 1500 2404 Nos
1534 2363 1679 2403 vero
1706 2341 1990 2422 jocemur
2021 2342 2381 2404 liberaliter.
2434 2343 2597 2404 Vale.

641 2441 764 2495 Ood.
799 2440 932 2493 Frcf.
971 2439 1087 2494 362.

328 2682 556 2751 (Torgau
569 2681 618 2750 ‘?)
1403 2665 1542 2729 108.
2224 2680 2279 2749 (J
2280 2696 2361 2734 an.
2404 2681 2538 2735 1509
2552 2682 2599 2751 1³)

1061 2788 1407 2876 Spalatin
1451 2811 1549 2859 an
1598 2789 1877 2859 Urban.

953 2918 1367 2985 (Glic'ckwunsok
1401 2935 1533 2971 xum
1567 2917 1753 2970 Neuen
1784 2918 1981 2985 Jahre.)

572 3031 799 3081 strena.
833 3032 1143 3091 spalat-,ini
1176 3031 1361 3082 fratri
1396 3044 1506 3081 suo
1542 3032 1818 3083 Henrico
1855 3032 2113 3083 Urbano
2148 3032 2356 3082 missa.

540 3140 687 3205 Sint
730 3144 851 3206 tibi
899 3165 1062 3224 quae
1109 3144 1400 3225 cupimus
1445 3144 1654 3208 felicia
1700 3148 1987 3226 tempora
2030 3166 2294 3229 semper,

643 3228 977 3309 perficiant
1023 3249 1244 3292 cursus
1289 3230 1504 3293 omnia
1552 3236 1701 3293 vota
1745 3251 1913 3293 suos,

494 3314 499 3318 ’
542 3312 628 3375 Te
675 3312 934 3377 foveant
980 3316 1212 3396 superi,
1259 3316 1518 3378 faveant
1562 3317 1682 3377 tibi
1730 3318 1993 3378 numina
2042 3314 2231 3377 Vallis

644 3404 837 3479 atque
882 3400 1017 3461 dies
1063 3400 1251 3462 hilari.
1291 3406 1545 3481 pectore
1591 3422 1836 3481 semper
1880 3422 2051 3480 agas

644 3498 766 3551 Cod.
804 3498 939 3551 Frcf.
981 3500 1093 3553 134.

471 3646 784 3778 {gfff-¹331).
824 3639 882 3769 I?
905 3634 1306 3771 {eoggsticxuzss’
1342 3703 1472 3754 Aen.
1519 3701 1589 3765 Π,
1627 3704 1727 3755 315
1764 3720 1840 3771 sq.
1982 3704 2003 3735 ²
2038 3704 2151 3754 Aus
2205 3702 2332 3779 den·
2357 3701 2599 3756 Disticha

331 3769 554 3822 mot-aha
587 3770 680 3821 des
718 3788 892 3839 sogen.
929 3770 1080 3823 Dion.
1131 3770 1270 3824 Cato.
1309 3770 1534 3823 Sentenz
1573 3770 1641 3824 20
1676 3787 1771 3823 vor
1803 3772 1892 3824 lib.
1931 3772 1971 3823 I.
2116 3770 2137 3801 ⁸
2168 3768 2402 3822 »Patriae
2454 3786 2597 3822 com-

331 3838 512 3888 munis
547 3838 798 3905 Erynnis«
832 3840 988 3905 Verg.
1026 3841 1156 3890 Aen.
1192 3838 1260 3895 ΙΙ.
1285 3840 1386 3891 573
1423 3854 1525 3890 von
1561 3838 1654 3890 der
1687 3838 1902 3892 Helena.
1971 3839 2077 3890 Der
2094 3837 2212 3904 folg.
2242 3838 2312 3889 V.
2350 3854 2447 3889 aus
2470 3841 2595 3891 Aen.

331 3904 430 3963 ΙΙΙ,
462 3906 573 3957 188.
649 3907 944 3959 *wilhelm
967 3907 1032 3959 Π.
1073 3923 1174 3958 von
1211 3907 1414 3958 Hessen
1449 3908 1489 3973 †
1520 3909 1598 3958 11.
1622 3907 1732 3960 Juli
1776 3908 1920 3961 1509.
1986 3906 2092 3958 Auf
2124 3907 2243 3957 dem
2280 3906 2598 3974 Reichstage

333 3989 402 4023 zu
423 3973 560 4025 Koln
593 3977 721 4029 1505
760 3977 867 4027 und
891 3976 1028 4027 darm
1066 3975 1261 4026 wieder
1297 3992 1364 4027 zu
1392 3974 1633 4026 Kostnitz
1663 3976 1791 4028 1507
1829 3976 1975 4027 hatte
2012 3990 2071 4025 er
2105 3990 2227 4025 vom
2253 3974 2442 4025 Kaiser
2478 3992 2596 4026 zum

331 4041 517 4093 Danke
553 4044 637 4095 fiir
667 4045 751 4096 die
787 4044 860 4095 im
899 4044 1226 4095 Pfalzischen
1257 4042 1446 4109 Kriege
1483 4043 1753 4108 geleistete
1788 4044 1947 4095 Hiilfe
1984 4042 2069 4093 die
2092 4041 2433 4109 Bests‘itigung
2470 4043 2599 4095 aller

333 4108 684 4163 Reichslehen
722 4113 894 4164 seines
929 4110 1329 4163 Fiirstentumes
1377 4112 1630 4163 orhaltcn.
1702 4112 1763 4163 In
1803 4112 1905 4163 den
1941 4112 2133 4162 letzten
2179 4110 2381 4171 Jahren
2427 4112 2599 4163 seiner

332 4176 632 4247 Regierung
667 4180 792 4233 liess
829 4197 886 4233 er
919 4180 1036 4231 sich
1071 4180 1187 4231 eine
1207 4179 1560 4231 Reformation
1599 4181 1691 4231 der
1716 4180 1925 4231 Kloster
1960 4178 2241 4230 besonders
2278 4194 2363 4229 am
2391 4178 2595 4231 Herzen

332 4245 520 4312 liegon.
593 4248 828 4311 Dilieh,
866 4249 1017 4299 HeSS.
1057 4248 1243 4301 Chron.
1293 4247 1428 4299 Frkf.
1472 4249 1618 4299 1617.
1668 4248 1718 4300 S.
1756 4248 1871 4300 270.
2016 4250 2037 4278 r,
2071 4245 2416 4298 Oeffentliche
2464 4248 2595 4299 Vor—

336 4313 589 4381 lesungen
627 4318 766 4369 kann
801 4317 858 4370 Ε.
896 4317 1099 4368 Hessus
1136 4319 1244 4367 erst
1277 4316 1413 4367 nach
1450 4316 1598 4367 Febr.
1641 4316 1790 4379 1509,
1831 4332 1910 4366 wo
1946 4331 2002 4365 er
2039 4330 2159 4365 zum
2196 4314 2449 4382 Magister
2478 4331 2595 4381 pro-

339 4382 608 4450 movierte‚
645 4385 889 4451 gehalten
925 4384 1111 4451 haben.
1183 4383 1250 4435 So
1288 4390 1423 4436 ware
1474 4383 1558 4436 die
1596 4383 2116 4435 wahrscheinlichste
2170 4383 2595 4449 AbfaSSungszeit

335 4448 599 4517 Fruhjahr
637 4454 784 4506 1509.
924 4454 947 4485 ⁰
979 4442 1127 4504 Uber
1162 4452 1318 4503 Peter
1351 4452 1625 4504 Eberbach
1666 4452 1766 4519 vgl.
1805 4451 1856 4503 S.
1899 4452 1992 4502 117
2032 4452 2185 4501 Anm.
2224 4452 2271 4502 3.

395 4538 662 4580 zeitschrift
690 4542 746 4582 N.
773 4542 826 4581 Ρ.
854 4540 1010 4587 sappi.
1037 4540 1117 4578 1x.
2103 4518 2143 4582 9
