3084 4895
482 431 606 498 378
1310 434 1485 492 Briefe
1521 435 1615 490 des
1651 435 1703 491 J.
1745 437 1890 494 1513.

485 667 715 740 (Gotha.)
1525 660 1670 725 307.
2334 679 2381 733 3.
2421 678 2535 734 Okt.
2577 679 2737 736 1513.

1232 785 1520 858 Mutian
1566 807 1665 859 an
1711 787 1989 858 Urban.

485 908 903 990 (Verurtpilmde
944 911 1309 982 Besprechuny
1349 916 1437 968 des
1488 917 1809 996 Qutaektmzs
1845 917 1935 970 der
1970 917 2220 998 Erfurter
2269 919 2541 988 Tlaeoloyen
2570 935 2733 1000 qeyen

487 977 754 1032 Reuchlin
787 998 905 1033 vom
940 984 990 1034 3.
1059 985 1075 1004 ¹
1131 989 1165 1036 t.
1203 985 1348 1037 1513.
1419 985 1522 1039 Dw
1548 985 1745 1038 Kb‘l‘ner
1766 987 1929 1039 sollen
1952 987 2107 1040 heber
2124 1005 2281 1056 yeqen
2304 989 2403 1040 dm
2424 989 2731 1044 sokwmdel-

1111 1052 1258 1120 aften
1290 1054 1497 1123 Μαρῶν
1538 1056 1601 1111 G.
1640 1055 1813 1108 Faust
1847 1056 2131 1124 voryeben.)

592 1163 1134 1219 Praestantissimo
1170 1170 1640 1222 coenobitarum
1672 1170 1930 1222 Urbano
1964 1173 2179 1222 nostro
2214 1167 2326 1237 (M.
2360 1168 2605 1240 Rufus).

682 1275 746 1340 S.
835 1278 1062 1343 Verum
1111 1285 1226 1360 est,
1273 1281 1444 1362 qnod
1489 1280 1739 1360 scribiS,
1785 1281 1954 1346 hunc
1999 1304 2133 1346 esse
2180 1303 2414 1346 morem
2476 1283 2731 1350 theolo-

477 1361 806 1442 gistarum,
857 1369 931 1428 ut
961 1371 1024 1428 et
1058 1366 1255 1431 bonas
1287 1368 1503 1432 literas
1536 1374 1603 1432 et
1634 1367 1793 1431 bene
1838 1369 2125 1432 literatos
2154 1367 2301 1432 odio
2337 1368 2733 1440 insectentur

477 1448 574 1510 vel
622 1447 990 1514 decumam.
1085 1453 1230 1516 Heri
1263 1454 1530 1535 legimus
1564 1455 1627 1516 in
1664 1476 1877 1518 sacro:
1930 1455 2238 1536 „Pacifice
2280 1455 2731 1536 loquebantur,

474 1533 582 1597 sed
649 1557 790 1600 cum
862 1537 1064 1602 dolo.“
1160 1540 1322 1617 Quid
1386 1540 1496 1604 illa
1564 1540 1687 1603 sibi
1753 1541 1943 1604 verba
2022 1541 2271 1604 volunt:
2356 1541 2487 1623 „Ne
2558 1542 2731 1626 regis

472 1620 802 1685 Idumaeae
869 1645 1014 1688 ossa
1079 1624 1142 1688 in
1212 1628 1452 1690 cineres
1513 1648 1715 1708 usque
1770 1627 2259 1692 consumantur“
2283 1626 2342 1688 ‘?¹
2434 1627 2731 1692 Profecto

474 1728 723 1787 parcere
795 1709 1017 1775 volunt
1083 1711 1414 1794 Capnioni,
1482 1735 1610 1777 non
1668 1733 1889 1794 rogum
1946 1714 2223 1776 excitare
2282 1713 2403 1776 nisi
2472 1719 2728 1783 tantum

471 1792 679 1856 libris:
729 1797 910 1876 quasi
957 1819 1104 1861 vero
1151 1798 1310 1862 liber
1354 1799 1513 1863 citra
1545 1799 1823 1862 auctoris
1854 1799 2147 1881 injuriam
2184 1799 2471 1862 comburi
2506 1801 2727 1881 possit.

474 1879 526 1943 O
573 1879 850 1945 fucatam
885 1883 1316 1948 clementiam!
1407 1885 1542 1950 Sub
1594 1885 1802 1968 specie
1833 1885 2094 1948 humani
2126 1886 2393 1949 affectus
2427 1886 2734 1952 atrociter

471 1966 860 2032 desaeviunt.
953 1970 1324 2035 Cumbussit
1356 1970 1542 2035 Italia
1585 1971 1847 2034 Antonii
1896 1970 2361 2036 Panormitani²
2410 1979 2729 2054 poemata.

471 2051 561 2118 Eo
594 2053 763 2118 facto
795 2060 1011 2120 notam
1062 2058 1292 2122 inussit
1339 2064 1582 2140 poetae.
1664 2057 2033 2124 Combussit
2066 2058 2405 2140 Mogontia
2438 2059 2734 2141 magistri

471 2139 811 2204 Wesaliae⁸
857 2143 1188 2223 opiniones
1233 2145 1684 2226 gymnasticaS.
1780 2143 2039 2208 Famam
2074 2146 2243 2208 senis
2290 2166 2363 2208 ea
2409 2167 2509 2208 res
2556 2146 2733 2224 coin-

474 2228 784 2308 quinavit.
875 2229 994 2305 Qui
1038 2229 1266 2294 librum
1300 2230 1457 2308 odit,
1491 2231 1862 2314 scriptorem
1909 2231 2064 2294 odit.
2139 2229 2282 2295 Non
2318 2235 2532 2313 potest
2562 2228 2735 2296 laedi

471 2312 759 2394 alterum,
829 2315 950 2380 nisi
997 2317 1233 2381 sentiat
1300 2317 1460 2382 alter
1526 2317 1965 2400 ignominiam.
2061 2317 2141 2380 Et
2211 2317 2503 2399 quamvis
2572 2318 2741 2396 baec

471 2400 562 2465 ita
607 2401 755 2479 sint,
802 2403 1040 2468 audent
1084 2408 1297 2471 tamen
1345 2404 1784 2487 imprudentes
1841 2402 2219 2489 Trophonii‘
2278 2403 2370 2469 sic
2422 2405 2737 2473 scribere:

477 2488 886 2571 „Judicamus
931 2512 1117 2573 saepe
1163 2491 1364 2555 fatum
1412 2491 1719 2568 libellum,
1790 2492 1949 2555 citra
2015 2495 2231 2555 tamen
2296 2492 2577 2556 auctoris
2629 2494 2743 2559 sui

473 2580 689 2640 notam
740 2580 803 2641 et
850 2577 1284 2659 ignominiam,
1343 2578 1887 2660 supprimendum,
1948 2576 2336 2643 tollendum“
2388 2583 2454 2642 et
2500 2585 2737 2644 cetera.

475 2660 595 2725 Sed
644 2661 803 2725 nihil
846 2664 968 2729 hac
1013 2662 1231 2728 fraude
1281 2663 1629 2746 proficient.
1723 2663 2135 2746 Appellamus
2182 2662 2534 2741 Caesarem,
2582 2688 2739 2749 pro—

466 2768 764 2813 vocamus
827 2751 908 2814 ad
953 2772 1268 2815 summum
1341 2750 1725 2832 pontificem,
1796 2757 1870 2813 ut
1935 2751 2203 2815 stultum
2273 2751 2730 2833 praejudicium

468 2840 894 2916 consequatur
979 2838 1293 2901 saniorem
1371 2836 1781 2903 sententiam.
1905 2836 2136 2901 Caesar
2210 2837 2533 2902 silentium
2608 2839 2732 2903 im-

463 2921 756 3004 peravit.⁵
847 2924 1022 3006 Papa
1068 2924 1243 2988 dedit
1289 2923 1780 3005 disceptatorem
1830 2923 2196 3005 episcopum
2258 2922 2733 2995 Basiliensem.⁸

467 3008 565 3071 Ex
611 3029 738 3090 quo
787 3015 998 3093 potest
1043 3010 1273 3092 colligi,
1338 3031 1526 3092 quam
1578 3010 1664 3074 sit
1709 3032 1855 3074 cara
1914 3010 2087 3073 salus
2131 3014 2196 3074 et
2241 3009 2525 3093 dignitas
2578 3010 2733 3081 Jani

468 3094 781 3159 Reuchlin
833 3096 1152 3177 capitibus
1197 3096 1593 3161 orthodoxae
1638 3096 1804 3159 fidei.
1901 3094 2066 3159 Eant
2111 3096 2307 3179 igitur
2350 3096 2527 3160 lividi
2582 3120 2734 3163 cen-

463 3203 639 3246 sores
695 3182 759 3246 in
823 3183 1163 3247 maximam
1235 3182 1463 3247 malam
1536 3204 1805 3247 crucem.
1912 3180 2178 3246 Caesare
2246 3187 2310 3246 et
2375 3182 2587 3247 Leone
2652 3186 2731 3249 X.

470 3268 762 3351 propitiis
851 3269 1200 3334 minutulos
1275 3269 1434 3333 istos
1511 3269 2013 3332 cacodaemonas
2089 3269 2268 3333 flocci
2358 3270 2732 3351 pendamus

463 3354 725 3420 Latrare
794 3361 1083 3439 possunt,
1151 3361 1224 3420 ut
1291 3377 1480 3420 canes
1552 3354 1809 3432 rabiosi,
1892 3357 2178 3419 mordere
2244 3376 2371 3418 non
2440 3364 2733 3437 possunt,

607 3596 624 3626 ²
656 3594 814 3647 Diese
869 3594 1052 3647 Woite
1112 3594 1286 3646 finden
1338 3590 1454 3646 sich
1505 3592 1582 3644 im
1636 3592 1934 3645 Gutachten
2000 3592 2093 3646 der
2149 3592 2397 3647 Erfurter.
2471 3594 2598 3647 Ten
2616 3597 2735 3659 zel,

467 3663 648 3731 Suppl.
686 3664 728 3717 Ι.
765 3680 816 3731 p.
857 3664 971 3717 100.
1116 3665 1136 3695 ²
1171 3661 1395 3715 Antonio
1431 3660 1736 3714 Panormita
1772 3661 1832 3730 (†
1871 3661 2044 3729 1471),
2079 3662 2279 3714 Lehrer
2296 3663 2391 3714 der
2407 3662 2737 3719 Humaniora

465 3732 520 3785 in
556 3732 791 3785 Mailand
826 3733 934 3784 und
970 3730 1153 3797 Paria,
1190 3748 1292 3783 von
1328 3730 1516 3783 Kaiser
1551 3728 1856 3797 Sigismund
1896 3730 2031 3783 1432
2068 3748 2191 3783 zum
2224 3731 2445 3783 Dichter
2498 3732 2732 3800 gekriint.

465 3802 566 3855 Die
604 3802 988 3869 Verbi-ennung
1022 3802 1126 3853 tras
1157 3800 1297 3853 wohl
1335 3800 1447 3852 sein
1483 3798 1735 3851 obscenos
1772 3799 2213 3867 Dichtungswerk
2239 3798 2731 3866 Hermaphroditus.

515 3872 536 3903 ³
571 3871 779 3924 Johann
815 3888 864 3923 v.
889 3870 1068 3922 Wescl
1107 3869 1166 3938 (†
1204 3869 1376 3933 1481),
1413 3884 1597 3935 wegen
1632 3867 1804 3920 seiner
1839 3868 2046 3920 Lehrcn
2074 3868 2213 3934 iiber
2248 3869 2347 3920 den
2383 3869 2573 3922 Ablass
2610 3888 2736 3923 zum

463 3939 737 3992 Widerruf
767 3956 1104 4007 gezwungen,
1129 3937 1275 3990 scine
1293 3937 1557 3990 Schriften
1584 3936 1879 3989 vei-brannt.
1992 3939 2011 3967 ⁴
2047 3927 2191 3989 Uber
2214 3937 2298 3989 die
2319 3938 2733 3993 veischiedenen

469 4010 644 4078 Sagen
678 4025 784 4061 von
819 4008 1142 4076 Trophonius
1179 4006 1282 4074 vgl.
1321 4004 1587 4060 Erasmus'
1642 4004 1904 4072 Adagien:
1960 4004 2322 4058 »Recentiores
2374 4006 2449 4060 ita
2500 4009 2732 4067 tradunt,

469 4078 821 4146 Trophonium
883 4079 1061 4129 virum
1133 4076 1396 4143 quendam
1457 4074 1621 4125 fuisse
1678 4090 1838 4140 supra
1890 4075 2104 4126 modum
2162 4074 2355 4142 gloriae
2422 4076 2733 4129 famelicum

470 4146 880 4215 Empedoclique
913 4145 1248 4199 simillimum
1286 4146 1660 4210 exstructoque
1698 4143 1799 4195 sibi
1836 4143 2177 4197 subterraneo
2213 4144 2477 4197 domicilio
2518 4154 2735 4200 oracula

467 4216 786 4282 reddidisse,
823 4215 1011 4268 deinde
1046 4214 1139 4267 ubi
1174 4213 1264 4265 ille
1300 4214 1436 4264 fame
1472 4212 1774 4278 interiisset,
1823 4212 2037 4277 genium
2074 4212 2335 4279 quendam
2370 4212 2425 4264 in
2462 4214 2516 4265 id
2551 4214 2733 4268 immi-

466 4302 641 4353 grasse
689 4288 846 4352 atque
893 4284 1106 4337 oracula
1155 4282 1372 4335 reddere
1426 4281 1765 4347 perrexisse«
1834 4280 1966 4333 Hier
2000 4296 2105 4334 von
2142 4282 2242 4335 den
2278 4280 2515 4335 Erfurter
2562 4284 2733 4338 Theo-

464 4355 637 4421 logen.
763 4357 784 4386 ⁵
817 4352 898 4405 Im
932 4353 1072 4406 Juni.
1146 4351 1404 4418 Geigcr,
1446 4350 1506 4401 R.
1545 4348 1598 4402 S.
1637 4350 1752 4402 279.
1887 4352 1909 4381 ⁰
1944 4348 2014 4403 M.
2053 4350 2123 4403 ist
2158 4350 2308 4402 nicht
2340 4366 2513 4418 genau
2548 4356 2732 4406 unter-

468 4422 678 4475 richtet.
752 4421 915 4475 Pabst
947 4421 1054 4473 Leo
1088 4418 1157 4472 X.
1196 4420 1450 4486 iiber-nug
1485 4421 1595 4471 erst
1627 4418 1704 4470 im
1736 4418 1872 4471 Nov.
1913 4420 2053 4473 1513.
2082 4418 2165 4471 die
2204 4418 2605 4491 Entscheidung
2630 4422 2733 4475 den

465 4490 750 4545 Bischofen
786 4505 888 4542 von
924 4488 1105 4557 Speier
1137 4488 1247 4540 und
1282 4487 1510 4555 Worms,
1548 4486 1698 4541 nicht
1732 4488 1857 4541 aber
1894 4488 2013 4539 dem
2051 4504 2155 4541 von
2192 4487 2363 4541 Basel.
