3084 4895
1091 389 1104 398 θ
1201 407 1412 482 Mutian
1449 433 1518 471 an
1562 402 1765 472 Urban.
2390 445 2395 451 ¹
2480 405 2607 484 413

427 591 702 658 Henfioo
738 588 992 642 Urbano
1023 566 1320 654 magistro
1351 592 1585 653 insigni
1616 589 1852 642 latinae
1884 589 2133 652 linguae
2166 590 2559 651 peritissimo,

425 689 760 730 oeconomo
791 679 920 728 tam
953 677 1165 740 sagaci
1181 747 1184 752 Ι
1198 689 1384 756 quam
1413 676 1565 736 fido,
1581 676 1778 728 amico
1816 678 1993 727 extra
2027 675 2227 727 aleam
2251 676 2555 729 collocato

1313 764 1402 814 M.
1435 761 1661 814 Rufus.

565 872 640 936 S.
728 873 1207 956 Peropportune
1251 873 1426 940 venit
1472 872 1840 936 Faustinus¹
1893 872 2179 935 felicibus
2224 873 2353 935 tuis
2398 874 2609 957 auspi-

365 961 500 1023 ciis,
615 961 822 1040 Atque
891 960 1135 1023 utinam
1214 957 1560 1023 Faustinus
1636 965 1999 1042 permaneat
2070 979 2274 1039 neque
2345 958 2459 1022 fiat
2530 961 2607 1024 de

361 1045 668 1109 Faustino
712 1045 1044 1120 LentuluS‚
1091 1051 1164 1109 ut
1207 1046 1528 1127 geminata
1588 1043 1915 1108 lentulitas
1970 1044 2199 1108 heriles
2248 1043 2465 1125 jussus
2510 1068 2604 1108 re-

356 1130 584 1195 tardet.
677 1131 845 1195 Haec
873 1132 1114 1212 jocans
1207 1131 1358 1195 Vide
1391 1131 1564 1195 Croti
1596 1129 2092 1206 salutationem.²
2168 1129 2381 1212 Nuper
2410 1132 2597 1196 dixit:

362 1217 570 1280 bonus
615 1217 767 1280 dies.
857 1216 1040 1280 Nunc
1081 1217 1331 1281 scribit:
1393 1217 1560 1281 bona
1606 1236 1882 1298 vespera.
1971 1215 2245 1298 Lepidus
2300 1214 2487 1281 homo
2542 1219 2605 1282 id

361 1303 484 1366 sibi
529 1304 856 1384 permittit.
947 1302 1142 1367 Recte
1206 1302 1394 1382 facit3
1463 1325 1577 1386 par
1642 1309 1741 1366 est
1804 1303 1990 1378 enim,
2054 1307 2125 1365 ut
2177 1301 2417 1366 amicus
2462 1325 2602 1368 cum

361 1389 566 1452 amico
627 1388 1022 1452 familiariter
1077 1411 1156 1452 ne
1216 1388 1416 1452 dicam
1465 1390 1769 1453 audacter
1832 1351 2000 1468 agat,
2088 1387 2256 1467 Vale,
2332 1391 2605 1453 virorum

363 1475 829 1557 sapientissime
873 1479 938 1538 et
982 1476 1324 1539 amicorum
1372 1475 1811 1538 sincerissime.
1892 1473 1983 1536 Ex
2030 1439 2414 1558 Tranquillo,
2496 1475 2607 1582 Die

369 1559 596 1624 Vitalis
643 1559 956 1624 MDXIIII.

538 1683 540 1685 ’
669 1659 1116 1714 Cod.Frcf.153.

363 1849 594 1918 (soffia.)
1407 1833 1579 1902 342..
2241 1852 2283 1903 1.
2319 1849 2427 1903 Mai
2464 1850 2611 1906 1514.

1104 1959 1406 2030 Mutian
1435 1980 1534 2030 an
1575 1960 1855 2032 Urban.

361 2086 490 2154 (Dio
523 2085 721 2140 Kb’lner
753 2087 922 2140 haben
955 2087 1244 2142 Reucklins
1278 2087 1328 2141 A
1328 2087 1657 2157 uyenspieyel
1684 2087 1979 2142 verbrannt.
2034 2085 2106 2140 Μ.
2127 2087 2219 2140 hat
2251 2087 2336 2140 die
2368 2088 2611 2141 verdae’ich-

335 2215 338 2220 ,
363 2157 526 2224 tiyten
582 2155 772 2210 &ellan
817 2157 1030 2225 yelesen,
1085 2157 1170 2210 die
1203 2157 1319 2210 ‘ihm
1358 2159 1450 2210 der
1495 2157 1777 2226 Theoloyist
1833 2156 2088 2211 Schalbus
2134 2156 2348 2224 yem'yt.
2427 2157 2613 2210 Oratus

365 2225 509 2294 klaqt
541 2225 668 2278 iiber
699 2225 882 2280 seo'own
937 2225 1170 2280 Eintrict
1211 2226 1276 2278 in
1307 2227 1408 2280 den
1435 2227 1740 2296 yeistliehen
1788 2226 1971 2280 Stand
2045 2225 2323 2294 Spalatins
2376 2225 2611 2294 Diplom.

1037 2293 1191 2362 Bias,
1226 2295 1326 2348 den
1359 2295 1536 2349 Adam
1570 2313 1643 2348 zu
1676 2295 1912 2350 sohiclaen
1916 2297 1948 2362 .)

788 2407 1190 2461 ornatissimo
1229 2410 1397 2472 patri
1429 2409 1511 2463 Η.
1548 2409 1802 2463 Urbano
1836 2409 1921 2463 M.
1958 2405 2179 2461 Rufus.

577 2518 640 2583 S.
735 2519 1206 2586 Praedicatores
1262 2522 1673 2587 Colonienses
1740 2521 2223 2587 combusserunt
2266 2520 2606 2603 Speculum

371 2604 674 2671 oculare.⁸
743 2606 880 2683 Quo
904 2607 1044 2690 jure
1076 2629 1280 2690 quave
1308 2609 1563 2690 injuria,
1609 2630 1735 2673 non
1766 2608 2002 2673 attinet
2032 2608 2254 2673 dicere.
2300 2606 2608 2672 Reuchlin

374 2712 647 2774 „magno
691 2693 812 2756 sub
851 2693 1065 2775 judice
1108 2692 1348 2759 victor“
1415 2696 1687 2761 insultat
1744 2695 2120 2759 adversariis
2166 2700 2229 2757 et
2274 2694 2457 2774 quasi
2500 2716 2611 2757 ex-

365 2778 568 2842 sultat
630 2777 713 2841 ob
761 2778 943 2843 ⁴litem
1011 2780 1355 2845 secundum
1415 2798 1484 2845 se
1527 2781 1760 2845 datam.
1853 2780 2025 2860 Vide,
2071 2785 2310 2863 quanto
2378 2784 2610 2843 conatu

291 2908 295 2911 -
369 2885 574 2945 nugas
620 2864 1036 2929 deblaterant.
1125 2866 1264 2943 Qua
1307 2868 1372 2933 in
1405 2888 1472 2931 re
1515 2867 1694 2931 subit
1736 2866 1891 2931 mihi
1924 2866 2370 2949 Terentianum
2414 2865 2607 2929 illud:

373 2950 592 3032 „Quids
637 2972 778 3014 cum
837 2951 964 3015 illis
1017 2972 1191 3033 agas,
1260 2952 1370 3033 qui
1431 2974 1635 3033 neque
1683 2953 1788 3035 jus
1852 2962 2056 3034 neque
2124 2951 2355 3017 bonum
2418 2957 2610 3031 atque

369 3058 642 3117 aequum
691 3037 946 3102 sciunt?
1033 3037 1260 3105 Melius
1305 3039 1500 3121 peju8‚
1548 3040 1748 3122 prosit
1792 3061 1872 3102 an
1919 3040 2120 3103 obsit:
2169 3038 2324 3101 nihil
2373 3037 2607 3115 vident,

369 3124 497 3186 nisi
535 3122 708 3205 quod
753 3122 1024 3187 lubet.“⁴
1111 3123 1266 3206 Legi
1310 3126 1619 3207 quaedam
1654 3126 1884 3207 capita,
1933 3145 2095 3206 quae
2127 3125 2307 3205 nigro
2340 3123 2610 3187 carbone

373 3210 620 3273 notavit
690 3208 1018 3273 ‹Iacobus‘
1107 3210 1198 3275 Ea
1255 3210 1408 3274 mihi
1467 3211 1751 3276 ostendit
1809 3216 2111 3275 ventosus
2164 3216 2229 3273 et
2288 3230 2607 3289 arrogem,

369 3296 438 3357 in
483 3316 609 3375 quo
655 3295 970 3359 laudando
1017 3300 1088 3360 tu
1133 3294 1399 3361 multum
1435 3301 1498 3361 et
1529 3298 1753 3363 misere
1784 3298 2027 3375 errasti,
2058 3298 2357 3377 magister
2387 3294 2609 3359 Schal-

371 3382 538 3445 bos?
573 3377 594 3411 ‘²
649 3381 901 3463 ³Neque
968 3383 1132 3448 enim
1199 3383 1498 3447 inertem.
1531 3387 1595 3447 et
1650 3383 1991 3467 superbum
2059 3402 2384 3463 gerronem
2453 3382 2609 3445 satis

371 3488 776 3549 cognoveraS‚
824 3468 956 3531 etsi·
989 3472 1056 3532 te
1085 3470 1324 3535 centies
1349 3490 1739 3545 monueram,
1782 3474 1857 3535 ut
1888 3468 2135 3550 fugeres
2166 3467 2607 3547 contagionem

369 3553 814 3633 theologicam.
905 3552 1076 3620 Bene
1133 3558 1322 3636 potus
1379 3556 1655 3619 assensit
1712 3552 2139 3637 theologistis⁷
2210 3555 2395 3617 etiam
2470 3574 2609 3615 cum

380 3646 563 3721 gestu
611 3640 843 3704 favoris
887 3640 1156 3721 antiqui.
1254 3641 1282 3704 1
1327 3662 1498 3721 nunc
1557 3646 1619 3704 et
1664 3640 1797 3707 dic:
1862 3644 2076 3705 noster
2120 3646 2218 3706 est
2261 3640 2399 3704 iste.
2489 3638 2613 3703 Sed

370 3726 528 3790 haec
587 3748 684 3789 me
753 3747 879 3789 non
946 3726 1321 3808 perturbant
1381 3732 1685 3808 tanquam
1742 3727 2102 3851 improvisa.
2192 3725 2421 3790 Crotus
2463 3746 2609 3789 vero

363 4022 369 4027 ,
517 3966 532 3997 ¹
511 3894 850 4019 ξ’ἰὶιὶιέιέιιιιιῖε
865 3896 1072 4045 Τιιωνξὲθιι
1122 3967 1214 4019 des
1249 3968 1503 4019 frommen
1551 3966 1880 4019 Wunschos:
1931 3965 2068 4033 quod
2113 3964 2343 4017 faustum
2390 3966 2471 4021 sit.
2540 3966 2612 4019 Er

370 4032 472 4087 soll
506 4033 630 4085 kein
665 4034 921 4088 Lentulus
957 4035 1004 4087 d.
1043 4035 1075 4087 i.
1113 4035 1431 4104 Langsamer
1464 4034 1689 4087 werden.
1761 4033 1810 4087 S.
1847 4034 1946 4087 407
1984 4038 2046 4088 Α.
2084 4033 2131 4085 2.
2278 4036 2297 4067 ²
2331 4034 2389 4087 In
2439 4036 2607 4087 einem

365 4103 543 4157 Briefe
579 4118 674 4157 aus
707 4102 750 4156 F
751 4104 890 4159 ulda
961 4103 1242 4159 Dieselben
1264 4104 1380 4169 sind
1416 4104 1514 4157 mit
1550 4104 1786 4171 wenigen
1806 4103 2145 4157 Ausnahmen
2168 4103 2415 4168 verloren
2438 4104 2607 4156 w-ahr

367 4171 662 4226 scheinlich
709 4188 891 4241 wegen
927 4172 1068 4227 ihres
1106 4164 1490 4227 ιειίῑι·ειιι1ἰὸ1ιθιι
1541 4172 1747 4251 Inhalts
1798 4170 2401 4241 (Dunkelmannerbriefe
2454 4173 2605 4240 betr.)

365 4240 666 4294 vernichtet
699 4243 923 4295 worden.
981 4242 1621 4311 Vgl.dieE1·wiihnungen
1654 4242 1705 4295 in
1743 4242 1827 4295 Br.
1866 4241 1979 4296 306.
2019 4240 2119 4294 308
2156 4242 2188 4293 f.
2228 4242 2345 4293 332.
2451 4241 2611 4293 ³Das

365 4310 920 4378 Vei-brennuugsedikt
945 4327 1030 4365 am
1061 4312 1134 4367 10.
1171 4310 1292 4366 Feb.
1334 4313 1478 4364 1514.
1541 4312 1657 4363 Gei
1669 4328 1791 4378 ger,
1828 4310 1888 4363 R.
1927 4309 1977 4363 S.
2015 4310 2128 4364 301.
2239 4310 2609 4363 ⁴T01·.Heaut.

367 4380 461 4443 lv,
503 4382 548 4441 1,
587 4379 651 4432 29
687 4396 762 4448 sq.
903 4382 924 4413 ⁶
959 4380 1320 4434 Hoohstraten.
1461 4380 1483 4411 ⁶
1517 4380 1634 4448 Vgl.
1674 4380 1757 4435 Br.
1796 4378 1917 4434 330:
1968 4378 2337 4431 »Schalbonem
2391 4380 2613 4446 accepis

447 4451 466 4482 '⁶'
508 4449 621 4502 Den
654 4448 938 4517 Erfurtern,
974 4449 1028 4501 in
1064 4450 1232 4502 ihrem
1269 4448 1563 4503 Gutachten
1600 4466 1651 4503 v.
1689 4450 1735 4504 3.
1774 4448 1913 4517 Sept.
1956 4448 2104 4502 1513.
