3084 4895
857 400 1183 457 Mosellanus
1220 418 1288 455 an
1324 398 1554 455 Mutian.
1627 399 1838 454 Mutian
1875 416 1944 454 an
1980 397 2149 467 Lang.
2511 397 2636 475 603

276 572 289 577 ’
364 598 467 643 res
514 600 657 641 mea
704 574 982 639 redierit.
1070 574 1207 638 Imo
1274 572 1533 638 fortuna
1593 574 1750 637 meis
1809 572 2052 637 meritis
2118 572 2318 653 major
2383 570 2636 650 arridet,

365 685 585 729 verum
658 661 825 724 hanc
894 661 1095 742 ipsam
1166 663 1231 722 et
1294 659 1515 723 multis
1575 662 1641 721 et
1699 657 2035 723 laboriosis
2101 656 2636 740 praelectionibus

370 750 738 823 coemimuS,
784 746 944 808 adeo
992 749 1066 808 ut
1111 742 1272 807 nihil
1318 745 1404 807 sit
1451 743 1568 806 otii
1629 765 1835 825 super,
1907 764 2036 823 quo
2103 742 2347 825 ingenii
2411 763 2641 807 nervos

368 831 867 916 transponendis
912 831 1157 911 graecis
1224 829 1559 893 intendere
1625 830 1832 892 liceat.
1923 829 2212 910 Augetur
2277 850 2352 891 ac
2413 828 2639 891 crescit

370 919 660 1003 quotidie
703 916 963 980 libraria
1010 921 1229 979 nostra
1274 914 1580 996 supellex,
1629 914 1785 978 adeo
1845 918 1919 976 ut
1963 915 2018 976 si
2062 914 2222 977 nihil
2282 912 2456 976 aliud
2518 912 2638 975 hoc

370 1013 585 1069 tamen
654 1002 867 1066 solatii
935 1003 1001 1063 in
1071 1000 1308 1063 nostris
1374 1000 1694 1062 aerumnis
1762 998 2129 1062 habeamus.
2243 998 2414 1060 Bene
2481 998 2638 1076 vale,

372 1090 663 1153 Mutiane
731 1087 991 1167 optime,
1053 1106 1251 1166 quem.
1307 1084 1509 1148 solum
1558 1084 1678 1147 hac
1723 1082 2102 1147 Germaniae
2167 1087 2348 1166 parte
2415 1082 2640 1159 habeO,

374 1178 439 1239 in
513 1174 696 1255 cujus
762 1173 977 1235 sinum
1042 1170 1310 1233 affectus
1377 1190 1552 1233 meos
1617 1168 2084 1233 transfundam.
2196 1170 2432 1232 Iterum
2505 1168 2645 1231 vale

372 1266 569 1341 atque
614 1260 875 1339 ignosce
920 1259 1288 1337 extempore
1334 1255 1658 1319 scribenti.
1751 1253 1993 1319 Octavo
2061 1254 2280 1318 Kalen.
2311 1265 2340 1293 ⁸
2397 1253 2642 1317 Junias.

379 1345 650 1429 Lipsiae.

1484 1423 1874 1489 Mosellanus
1918 1428 2070 1487 tuus
2125 1420 2436 1509 Φαῖδρος.

686 1524 813 1579 Coll.
852 1525 1055 1579 Camer.
1094 1526 1297 1579 Monac.
1334 1523 1483 1591 XVI,
1524 1524 1628 1577 13.ι

377 1738 567 1792 Gotha.
1436 1721 1582 1785 540.
2208 1738 2253 1789 1.
2289 1736 2417 1790 Juni
2453 1737 2648 1810 (1516).

1060 1901 1065 1907 .
1154 1834 1445 1916 Mutian
1489 1866 1588 1916 an
1632 1845 1872 1931 Lang.

382 1974 600 2043 (Sentiet
634 1974 791 2027 einen
822 1973 919 2041 fibr
960 1975 1149 2028 Orotue
1184 1976 1517 2029 bestimmten
1550 1974 1719 2041 Briefi
1793 1974 2072 2027 Awtrius’
2109 1972 2324 2027 Ber-ioht
2346 1990 2447 2028 von
2471 1974 2653 2043 Lcmys

608 2042 841 2111 Prediqt.
920 2043 1304 2097 Gliae'ckwwnsch
1338 2059 1413 2095 κα
1445 2044 1648 2097 semem
1680 2060 1849 2096 neuen
1883 2042 2040 2096 Amte
2072 2042 2161 2095 des
2195 2042 2424 2109 Priora)

762 2157 1137 2207 Reverendo
1172 2158 1389 2221 Lange
1424 2158 1641 2221 priori,
1676 2156 1968 2217 theologo
2005 2153 2284 2205 diserto)

594 2267 657 2331 S.
706 2266 765 2331 d.
855 2266 1260 2333 Interventus
1305 2272 1560 2334 tuorum
1608 2268 1763 2333 mire
1793 2267 1988 2331 vertit
2018 2265 2388 2331 institutum
2421 2288 2651 2331 meum.

393 2350 672 2417 Daturus
745 2375 915 2417 eram
992 2354 1239 2419 steriles
1314 2355 1618 2438 epistolas
1692 2353 2096 2417 commodum
2169 2352 2500 2415 absolutas
2573 2354 2656 2417 ad

388 2435 650 2503 Crotum
712 2436 972 2503 meum.³
1058 2439 1203 2513 Eae,
1268 2442 1420 2523 quia
1479 2464 1609 2506 non
1672 2442 1876 2520 magis
1923 2437 2092 2501 hunc
2137 2459 2326 2520 quam
2377 2441 2441 2502 te
2485 2459 2657 2502 com-

392 2525 655 2608 plector,
730 2524 875 2597 tibi,
950 2531 1130 2606 pater
1203 2527 1459 2609 optime,
1539 2525 1761 2590 dedico
1826 2525 2178 2605 scripturus
2245 2524 2371 2586 alia
2438 2521 2652 2590 Croto.

392 2609 613 2691 Neque
658 2611 821 2672 enim
870 2611 1009 2674 sine
1055 2611 1258 2676 literis
1303 2611 1605 2675 Austrius
1650 2610 1784 2675 ille⁴
1831 2609 2249 2674 dimittendus
2281 2612 2434 2686 erat,
2469 2607 2658 2673 homo

390 2693 618 2777 plenus
664 2694 831 2770 fidei,
878 2701 953 2758 ut
996 2695 1203 2760 obiter
1234 2702 1299 2760 et
1329 2698 1560 2761 stando
1599 2697 1898 2778 judicem,
1933 2695 2122 2758 etiam
2158 2699 2306 2758 ante
2339 2715 2659 2758 comesum

395 2783 470 2844 ut
512 2780 698 2861 ajunt
747 2781 1025 2844 modium
1074 2781 1241 2846 salis.
1337 2781 1407 2846 Si
1455 2782 1656 2860 fallor,
1706 2787 2016 2844 errantem
2065 2780 2390 2862 redargue.
2464 2780 2658 2858 Idem,

392 2869 468 2929 ut
530 2871 629 2929 est
686 2868 1100 2948 extemporali
1167 2866 1469 2932 facundia
1531 2867 1877 2949 praeditus,
1937 2865 2210 2948 plurima
2256 2866 2538 2928 narravit
2583 2866 2660 2930 de

391 2955 507 3015 tuo
579 2951 958 3032 magistratu
1018 2957 1084 3015 et
1142 2953 1449 3016 hodierna
1518 2953 1825 3016 concione
1890 2952 2178 3032 praeside
2249 2955 2660 3014 conterraneo

394 3057 561 3112 meo,
608 3036 743 3098 viro
789 3037 1183 3101 doctissimo,
1277 3035 1345 3101 Si
1394 3038 1626 3119 placui,
1673 3035 1794 3100 hoc
1839 3037 1961 3100 erit
2007 3035 2162 3098 mihi
2208 3037 2469 3117 praemii
2500 3036 2661 3112 locO,

396 3121 494 3184 sin
562 3127 773 3184 autem
840 3122 1116 3205 ineptior
1182 3124 1293 3202 fui,
1358 3123 1542 3186 dabis
1605 3122 1874 3186 veniam.
1967 3120 2064 3184 Tu
2131 3120 2392 3185 Martini
2460 3123 2665 3185 nostri

397 3207 745 3270 autoritate
819 3215 1071 3272 creatus
1146 3231 1213 3272 es
1287 3209 1591 3290 magister
1665 3207 1906 3272 ordinis
1980 3203 2128 3269 tui.⁸
2247 3205 2418 3269 Deus
2504 3206 2664 3271 bene

400 3296 623 3355 vertat.
720 3291 1082 3374 Discipulus
1142 3299 1241 3358 est
1284 3294 1513 3376 prioris
1558 3293 1870 3377 posterior
1903 3292 2056 3368 dies,
2087 3295 2164 3353 ut
2193 3291 2408 3372 inquit
2439 3291 2664 3356 Mimo-

400 3375 733 3459 graphuS.⁶
823 3377 1221 3458 Quamquam
1255 3379 1391 3461 ipse
1421 3379 1764 3443 literar-iam
1812 3379 2092 3459 quietem
2125 3375 2223 3439 vel
2255 3376 2667 3457 amplissimis

402 3461 964 3542 procurationibus
990 3462 1389 3528 anteferrem.
1438 3463 1606 3527 Vale.
1660 3462 1926 3527 Cursim.
1975 3461 2225 3526 Gothae
2248 3461 2328 3525 ad
2356 3461 2663 3525 Cal..J-un.

2106 3546 2454 3610 MutianuS.

711 3646 838 3700 Con.
876 3646 1076 3701 Camer.
1114 3621 1316 3702 stenae.
1355 3647 1508 3716 Vlll,
1549 3647 1630 3700 24.
1669 3646 1990 3716 Autograph.

542 3918 571 3946 ⁸
596 3905 756 3956 καλεν.

545 3974 563 4004 ²
599 3971 767 4025 Nicht
819 3989 923 4026 von
974 3971 1257 4026 Mosellans
1312 3971 1482 4033 Hand,
1520 3971 1658 4024 nach
1696 3969 1789 4022 der
1829 3968 1924 4022 auf
1954 3968 2047 4021 der
2090 3968 2318 4020 Adresse
2371 3967 2664 4020 stehenden

404 4040 767 4109 Bemerkung:
804 4040 949 4093 »Non
984 4053 1066 4094 est
1099 4056 1291 4094 manus
1326 4040 1617 4106 Mosellam,
1654 4054 1826 4105 nequo
1861 4037 2006 4090 intus
2041 4051 2211 4103 neque
2247 4035 2413 4088 foris«
2469 4037 2666 4090 Wahr-

406 4108 705 4162 scheinlich
738 4108 849 4162 also
885 4125 989 4162 von
1024 4109 1199 4162 einem
1232 4109 1589 4162 Amanuensis
1623 4106 1980 4175 geschrieben.
2103 4107 2123 4137 ²
2157 4106 2386 4156 Aussere
2422 4105 2664 4158 Adresse.

407 4175 679 4232 Mutianus
714 4177 781 4230 al.
818 4192 995 4230 manu.
1104 4179 1125 4209 ⁸
1157 4177 1375 4230 Damals
1411 4177 1550 4230 noch
1585 4176 1642 4228 in
1676 4175 1856 4228 Fulda.
1927 4173 2046 4242 Vgl.
2084 4171 2170 4225 ΒΓ.
2208 4173 2324 4224 533.
2466 4173 2487 4205 ⁴
2523 4172 2667 4226 Viel-

406 4243 573 4298 leicht
626 4245 720 4300 der
774 4245 1055 4298 Helvetius
1099 4246 1155 4299 in
1203 4245 1323 4297 dem
1359 4245 1481 4313 folg.
1518 4244 1605 4298 Br.
1749 4247 1770 4276 ⁵
1803 4243 2005 4295 Luther
2039 4240 2237 4293 meldet
2269 4255 2328 4293 es
2363 4255 2430 4294 au
2465 4240 2669 4294 Mutian

408 4327 497 4366 am
542 4313 627 4367 29.
676 4314 783 4367 Mai
828 4315 979 4368 1516.
1052 4314 1138 4368 Br.
1176 4313 1294 4367 622.
1435 4317 1458 4346 ⁶
1492 4312 1553 4365 P.
1601 4311 1782 4380 Syrus.
1837 4311 1978 4365 Sent.
2027 4308 2142 4365 168.
2195 4307 2290 4361 Ed.
2341 4325 2416 4376 pr.
2463 4309 2670 4363 Erasini

407 4384 679 4450 Argentor.
721 4383 869 4443 1515.
