3084 4895
471 406 594 473 302
1301 404 1472 460 Briefe
1507 400 1599 459 des
1635 400 1685 461 J.
1724 402 1872 461 1513.

475 580 644 646 tatis
674 580 930 697 inserui.
1023 580 1090 644 Si
1136 579 1421 662 Petrejus
1468 585 1683 645 noster
1726 580 1895 645 domi
1941 570 2243 659 manebit,
2287 579 2483 644 habes
2539 567 2718 643 Rha-

476 664 782 743 nensem,¹
860 667 959 729 cui
1035 667 1144 729 des
1217 666 1567 749 epistolam.
1677 666 1972 745 Mirabor,
2042 668 2096 731 si
2160 632 2515 731 retardatus
2581 688 2715 729 non

475 756 786 836 properat,
854 756 1038 817 tanta
1103 754 1480 817 transitione
1548 774 1675 817 non
1744 758 2161 836 experrectus,
2275 752 2438 816 Puto
2507 752 2712 815 dicet:

482 839 616 921 „Me
684 840 960 903 retinent
1032 839 1315 903 vinctum
1391 838 1701 904 formosae
1778 839 1985 903 vincla
2058 837 2401 921 puellae.“²
2490 836 2560 901 Si
2625 839 2714 916 id,

473 926 746 1003 Urbane,
815 946 959 988 vero
1023 924 1273 999 dixerit,
1341 925 1515 989 nullo
1582 924 1769 989 modo
1837 926 1981 989 duci
2044 929 2255 1007 potest
2312 948 2345 989 e
2398 924 2712 989 custodia.

470 1011 621 1076 Sine
681 1015 850 1075 amet
904 1015 968 1073 et
1027 1011 1154 1073 dic:
1227 1010 1400 1093 „Tua
1465 1015 1563 1075 est
1619 1011 1885 1074 Lavinia
1951 1010 2290 1093 conjunx“,
2358 1016 2432 1075 ut
2499 1012 2717 1093 inquit

473 1098 781 1177 Vergilius
823 1096 960 1159 XII.
1010 1094 1370 1161 Aeneidos.⁸
1457 1095 1583 1161 Sed
1632 1096 1891 1161 Crotum
1951 1100 2188 1177 cogitet
2246 1098 2513 1161 amicum
2575 1102 2711 1160 tam

469 1186 801 1260 sincerum,
846 1187 976 1245 tam
1023 1182 1356 1246 amabilem
1406 1187 1468 1246 et
1513 1186 1740 1261 cetera,
1786 1205 1947 1266 quae
2009 1183 2106 1247 vel
2153 1184 2564 1247 ischiadicum
2610 1183 2711 1244 in-

471 1271 746 1334 vitarent
814 1268 894 1331 ad
959 1290 1297 1333 cursuram.
1419 1269 1625 1333 Etiam
1698 1271 1861 1334 ossis
1934 1270 2322 1351 quaestuarii
2398 1268 2707 1332 basiolum

473 1357 696 1419 emisse
741 1355 998 1436 pietatis
1045 1359 1158 1429 est,
1206 1356 1328 1419 nisi
1376 1353 1537 1418 forte
1580 1356 1824 1419 caldam
1871 1356 2059 1420 offam
2088 1367 2116 1394 ⁸
2161 1362 2417 1437 gustare
2448 1355 2709 1418 suavius

474 1463 660 1523 quam
716 1439 1007 1521 frigidam
1065 1440 1375 1504 Bonifacii
1429 1440 1787 1505 calvariam.
1879 1442 2043 1505 Vale.
2132 1442 2237 1505 XI.
2286 1440 2417 1505 Cal.
2462 1440 2706 1504 Junias.

769 1541 891 1594 Cod.
928 1542 1058 1596 Frcf.
1097 1541 1212 1595 320.

463 1729 696 1799 (Effurt.)
1507 1715 1649 1781 245.
2160 1732 2229 1799 (n.
2268 1731 2349 1786 22.
2388 1730 2495 1785 Mai
2532 1730 2703 1787 1513.)

1129 1840 1387 1911 Urban
1433 1863 1531 1912 an
1576 1843 2039 1913 Hartmann.⁴

465 1970 872 2039 (Gliiekwunsch
906 1986 1010 2022 zur
1043 1968 1330 2049 Nachfolqe
1363 1970 1426 2023 in
1459 1972 1550 2024 der
1584 1968 1749 2024 Abtezss
1822 1970 2107 2039 Hoffnunq,
2131 1989 2187 2023 er
2209 1972 2371 2024 werde
2389 1972 2480 2023 der
2502 1970 2703 2024 Patron

967 2039 1058 2090 der
1092 2038 1462 2092 literar-iselam
1497 2040 1720 2093 Kohorte
1754 2040 1999 2094 Matiane
2040 2041 2156 2093 sein
2159 2042 2193 2107 .)

534 2154 929 2213 Amplissimo
976 2153 1142 2212 patri
1179 2155 1242 2203 et
1279 2155 1718 2206 humanissimo
1766 2155 2011 2205 domino
2055 2156 2443 2205 Hartmanno
2489 2154 2703 2203 abbati

534 2239 846 2297 Vuldano‚
889 2242 1210 2301 utriusque
1245 2241 1404 2301 juris
1440 2242 1697 2301 doctori,
1741 2244 2005 2303 patrono
2042 2244 2105 2292 et
2140 2242 2407 2301 principi
2441 2252 2576 2291 meo
2612 2239 2701 2289 di-

1172 2328 1464 2389 guissimo
1500 2328 1599 2393 (H.
1640 2324 1975 2394 Urbanus).

667 2437 730 2504 S.
823 2438 1291 2504 Consternatus
1331 2439 1601 2504 Joannis
1646 2438 2029 2504 sanctissimi
2076 2437 2330 2502 abbatis
2364 2437 2546 2501 obitu
2578 2435 2701 2500 dici

460 2548 586 2590 non
633 2529 864 2608 potest,
913 2527 1182 2590 antistes
1229 2527 1714 2610 sapientissime,
1763 2549 1951 2608 quam
1998 2525 2117 2589 sim
2164 2548 2237 2589 ea
2280 2525 2445 2588 fama
2503 2545 2701 2586 recre-

462 2617 626 2690 atUS,
671 2634 832 2694 quae
874 2612 995 2675 tibi
1029 2605 1199 2676 domi
1237 2612 1514 2711 forisque
1541 2610 1839 2696 pacificas
1871 2613 2151 2677 habenas
2182 2610 2698 2674 accommodavit

460 2699 754 2780 Angebat
812 2698 979 2761 enim
1025 2698 1123 2761 vel
1168 2699 1381 2780 potius
1430 2721 1525 2762 me
1556 2699 1953 2764 bcruciabat
2014 2698 2369 2761 nobilitatis
2416 2694 2697 2770 ferocia,⁵

461 2807 642 2867 quae,
693 2806 836 2847 cum
881 2784 1179 2848 ecclesiae
1224 2788 1372 2848 tuae
1404 2806 1629 2869 corpus
1674 2786 1963 2850 orbatum
2011 2787 2249 2848 rectore
2288 2745 2699 2864 periclitatui,

458 2893 573 2935 suo
642 2871 842 2952 magis
913 2871 1240 2934 commodo
1311 2872 1637 2935 consulere
1698 2875 1763 2936 et
1824 2893 1922 2935 res
1977 2891 2173 2934 novas
2239 2869 2444 2933 moliri
2510 2889 2697 2950 quam

459 2956 717 3040 optimis
783 2957 1259 3020 coenobitarum
1326 2958 1494 3021 votis
1562 2957 1829 3039 obsequi
1896 2957 2073 3020 solet.
2185 2955 2306 3019 Sed
2365 2954 2699 3034 indulgen-

462 3043 748 3107 tissimus
793 3049 970 3125 pater
1016 3043 1263 3106 futuros
1307 3049 1454 3126 post
1499 3066 1566 3108 se
1610 3045 1841 3109 fluctus
1886 3047 1952 3107 et
1992 3045 2437 3124 tempestatem
2483 3041 2696 3103 divino

459 3129 724 3194 consilio
800 3137 864 3192 te
938 3129 1062 3192 sibi
1137 3151 1494 3194 successore
1570 3130 1810 3194 delecto
1884 3129 2219 3210 mitigavit.
2311 3127 2701 3190 Existimant

459 3217 624 3280 enim
694 3217 811 3279 viri
877 3216 1235 3296 prudenteS,
1315 3215 1549 3298 quibus
1616 3237 1751 3297 egQ
1828 3217 1977 3298 quia
2050 3215 2243 3296 probe
2308 3219 2372 3276 te
2438 3216 2698 3290 norunt,

459 3303 788 3380 assentior,
837 3322 964 3365 non
1012 3303 1340 3383 quieturos
1408 3303 1601 3366 fuisse
1665 3303 1970 3384 quosdam
2038 3301 2339 3382 pecuniae
2410 3299 2691 3381 cupidos

459 3389 581 3452 nisi
626 3392 738 3452 tua
797 3387 1127 3470 majestate
1169 3393 1233 3452 et
1277 3388 1636 3452 admirabili
1701 3388 1993 3469 gerendis
2058 3387 2122 3450 in
2190 3385 2379 3449 rebus
2442 3384 2697 3448 solertia

456 3476 781 3539 conterriti
843 3475 1030 3538 fidem
1099 3496 1346 3538 servare
1391 3478 1453 3538 et
1500 3475 1788 3538 coenobii
1856 3473 2233 3555 dignitatem
2299 3471 2697 3534 constantiae

458 3583 650 3625 causa
695 3561 1024 3625 defendere
1071 3564 1460 3642 cogerentur.
1551 3561 1775 3642 Itaque
1821 3560 1935 3623 deo
1982 3560 2222 3640 optimo
2268 3558 2545 3620 maximo
2578 3558 2695 3619 im-

457 3648 693 3729 primiS,
766 3647 874 3730 qui
941 3647 1246 3710 bonorum
1316 3647 1597 3710 omnium
1660 3651 1757 3710 est
1800 3649 2037 3722 auctor,
2110 3648 2245 3707 tum
2312 3642 2696 3706 antecessori

457 3738 570 3797 tuo
638 3734 1058 3814 sempiternae
1125 3738 1274 3796 sunt
1339 3729 1622 3813 agendae
1687 3733 1948 3813 gratiae,
2018 3731 2183 3813 quod
2252 3736 2323 3793 tu
2384 3730 2479 3792 vir
2536 3729 2696 3810 juris

457 3820 788 3900 utriusque
833 3820 1097 3882 scientia
1143 3824 1472 3900 praestans
1506 3826 1569 3882 et
1600 3818 1940 3900 singularis
1984 3817 2320 3896 theologus
2363 3835 2696 3895 rerumque

459 3905 798 3969 multarum
864 3906 1092 3987 peritia
1151 3905 1679 3986 quemadmodum
1742 3905 2047 3967 natalium
2104 3903 2434 3985 splendore
2490 3901 2695 3964 clarus

456 3993 794 4055 venerandi
827 3996 1042 4055 coetus
1075 3991 1245 4056 illius
1280 3991 1600 4054 abbassis
1634 3991 2041 4068 constitutus,
2076 3991 2175 4052 cui
2209 3989 2379 4051 salus
2412 3989 2692 4050 omnium

587 4245 614 4272 8·
641 4229 793 4284 osam.
932 4233 960 4271 b
987 4245 1072 4281 me
1108 4247 1202 4282 am
1234 4229 1433 4283 Raude.

596 4303 612 4332 ¹
655 4299 870 4358 Rhanis,
916 4315 1228 4352 oeconomus
1277 4299 1546 4352 Fuldanus
1592 4298 1727 4350 nach
1783 4296 1871 4352 Br.
1921 4298 2033 4352 190.
2174 4298 2193 4330 ²
2227 4295 2411 4350 Tibull.
2448 4294 2489 4360 I,
2532 4297 2575 4362 1,
2612 4296 2692 4348 55.

455 4367 556 4424 ¹³V.
593 4371 708 4421 937.
850 4368 991 4420 ⁴¹Der
1024 4368 1172 4420 Brief
1203 4368 1274 4420 ist
1309 4369 1443 4420 ohne
1479 4368 1696 4435 Angabe
1735 4369 1826 4420 des
1845 4365 2155 4420 Veifassers
2194 4365 2266 4418 Er
2291 4367 2360 4418 ist
2394 4381 2495 4417 von
2514 4364 2694 4418 Urban

453 4438 544 4489 auf
576 4437 803 4491 Mutians
837 4436 976 4489 Bittc
1015 4437 1137 4504 (vgl.
1176 4438 1271 4488 den
1310 4454 1416 4491 vor.
1455 4435 1565 4504 ΒΓ.)
1602 4436 1953 4503 geschricben.
2096 4439 2116 4467 ⁵
2150 4435 2267 4502 Vgl.
2306 4434 2355 4488 S.
2400 4433 2501 4486 300
2536 4436 2598 4487 A.
2642 4433 2688 4485 3.
