3084 4895
437 357 557 422 172
1185 361 1358 416 Briefe
1393 378 1496 416 von
1537 362 1890 417 1509-1511.

434 537 618 595 vocat
667 534 726 595 in
771 533 895 614 jus,
960 557 1081 597 non
1141 533 1470 598 venientes
1527 535 1810 610 damnat,
1866 534 2271 597 venientibus
2328 533 2535 596 aufert
2582 555 2687 613 pe-

435 619 676 694 cuniaS‚
734 619 1130 700 simplicibus
1197 619 1424 700 puellis
1484 620 1774 702 imponit.
1868 619 2243 695 Quomodo?
2336 619 2458 682 Vos
2504 619 2686 681 intel-

428 702 632 784 ligitis
677 705 1044 767 mentulam.
1135 703 1278 767 Non
1326 709 1492 768 recte
1538 705 1813 781 sentitiS,
1848 705 2053 766 amici.
2131 705 2379 786 Decipit
2426 725 2691 784 sponsas

433 787 694 868 ephebis
742 794 805 851 et
851 791 1134 865 rimatur,
1182 794 1503 852 scrutatur
1549 791 1803 870 singula
1849 790 2058 862 verba,
2112 789 2281 870 quod
2331 795 2429 852 est
2479 811 2685 852 verum

431 875 769 954 aucupium
821 876 1000 937 aeris
1098 874 1364 956 „Quid“,
1410 876 1641 955 inquit,
1696 874 2007 954 „dixistw
2074 875 2238 951 Quid
2294 873 2691 956 promisisti?

431 956 596 1020 Num
631 959 863 1022 dedisti
898 960 1123 1022 basia?
1199 957 1571 1023 Tentastine
1606 959 1947 1041 Priapum?
2016 959 2279 1035 Quoties
2313 960 2375 1020 in
2412 959 2689 1022 tenebris

431 1065 498 1104 es
543 1043 896 1107 subacta?“
991 1045 1112 1106 Hic
1155 1044 1393 1120 haeret,
1463 1049 1697 1128 stupet,
1769 1045 1932 1125 riget
1980 1045 2151 1108 velut
2205 1067 2373 1124 agna
2430 1045 2688 1107 visitato

431 1128 600 1207 lupo.
680 1129 858 1193 Tunc
888 1129 1220 1208 ,gloriosus
1267 1131 1555 1192 notarius
1587 1129 1873 1192 censorio
1920 1129 2258 1210 supercilio
2294 1129 2499 1192 dictat
2546 1150 2690 1209 poe-

433 1235 596 1274 nam.
687 1215 1011 1294 Irrogatur
1057 1214 1274 1276 multa.
1353 1214 1434 1276 Et
1466 1235 1577 1296 pro
1609 1237 1737 1282 una
1774 1214 2127 1277 basiatione
2174 1215 2363 1277 datur
2394 1236 2689 1277 nummus

430 1319 674 1360 aureus.
766 1300 930 1361 Huic
976 1299 1206 1380 aucupi
1253 1298 1581 1362 facultatis
1626 1299 1870 1361 alienae
1916 1301 2151 1362 serviat
2189 1299 2434 1380 Apoll0,
2482 1303 2553 1360 ut
2588 1321 2692 1360 va-

428 1382 636 1445 fritias
703 1384 987 1446 devitare
1046 1384 1270 1458 discat,
1338 1385 1506 1466 quod
1565 1385 1902 1446 honestum
1972 1385 2153 1458 duco,
2212 1390 2275 1446 et
2322 1385 2559 1446 vict-um
2619 1406 2693 1446 ac

434 1468 599 1530 vitae
634 1470 1011 1549 praesidium
1049 1471 1357 1549 acquirat,
1383 1471 1552 1550 quod
1588 1469 1889 1532 utilitatis
1920 1475 2034 1531 est.
2082 1470 2217 1550 Ego
2252 1469 2605 1531 Biermosto
2634 1469 2685 1509 ⁸⁵¹

432 1574 694 1633 puerum
764 1555 1263 1629 commendabO,
1334 1561 1404 1617 ut
1456 1556 1621 1617 tanti
1686 1555 1802 1615 viri
1878 1554 2426 1617 commendatione
2501 1554 2692 1616 faciat

428 1660 654 1719 operae
701 1642 990 1721 pretium.
1083 1639 1196 1716 Tu,
1245 1638 1519 1712 Urbane,
1571 1639 1728 1702 nihil
1775 1640 2019 1702 scribis.
2112 1639 2317 1702 Citius
2364 1639 2686 1720 elephanti

427 1726 702 1804 pariunt.
793 1725 1013 1805 Neque
1060 1729 1219 1805 quot
1263 1726 1591 1788 mensibus
1640 1747 1843 1806 neque
1890 1726 2341 1806 sesquimensis
2404 1731 2687 1806 tempore

431 1808 742 1872 calamum
789 1811 1006 1890 tingis.
1081 1814 1276 1873 Aures
1323 1832 1439 1892 ego
1487 1815 1633 1872 tuas
1683 1809 1927 1885 vellam,
1976 1812 2028 1873 si
2076 1811 2254 1892 piger
2297 1811 2437 1872 eris.
2504 1811 2691 1872 Here-

433 1894 666 1956 bordus
713 1895 903 1958 debet
949 1917 1084 1958 esse
1131 1897 1459 1977 superbUS,
1519 1900 1593 1957 ut
1639 1896 1931 1957 credatur
1978 1894 2107 1957 fore
2172 1917 2440 1976 magnus
2487 1895 2692 1957 causi-

427 1979 622 2042 dicus,
716 1979 783 2043 Si
833 1981 1000 2042 enim
1069 2001 1316 2043 mecum
1374 1980 1711 2043 trivialiter
1766 1981 2050 2059 garriret,
2118 1979 2351 2061 „Vah“,
2413 1979 2692 2042 dicerent

425 2064 799 2146 jurisperiti,
838 2066 1062 2146 „nimis
1096 2065 1251 2127 levis
1288 2071 1400 2127 est.
1466 2065 1824 2128 Matianum
1860 2063 2264 2146 Henningus²
2298 2071 2362 2127 et
2394 2064 2455 2127 id
2492 2088 2691 2144 genus

432 2151 882 2230 spectatissimi
931 2150 1038 2212 vix
1085 2150 1290 2213 salut-e
1337 2150 1805 2232 dignarentu1·.“
1901 2151 2306 2232 Propinquus
2338 2156 2435 2212 est.
2468 2150 2689 2214 Salva-

436 2236 612 2296 toriS.
641 2236 879 2298 Rides?
913 2233 1204 2298 Christus
1238 2241 1495 2298 auctore
1528 2235 1890 2316 Augustino
1925 2237 2132 2298 dictus
2165 2243 2262 2298 est
2298 2233 2688 2316 margarita.³

429 2320 632 2383 Hodie
694 2321 826 2383 ludi
890 2325 1044 2401 puto
1101 2320 1465 2383 christiani⁴
1533 2321 2043 2385 celebrabuntur.
2144 2322 2317 2402 „Quo
2382 2322 2689 2384 desiderio

429 2409 670 2469 veteres
725 2427 1106 2471 renovamus
1171 2427 1432 2469 amores
1532 2404 1825 2487 Namque
1892 2407 2044 2483 dies,
2106 2407 2170 2469 ni
2227 2406 2427 2483 fallor,
2492 2407 2688 2481 adest,

429 2512 613 2570 quem
660 2514 905 2574 semper
951 2492 1267 2565 acerbum,
1333 2491 1595 2573 Semper
1640 2492 2043 2569 honoratum,
2110 2493 2201 2555 sic
2248 2494 2333 2554 dii
2380 2494 2689 2569 voluistis,

427 2576 801 2639 habemuS.“
895 2576 1131 2639 Valete.
1222 2576 1325 2639 III.
1375 2576 1506 2639 Cal.
1554 2577 1657 2641 Ju.
1690 2578 1719 2615 b

735 2660 858 2713 Ood.
895 2660 1029 2712 Frcf.
1070 2661 1185 2712 137.

431 2761 665 2827 (Gotha.)
1502 2746 1641 2809 136.
2332 2760 2480 2829 (Juni
2519 2762 2688 2830 1510.)

1184 2845 1472 2914 Mutian
1519 2866 1616 2914 an
1660 2846 1942 2915 Urban.

425 2954 590 3021 (Bitte
622 2956 718 3022 fiir
751 2957 850 3009 den
897 2957 1154 3023 hic‘lslosen
1199 2955 1422 3023 Apollas
1473 2974 1571 3009 um
1616 2958 1705 3009 ein
1763 2957 2164 3009 Unterlcmnmen
2211 2957 2275 3009 in
2330 2958 2690 3025 Georqenthal.

429 3023 585 3075 Beide
630 3026 812 3077 wellen
857 3024 1099 3077 Herbord
1143 3024 1418 3090 besardern
1459 3026 1576 3077 und
1617 3024 1733 3078 ihm
1780 3026 1866 3077 die
1910 3025 2197 3093 Nachfolqe
2249 3026 2337 3078 des
2387 3026 2477 3077 Dr.
2515 3026 2691 3078 Zerbst

426 3092 761 3159 verschaffen.
843 3093 1014 3145 Wenn
1061 3092 1246 3145 Urban
1279 3092 1518 3158 fiirohtet,
1554 3094 1697 3145 nach
1717 3094 1979 3145 Harbords
2013 3094 2271 3161 Weyyanq
2306 3110 2407 3145 von
2437 3094 2689 3161 Geor-yen-

425 3160 539 3213 thal
569 3162 731 3213 selber
775 3161 991 3213 dorthin
1037 3160 1460 3227 xuriickyerufeaz
1503 3178 1580 3212 zu
1622 3162 1837 3223 werden,
1886 3180 1945 3214 so
1982 3164 2163 3215 wolkn
2196 3162 2276 3214 sie
2320 3162 2476 3213 einen
2524 3178 2692 3215 neuen

1220 3228 1599 3281 Klosterlehrer
1636 3230 1907 3297 bestellen.)

491 3325 798 3385 Magistro
832 3324 915 3374 Η.
940 3326 1218 3383 UrbanO,
1253 3324 1651 3385 Erphurdjae
1688 3325 1905 3375 domus
1942 3325 2471 3387 Georgivallensis
2506 3338 2689 3383 quae-

800 3392 976 3451 stori,
1010 3393 1146 3441 viro
1183 3391 1387 3451 docte,
1423 3392 1741 3453 prudenti,
1778 3394 1977 3444 amico
2016 3395 2105 3443 M.
2142 3393 2364 3444 Rufum

643 3477 704 3539 S.
763 3477 848 3541 Ut
883 3499 1058 3540 meus
1091 3479 1188 3540 est
1219 3499 1376 3555 mOS,
1427 3477 1741 3541 neminem
1789 3477 2194 3541 familiarium
2243 3501 2279 3541 a
2316 3502 2413 3541 me
2445 3478 2691 3540 tristem

431 3566 880 3645 moestumque
927 3562 1246 3626 discedere
1293 3564 1615 3645 permitto,
1684 3563 2010 3644 Apollum⁵
2044 3564 2449 3645 hospitaliter
2480 3563 2691 3644 accepi

429 3648 858 3729 dignatusque
904 3670 1043 3710 sum
1090 3647 1355 3711 consilio
1401 3656 1466 3709 et
1511 3670 1819 3724 sermone,
1868 3654 1930 3711 et
1977 3650 2127 3729 quia
2158 3649 2389 3711 salario
2436 3651 2688 3711 susten-

425 3738 562 3795 tare
607 3756 734 3796 non
784 3755 1063 3815 possum,
1127 3734 1411 3813 persuasi
1461 3738 1533 3795 ut
1579 3734 1861 3796 serviret.
1954 3733 2203 3797 Serviet
2259 3735 2465 3809 cred0,
2524 3733 2693 3813 quod

431 3818 744 3881 dominari
791 3817 872 3881 ob
918 3819 1197 3899 inopiam
1238 3823 1534 3899 nequeat.
1600 3818 1925 3898 Experiar,
1961 3840 2149 3900 quam
2186 3820 2304 3883 sim
2338 3819 2459 3882 tibi
2492 3840 2691 3893 carus,

429 3904 480 3965 si
529 3926 667 3965 eum
718 3904 779 3965 in
829 3904 1037 3983 gratia
1081 3903 1396 3966 habueris.
1493 3904 1626 3965 Aut
1670 3906 1723 3965 si
1755 3903 1959 3967 locum
2010 3904 2178 3984 apud
2209 3909 2273 3966 te
2320 3926 2445 3967 non
2480 3903 2693 3979 habet,

557 4052 584 4079 a
611 4036 922 4089 Beirmosto.
1067 4040 1096 4077 b
1126 4037 1210 4090 So.
1250 4063 1315 4081 Σ
1351 4036 1554 4089 Junias.

564 4107 578 4135 ¹
613 4104 732 4173 Vgl.
783 4104 834 4157 S.
872 4105 939 4157 68
987 4107 1047 4156 Α.
1088 4107 1132 4157 1.
1205 4104 1304 4157 Die
1349 4104 1706 4171 Empfehlung
1754 4104 2003 4157 bewirkte
2060 4104 2523 4170 wahrscheinlich,
2573 4096 2693 4158 dass

424 4172 734 4239 Apollonius
768 4173 823 4225 in
860 4173 954 4225 das
991 4172 1202 4241 Gefolge
1239 4174 1331 4225 der
1365 4173 1591 4225 Prinzen
1631 4174 2034 4241 ausgenommen
2070 4174 2227 4226 ward.
2361 4177 2379 4204 ²
2416 4174 2605 4227 Goede.
2642 4172 2691 4227 S.

424 4242 490 4293 73
526 4244 589 4292 A.
636 4243 680 4294 1.
720 4242 838 4310 Vgl.
879 4240 930 4293 S.
971 4240 1084 4293 162.
1159 4243 1180 4272 ³
1210 4240 1451 4294 Herbord
1485 4240 1633 4293 hiess
1677 4240 2082 4309 Margaritanus.
2156 4243 2178 4273 ⁴
2211 4241 2319 4293 Das
2354 4240 2694 4295 Frohnleich-

423 4310 693 4376 uamsfest,
732 4311 824 4362 das
859 4309 935 4360 im
951 4308 1000 4360 J.
1024 4309 1159 4362 1510
1233 4310 1390 4361 erade
1428 4309 1522 4362 auf
1556 4310 1657 4362 den
1675 4310 1760 4363 30.
1782 4310 1905 4377 Mai,
1944 4311 2037 4363 das
2072 4311 2459 4377 untergesetzte
2480 4310 2693 4377 Datum,

412 4377 515 4431 fiel.
553 4376 800 4431 Sicherer
820 4376 1020 4431 Anhalt
1055 4393 1150 4431 zur
1177 4325 1553 4445 {esummung
1588 4378 1681 4431 des
1698 4378 1733 4431 J
1735 4378 1905 4433 ahreS.
1979 4380 2000 4411 ὅ
2023 4379 2132 4431 Der
2150 4377 2337 4445 Apollo
2359 4378 2451 4431 des
2473 4394 2579 4432 vor.
2604 4376 2691 4431 ΒΥ.
