<?xml version="1.0" encoding="UTF-8"?>
<!DOCTYPE html PUBLIC "-//W3C//DTD XHTML 1.0 Transitional//EN"
    "http://www.w3.org/TR/xhtml1/DTD/xhtml1-transitional.dtd">
<html xmlns="http://www.w3.org/1999/xhtml" xml:lang="en" lang="en">
 <head>
  <title>
</title>
<meta http-equiv="Content-Type" content="text/html;charset=utf-8" />
  <meta name='ocr-system' content='tesseract 3.04.00' />
  <meta name='ocr-capabilities' content='ocr_page ocr_carea ocr_par ocr_line ocrx_word'/>
</head>
<body>
  <div class='ocr_page' id='page_1' title='image "./derbriefwechsel02kraugoog_0532.png"; bbox 0 0 3084 4895; ppageno 0'>
   <div class='ocr_carea' id='block_1_1' title="bbox 440 413 1860 492">
    <p class='ocr_par' dir='ltr' id='par_1_1' title="bbox 440 413 1860 492">
     <span class='ocr_line' id='line_1_1' title="bbox 440 413 1860 492; baseline -0.001 -17"><span class='ocrx_word' id='word_1_1' title='bbox 440 419 568 488; x_wconf 84' lang='lat'><strong>446</strong></span> <span class='ocrx_word' id='word_1_2' title='bbox 1276 415 1452 492; x_wconf 80' lang='lat' dir='ltr'><strong>Briefe</strong></span> <span class='ocrx_word' id='word_1_3' title='bbox 1487 413 1582 472; x_wconf 81' lang='lat' dir='ltr'><strong>des</strong></span> <span class='ocrx_word' id='word_1_4' title='bbox 1618 415 1670 472; x_wconf 85' lang='lat' dir='ltr'><strong>J.</strong></span> <span class='ocrx_word' id='word_1_5' title='bbox 1712 419 1860 474; x_wconf 80' lang='lat'><strong>1514.</strong></span> 
     </span>
    </p>
   </div>
   <div class='ocr_carea' id='block_1_2' title="bbox 444 588 2746 2212">
    <p class='ocr_par' dir='ltr' id='par_1_2' title="bbox 444 588 2746 1446">
     <span class='ocr_line' id='line_1_2' title="bbox 453 588 2744 675; baseline 0 -18"><span class='ocrx_word' id='word_1_6' title='bbox 453 592 734 657; x_wconf 87' lang='lat' dir='ltr'><strong>carmina</strong></span> <span class='ocrx_word' id='word_1_7' title='bbox 780 592 1061 670; x_wconf 80' lang='lat' dir='ltr'><strong>navidis,</strong></span> <span class='ocrx_word' id='word_1_8' title='bbox 1107 613 1270 672; x_wconf 88' lang='lat' dir='ltr'><strong>quae</strong></span> <span class='ocrx_word' id='word_1_9' title='bbox 1316 588 1723 673; x_wconf 82' lang='lat' dir='ltr'><strong>Stapulensis</strong></span> <span class='ocrx_word' id='word_1_10' title='bbox 1791 590 2049 672; x_wconf 81' lang='lat' dir='ltr'>collegit</span> <span class='ocrx_word' id='word_1_11' title='bbox 2094 595 2159 654; x_wconf 81' lang='lat' dir='ltr'><strong>et</strong></span> <span class='ocrx_word' id='word_1_12' title='bbox 2202 592 2531 675; x_wconf 84' lang='lat' dir='ltr'><strong>colligavit</strong></span> <span class='ocrx_word' id='word_1_13' title='bbox 2588 595 2744 660; x_wconf 86' lang='lat' dir='ltr'><strong>imo</strong></span> 
     </span>
     <span class='ocr_line' id='line_1_3' title="bbox 451 675 2743 758; baseline 0.001 -16"><span class='ocrx_word' id='word_1_14' title='bbox 451 679 789 755; x_wconf 80' lang='lat' dir='ltr'>enarravit,</span> <span class='ocrx_word' id='word_1_15' title='bbox 837 678 918 741; x_wconf 90' lang='lat' dir='ltr'><strong>ad</strong></span> <span class='ocrx_word' id='word_1_16' title='bbox 964 699 1064 740; x_wconf 87' lang='lat' dir='ltr'><strong>me</strong></span> <span class='ocrx_word' id='word_1_17' title='bbox 1109 677 1374 740; x_wconf 86' lang='lat' dir='ltr'><strong>dederis.</strong></span> <span class='ocrx_word' id='word_1_18' title='bbox 1466 676 1717 739; x_wconf 88' lang='lat' dir='ltr'><strong>Miraris</strong></span> <span class='ocrx_word' id='word_1_19' title='bbox 1762 675 1826 738; x_wconf 91' lang='lat' dir='ltr'><strong>id</strong></span> <span class='ocrx_word' id='word_1_20' title='bbox 1873 697 2034 758; x_wconf 88' lang='lat' dir='ltr'><strong>opus</strong></span> <span class='ocrx_word' id='word_1_21' title='bbox 2080 681 2233 741; x_wconf 89' lang='lat' dir='ltr'><strong>ante</strong></span> <span class='ocrx_word' id='word_1_22' title='bbox 2276 679 2436 742; x_wconf 90' lang='lat' dir='ltr'><strong>mibi</strong></span> <span class='ocrx_word' id='word_1_23' title='bbox 2478 679 2743 746; x_wconf 87' lang='lat' dir='ltr'><strong>lectum</strong></span> 
     </span>
     <span class='ocr_line' id='line_1_4' title="bbox 449 762 2746 844; baseline 0.001 -16"><span class='ocrx_word' id='word_1_24' title='bbox 449 787 578 828; x_wconf 90' lang='lat' dir='ltr'><strong>non</strong></span> <span class='ocrx_word' id='word_1_25' title='bbox 626 786 781 842; x_wconf 84' lang='lat' dir='ltr'><strong>esse,</strong></span> <span class='ocrx_word' id='word_1_26' title='bbox 828 769 903 826; x_wconf 90' lang='lat' dir='ltr'><strong>ut</strong></span> <span class='ocrx_word' id='word_1_27' title='bbox 947 764 1060 844; x_wconf 90' lang='lat' dir='ltr'><strong>qui</strong></span> <span class='ocrx_word' id='word_1_28' title='bbox 1113 763 1346 826; x_wconf 84' lang='lat' dir='ltr'>soleam</span> <span class='ocrx_word' id='word_1_29' title='bbox 1398 784 1495 826; x_wconf 90' lang='lat' dir='ltr'><strong>me</strong></span> <span class='ocrx_word' id='word_1_30' title='bbox 1541 762 1607 824; x_wconf 89' lang='lat' dir='ltr'><strong>in</strong></span> <span class='ocrx_word' id='word_1_31' title='bbox 1658 762 1859 824; x_wconf 87' lang='lat' dir='ltr'><strong>literis</strong></span> <span class='ocrx_word' id='word_1_32' title='bbox 1924 762 2157 826; x_wconf 88' lang='lat' dir='ltr'><strong>abdere</strong></span> <span class='ocrx_word' id='word_1_33' title='bbox 2200 768 2265 826; x_wconf 90' lang='lat' dir='ltr'><strong>et</strong></span> <span class='ocrx_word' id='word_1_34' title='bbox 2310 764 2746 830; x_wconf 85' lang='lat' dir='ltr'><strong>abditissima</strong></span> 
     </span>
     <span class='ocr_line' id='line_1_5' title="bbox 447 847 2745 932; baseline 0.001 -18"><span class='ocrx_word' id='word_1_35' title='bbox 447 872 738 932; x_wconf 88' lang='lat' dir='ltr'><strong>quaeque</strong></span> <span class='ocrx_word' id='word_1_36' title='bbox 803 854 1072 912; x_wconf 85' lang='lat' dir='ltr'><strong>tentare.</strong></span> <span class='ocrx_word' id='word_1_37' title='bbox 1184 847 1412 929; x_wconf 82' lang='lat' dir='ltr'><strong>Itaque</strong></span> <span class='ocrx_word' id='word_1_38' title='bbox 1465 869 1593 930; x_wconf 85' lang='lat' dir='ltr'><strong>qua</strong></span> <span class='ocrx_word' id='word_1_39' title='bbox 1651 869 1749 910; x_wconf 91' lang='lat' dir='ltr'><strong>me</strong></span> <span class='ocrx_word' id='word_1_40' title='bbox 1810 869 2029 911; x_wconf 83' lang='lat' dir='ltr'><strong>censes</strong></span> <span class='ocrx_word' id='word_1_41' title='bbox 2097 849 2396 913; x_wconf 84' lang='lat' dir='ltr'><strong>affectum</strong></span> <span class='ocrx_word' id='word_1_42' title='bbox 2468 851 2745 916; x_wconf 81' lang='lat' dir='ltr'><strong>laetitia</strong></span> 
     </span>
     <span class='ocr_line' id='line_1_6' title="bbox 447 932 2741 1016; baseline 0.001 -16"><span class='ocrx_word' id='word_1_43' title='bbox 447 940 562 1000; x_wconf 88' lang='lat' dir='ltr'><strong>aut</strong></span> <span class='ocrx_word' id='word_1_44' title='bbox 622 941 932 1016; x_wconf 84' lang='lat' dir='ltr'><strong>quantum</strong></span> <span class='ocrx_word' id='word_1_45' title='bbox 984 956 1082 997; x_wconf 88' lang='lat' dir='ltr'><strong>me</strong></span> <span class='ocrx_word' id='word_1_46' title='bbox 1125 933 1250 997; x_wconf 87' lang='lat' dir='ltr'><strong>tibi</strong></span> <span class='ocrx_word' id='word_1_47' title='bbox 1295 932 1520 996; x_wconf 88' lang='lat' dir='ltr'><strong>debere</strong></span> <span class='ocrx_word' id='word_1_48' title='bbox 1588 932 1829 1016; x_wconf 76' lang='lat' dir='ltr'><strong>putas?</strong></span> <span class='ocrx_word' id='word_1_49' title='bbox 1919 933 2139 1016; x_wconf 81' lang='lat' dir='ltr'>Neque</span> <span class='ocrx_word' id='word_1_50' title='bbox 2206 936 2374 997; x_wconf 85' lang='lat' dir='ltr'><strong>enim</strong></span> <span class='ocrx_word' id='word_1_51' title='bbox 2444 939 2741 1016; x_wconf 81' lang='lat' dir='ltr'><strong>pretium</strong></span> 
     </span>
     <span class='ocr_line' id='line_1_7' title="bbox 444 1018 2744 1103; baseline 0.001 -18"><span class='ocrx_word' id='word_1_52' title='bbox 444 1026 700 1086; x_wconf 82' lang='lat' dir='ltr'><strong>tanturn</strong></span> <span class='ocrx_word' id='word_1_53' title='bbox 747 1020 1131 1084; x_wconf 87' lang='lat' dir='ltr'>numerabo:</span> <span class='ocrx_word' id='word_1_54' title='bbox 1181 1019 1289 1082; x_wconf 89' lang='lat' dir='ltr'><strong>sed</strong></span> <span class='ocrx_word' id='word_1_55' title='bbox 1337 1020 1389 1081; x_wconf 86' lang='lat' dir='ltr'><strong>si</strong></span> <span class='ocrx_word' id='word_1_56' title='bbox 1436 1018 1899 1082; x_wconf 87' lang='lat' dir='ltr'><strong>Damascenum</strong></span> <span class='ocrx_word' id='word_1_57' title='bbox 1946 1018 2285 1083; x_wconf 84' lang='lat' dir='ltr'><strong>Psalterio¹</strong></span> <span class='ocrx_word' id='word_1_58' title='bbox 2348 1021 2744 1103; x_wconf 82' lang='lat' dir='ltr'><strong>adjunxeris</strong></span> 
     </span>
     <span class='ocr_line' id='line_1_8' title="bbox 448 1103 2739 1205; baseline 0 -35"><span class='ocrx_word' id='word_1_59' title='bbox 448 1109 546 1186; x_wconf 82' lang='lat' dir='ltr'><strong>(ut</strong></span> <span class='ocrx_word' id='word_1_60' title='bbox 588 1108 827 1205; x_wconf 84' lang='lat' dir='ltr'><strong>pariter</strong></span> <span class='ocrx_word' id='word_1_61' title='bbox 872 1109 1244 1186; x_wconf 85' lang='lat' dir='ltr'><strong>tergotenus</strong></span> <span class='ocrx_word' id='word_1_62' title='bbox 1291 1103 1643 1184; x_wconf 80' lang='lat' dir='ltr'><strong>haereant),</strong></span> <span class='ocrx_word' id='word_1_63' title='bbox 1692 1103 1941 1168; x_wconf 73' lang='lat' dir='ltr'><strong>fatebor</strong></span> <span class='ocrx_word' id='word_1_64' title='bbox 1976 1111 2073 1168; x_wconf 75' lang='lat' dir='ltr'><strong>nie</strong></span> <span class='ocrx_word' id='word_1_65' title='bbox 2103 1109 2313 1169; x_wconf 80' lang='lat' dir='ltr'><strong>totum</strong></span> <span class='ocrx_word' id='word_1_66' title='bbox 2362 1129 2499 1170; x_wconf 88' lang='lat' dir='ltr'><strong>esse</strong></span> <span class='ocrx_word' id='word_1_67' title='bbox 2534 1114 2739 1172; x_wconf 84' lang='lat' dir='ltr'><strong>tuum</strong></span> 
     </span>
     <span class='ocr_line' id='line_1_9' title="bbox 451 1188 2743 1275; baseline 0 -19"><span class='ocrx_word' id='word_1_68' title='bbox 451 1193 858 1273; x_wconf 83' lang='lat' dir='ltr'><strong>mancipium.</strong></span> <span class='ocrx_word' id='word_1_69' title='bbox 951 1191 1424 1272; x_wconf 74' lang='lat' dir='ltr'><strong>castigationes</strong></span> <span class='ocrx_word' id='word_1_70' title='bbox 1468 1188 1809 1253; x_wconf 81' lang='lat' dir='ltr'><strong>Vallensis²</strong></span> <span class='ocrx_word' id='word_1_71' title='bbox 1856 1190 2057 1253; x_wconf 88' lang='lat' dir='ltr'><strong>amisi.</strong></span> <span class='ocrx_word' id='word_1_72' title='bbox 2151 1191 2453 1256; x_wconf 76' lang='lat' dir='ltr'><strong>Rufinus³</strong></span> <span class='ocrx_word' id='word_1_73' title='bbox 2492 1195 2743 1275; x_wconf 87' lang='lat' dir='ltr'>opinor</span> 
     </span>
     <span class='ocr_line' id='line_1_10' title="bbox 449 1275 2738 1359; baseline 0 -17"><span class='ocrx_word' id='word_1_74' title='bbox 449 1279 770 1359; x_wconf 80' lang='lat' dir='ltr'><strong>surripuit</strong></span> <span class='ocrx_word' id='word_1_75' title='bbox 879 1275 1100 1340; x_wconf 84' lang='lat' dir='ltr'>Scribe</span> <span class='ocrx_word' id='word_1_76' title='bbox 1152 1277 1219 1339; x_wconf 91' lang='lat' dir='ltr'><strong>in</strong></span> <span class='ocrx_word' id='word_1_77' title='bbox 1282 1275 1641 1339; x_wconf 87' lang='lat' dir='ltr'><strong>calendario</strong></span> <span class='ocrx_word' id='word_1_78' title='bbox 1706 1275 1907 1339; x_wconf 76' lang='lat' dir='ltr'><strong>debiti</strong></span> <span class='ocrx_word' id='word_1_79' title='bbox 1968 1297 2303 1355; x_wconf 87' lang='lat' dir='ltr'><strong>summam,</strong></span> <span class='ocrx_word' id='word_1_80' title='bbox 2360 1283 2434 1341; x_wconf 85' lang='lat' dir='ltr'><strong>ut</strong></span> <span class='ocrx_word' id='word_1_81' title='bbox 2485 1299 2738 1343; x_wconf 87' lang='lat' dir='ltr'><strong>nomen</strong></span> 
     </span>
     <span class='ocr_line' id='line_1_11' title="bbox 448 1360 2728 1446; baseline 0 -17"><span class='ocrx_word' id='word_1_82' title='bbox 448 1365 570 1429; x_wconf 90' lang='lat' dir='ltr'><strong>tibi</strong></span> <span class='ocrx_word' id='word_1_83' title='bbox 615 1363 970 1444; x_wconf 83' lang='lat' dir='ltr'><strong>obligatum</strong></span> <span class='ocrx_word' id='word_1_84' title='bbox 1019 1382 1131 1445; x_wconf 86' lang='lat' dir='ltr'><strong>pro</strong></span> <span class='ocrx_word' id='word_1_85' title='bbox 1175 1361 1355 1425; x_wconf 90' lang='lat' dir='ltr'><strong>libris</strong></span> <span class='ocrx_word' id='word_1_86' title='bbox 1399 1367 1464 1424; x_wconf 88' lang='lat' dir='ltr'><strong>et</strong></span> <span class='ocrx_word' id='word_1_87' title='bbox 1507 1361 1654 1424; x_wconf 90' lang='lat' dir='ltr'><strong>aliis</strong></span> <span class='ocrx_word' id='word_1_88' title='bbox 1716 1360 1905 1424; x_wconf 86' lang='lat' dir='ltr'><strong>rebus</strong></span> <span class='ocrx_word' id='word_1_89' title='bbox 1965 1363 2249 1426; x_wconf 86' lang='lat' dir='ltr'><strong>emendis</strong></span> <span class='ocrx_word' id='word_1_90' title='bbox 2309 1364 2728 1446; x_wconf 84' lang='lat' dir='ltr'><strong>dispungam.</strong></span> 
     </span>
    </p>

    <p class='ocr_par' dir='ltr' id='par_1_3' title="bbox 449 1446 2740 1960">
     <span class='ocr_line' id='line_1_12' title="bbox 449 1446 2740 1529; baseline 0 -16"><span class='ocrx_word' id='word_1_91' title='bbox 449 1447 809 1513; x_wconf 78' lang='lat' dir='ltr'><strong>Hersfeldo⁴</strong></span> <span class='ocrx_word' id='word_1_92' title='bbox 871 1448 1086 1511; x_wconf 87' lang='lat' dir='ltr'><strong>darem</strong></span> <span class='ocrx_word' id='word_1_93' title='bbox 1135 1481 1211 1492; x_wconf 89' lang='lat'><strong>--</strong></span> <span class='ocrx_word' id='word_1_94' title='bbox 1263 1446 1470 1528; x_wconf 81' lang='lat' dir='ltr'><strong>quid?</strong></span> <span class='ocrx_word' id='word_1_95' title='bbox 1526 1447 1760 1509; x_wconf 86' lang='lat' dir='ltr'><strong>nescio.</strong></span> <span class='ocrx_word' id='word_1_96' title='bbox 1853 1446 2025 1524; x_wconf 83' lang='lat' dir='ltr'>Vide,</span> <span class='ocrx_word' id='word_1_97' title='bbox 2084 1449 2241 1529; x_wconf 88' lang='lat' dir='ltr'><strong>quid</strong></span> <span class='ocrx_word' id='word_1_98' title='bbox 2298 1450 2576 1514; x_wconf 88' lang='lat' dir='ltr'><strong>dandum</strong></span> <span class='ocrx_word' id='word_1_99' title='bbox 2632 1453 2740 1514; x_wconf 81' lang='lat' dir='ltr'><strong>sit</strong></span> 
     </span>
     <span class='ocr_line' id='line_1_13' title="bbox 449 1532 2737 1631; baseline 0.001 -33"><span class='ocrx_word' id='word_1_100' title='bbox 449 1535 790 1598; x_wconf 89' lang='lat' dir='ltr'><strong>honorario</strong></span> <span class='ocrx_word' id='word_1_101' title='bbox 852 1537 916 1596; x_wconf 87' lang='lat' dir='ltr'><strong>et</strong></span> <span class='ocrx_word' id='word_1_102' title='bbox 971 1553 1238 1596; x_wconf 89' lang='lat' dir='ltr'><strong>amoeno</strong></span> <span class='ocrx_word' id='word_1_103' title='bbox 1309 1553 1523 1631; x_wconf 83' lang='lat' dir='ltr'><strong>puero</strong></span> <span class='ocrx_word' id='word_1_104' title='bbox 1617 1532 1861 1595; x_wconf 83' lang='lat' dir='ltr'><strong>Forsan</strong></span> <span class='ocrx_word' id='word_1_105' title='bbox 1932 1534 2131 1597; x_wconf 87' lang='lat' dir='ltr'><strong>credit</strong></span> <span class='ocrx_word' id='word_1_106' title='bbox 2174 1535 2240 1598; x_wconf 89' lang='lat' dir='ltr'><strong>in</strong></span> <span class='ocrx_word' id='word_1_107' title='bbox 2288 1557 2355 1598; x_wconf 89' lang='lat' dir='ltr'><strong>se</strong></span> <span class='ocrx_word' id='word_1_108' title='bbox 2402 1557 2519 1600; x_wconf 87' lang='lat' dir='ltr'><strong>nos</strong></span> <span class='ocrx_word' id='word_1_109' title='bbox 2582 1559 2737 1601; x_wconf 81' lang='lat' dir='ltr'><strong>esse</strong></span> 
     </span>
     <span class='ocr_line' id='line_1_14' title="bbox 449 1617 2737 1702; baseline 0 -18"><span class='ocrx_word' id='word_1_110' title='bbox 449 1622 740 1702; x_wconf 83' lang='lat' dir='ltr'><strong>ingratos</strong></span> <span class='ocrx_word' id='word_1_111' title='bbox 787 1623 854 1682; x_wconf 85' lang='lat' dir='ltr'><strong>et</strong></span> <span class='ocrx_word' id='word_1_112' title='bbox 907 1619 1092 1699; x_wconf 89' lang='lat' dir='ltr'><strong>quasi</strong></span> <span class='ocrx_word' id='word_1_113' title='bbox 1161 1619 1488 1682; x_wconf 82' lang='lat' dir='ltr'><strong>exaruisse</strong></span> <span class='ocrx_word' id='word_1_114' title='bbox 1558 1617 1792 1680; x_wconf 83' lang='lat' dir='ltr'><strong>favoris</strong></span> <span class='ocrx_word' id='word_1_115' title='bbox 1862 1624 1926 1681; x_wconf 89' lang='lat' dir='ltr'><strong>et</strong></span> <span class='ocrx_word' id='word_1_116' title='bbox 1992 1621 2225 1683; x_wconf 88' lang='lat' dir='ltr'><strong>amoris</strong></span> <span class='ocrx_word' id='word_1_117' title='bbox 2291 1643 2526 1685; x_wconf 85' lang='lat' dir='ltr'><strong>semen.</strong></span> <span class='ocrx_word' id='word_1_118' title='bbox 2616 1622 2737 1685; x_wconf 89' lang='lat' dir='ltr'><strong>In-</strong></span> 
     </span>
     <span class='ocr_line' id='line_1_15' title="bbox 449 1704 2735 1805; baseline 0.001 -37"><span class='ocrx_word' id='word_1_119' title='bbox 449 1707 703 1805; x_wconf 75' lang='lat' dir='ltr'><strong>telligat</strong></span> <span class='ocrx_word' id='word_1_120' title='bbox 748 1709 813 1768; x_wconf 88' lang='lat' dir='ltr'><strong>et</strong></span> <span class='ocrx_word' id='word_1_121' title='bbox 856 1707 1200 1784; x_wconf 80' lang='lat' dir='ltr'><strong>cognoscat</strong></span> <span class='ocrx_word' id='word_1_122' title='bbox 1246 1708 1470 1767; x_wconf 85' lang='lat' dir='ltr'><strong>tantus</strong></span> <span class='ocrx_word' id='word_1_123' title='bbox 1517 1704 1613 1766; x_wconf 91' lang='lat' dir='ltr'><strong>vir</strong></span> <span class='ocrx_word' id='word_1_124' title='bbox 1657 1705 1889 1778; x_wconf 85' lang='lat' dir='ltr'><strong>(virum</strong></span> <span class='ocrx_word' id='word_1_125' title='bbox 1935 1704 2205 1785; x_wconf 90' lang='lat' dir='ltr'><strong>appello,</strong></span> <span class='ocrx_word' id='word_1_126' title='bbox 2255 1707 2405 1788; x_wconf 89' lang='lat' dir='ltr'><strong>quia</strong></span> <span class='ocrx_word' id='word_1_127' title='bbox 2436 1707 2735 1772; x_wconf 82' lang='lat' dir='ltr'><strong>adolevit</strong></span> 
     </span>
     <span class='ocr_line' id='line_1_16' title="bbox 449 1789 2728 1876; baseline 0.001 -21"><span class='ocrx_word' id='word_1_128' title='bbox 449 1794 514 1855; x_wconf 92' lang='lat' dir='ltr'><strong>in</strong></span> <span class='ocrx_word' id='word_1_129' title='bbox 587 1792 827 1873; x_wconf 84' lang='lat' dir='ltr'><strong>justam</strong></span> <span class='ocrx_word' id='word_1_130' title='bbox 904 1795 970 1852; x_wconf 89' lang='lat' dir='ltr'><strong>et</strong></span> <span class='ocrx_word' id='word_1_131' title='bbox 1043 1789 1454 1870; x_wconf 82' lang='lat' dir='ltr'><strong>spectabilem</strong></span> <span class='ocrx_word' id='word_1_132' title='bbox 1531 1790 1805 1870; x_wconf 84' lang='lat' dir='ltr'><strong>speciem</strong></span> <span class='ocrx_word' id='word_1_133' title='bbox 1882 1793 1947 1850; x_wconf 77' lang='lat' dir='ltr'><strong>et</strong></span> <span class='ocrx_word' id='word_1_134' title='bbox 2022 1791 2287 1853; x_wconf 83' lang='lat' dir='ltr'><strong>formam</strong></span> <span class='ocrx_word' id='word_1_135' title='bbox 2368 1792 2728 1876; x_wconf 87' lang='lat' dir='ltr'><strong>liberalem)</strong></span> 
     </span>
     <span class='ocr_line' id='line_1_17' title="bbox 453 1873 2729 1960; baseline 0.001 -20"><span class='ocrx_word' id='word_1_136' title='bbox 453 1879 778 1940; x_wconf 86' lang='lat' dir='ltr'><strong>cerebrum</strong></span> <span class='ocrx_word' id='word_1_137' title='bbox 825 1875 1034 1938; x_wconf 87' lang='lat' dir='ltr'><strong>adhuc</strong></span> <span class='ocrx_word' id='word_1_138' title='bbox 1081 1875 1312 1938; x_wconf 86' lang='lat' dir='ltr'><strong>habere</strong></span> <span class='ocrx_word' id='word_1_139' title='bbox 1372 1874 1755 1938; x_wconf 81' lang='lat' dir='ltr'><strong>Mutianum.</strong></span> <span class='ocrx_word' id='word_1_140' title='bbox 1846 1873 2163 1938; x_wconf 80' lang='lat' dir='ltr'><strong>Judicabo</strong></span> <span class='ocrx_word' id='word_1_141' title='bbox 2208 1881 2273 1939; x_wconf 86' lang='lat' dir='ltr'><strong>te</strong></span> <span class='ocrx_word' id='word_1_142' title='bbox 2317 1881 2729 1960; x_wconf 80' lang='lat' dir='ltr'><strong>prudent-em,</strong></span> 
     </span>
    </p>

    <p class='ocr_par' dir='ltr' id='par_1_4' title="bbox 451 1960 2721 2060">
     <span class='ocr_line' id='line_1_18' title="bbox 451 1960 2721 2060; baseline 0.001 -34"><span class='ocrx_word' id='word_1_143' title='bbox 451 1964 505 2026; x_wconf 84' lang='lat' dir='ltr'><strong>si</strong></span> <span class='ocrx_word' id='word_1_144' title='bbox 551 1961 880 2060; x_wconf 76' lang='lat' dir='ltr'><strong>pulchiam</strong></span> <span class='ocrx_word' id='word_1_145' title='bbox 950 1981 1217 2023; x_wconf 86' lang='lat' dir='ltr'><strong>mercem</strong></span> <span class='ocrx_word' id='word_1_146' title='bbox 1287 1960 1545 2038; x_wconf 86' lang='lat' dir='ltr'><strong>emeris;</strong></span> <span class='ocrx_word' id='word_1_147' title='bbox 1614 1960 1860 2023; x_wconf 78' lang='lat' dir='ltr'><strong>felicem</strong></span> <span class='ocrx_word' id='word_1_148' title='bbox 1931 1963 2190 2042; x_wconf 82' lang='lat' dir='ltr'><strong>putabo,</strong></span> <span class='ocrx_word' id='word_1_149' title='bbox 2240 1963 2294 2024; x_wconf 92' lang='lat' dir='ltr'><strong>si</strong></span> <span class='ocrx_word' id='word_1_150' title='bbox 2338 1966 2721 2045; x_wconf 79' lang='lat' dir='ltr'><strong>pretiosam3</strong></span> 
     </span>
    </p>

    <p class='ocr_par' dir='ltr' id='par_1_5' title="bbox 453 2045 2722 2212">
     <span class='ocr_line' id='line_1_19' title="bbox 453 2045 2722 2126; baseline 0.002 -14"><span class='ocrx_word' id='word_1_151' title='bbox 453 2051 728 2112; x_wconf 88' lang='lat' dir='ltr'><strong>amicum</strong></span> <span class='ocrx_word' id='word_1_152' title='bbox 795 2053 1009 2110; x_wconf 76' lang='lat' dir='ltr'><strong>tamen</strong></span> <span class='ocrx_word' id='word_1_153' title='bbox 1079 2045 1349 2122; x_wconf 88' lang='lat' dir='ltr'><strong>habeb0,</strong></span> <span class='ocrx_word' id='word_1_154' title='bbox 1417 2046 1551 2109; x_wconf 85' lang='lat' dir='ltr'><strong>sive</strong></span> <span class='ocrx_word' id='word_1_155' title='bbox 1618 2045 1897 2126; x_wconf 87' lang='lat' dir='ltr'><strong>aliquam</strong></span> <span class='ocrx_word' id='word_1_156' title='bbox 1965 2047 2097 2109; x_wconf 88' lang='lat' dir='ltr'><strong>sive</strong></span> <span class='ocrx_word' id='word_1_157' title='bbox 2166 2048 2425 2112; x_wconf 88' lang='lat' dir='ltr'><strong>nullam.</strong></span> <span class='ocrx_word' id='word_1_158' title='bbox 2541 2050 2722 2116; x_wconf 86' lang='lat' dir='ltr'><strong>Vale.</strong></span> 
     </span>
     <span class='ocr_line' id='line_1_20' title="bbox 455 2131 2079 2212; baseline -0.001 -16"><span class='ocrx_word' id='word_1_159' title='bbox 455 2134 612 2198; x_wconf 89' lang='lat' dir='ltr'><strong>Post</strong></span> <span class='ocrx_word' id='word_1_160' title='bbox 653 2132 1074 2197; x_wconf 79' lang='lat' dir='ltr'><strong>temulentam</strong></span> <span class='ocrx_word' id='word_1_161' title='bbox 1119 2131 1474 2212; x_wconf 85' lang='lat' dir='ltr'><strong>epistolam.</strong></span> <span class='ocrx_word' id='word_1_162' title='bbox 1568 2131 1740 2194; x_wconf 88' lang='lat' dir='ltr'><strong>Hora</strong></span> <span class='ocrx_word' id='word_1_163' title='bbox 1785 2132 1993 2195; x_wconf 85' lang='lat' dir='ltr'><strong>tertia.</strong></span> <span class='ocrx_word' id='word_1_164' title='bbox 2074 2180 2079 2185; x_wconf 58' lang='grc'><em>,</em></span> 
     </span>
    </p>
   </div>
   <div class='ocr_carea' id='block_1_3' title="bbox 761 2231 1208 2288">
    <p class='ocr_par' dir='ltr' id='par_1_6' title="bbox 761 2231 1208 2288">
     <span class='ocr_line' id='line_1_21' title="bbox 761 2231 1208 2288; baseline -0.009 -2"><span class='ocrx_word' id='word_1_165' title='bbox 761 2232 883 2288; x_wconf 78' lang='lat' dir='ltr'><strong>eod.</strong></span> <span class='ocrx_word' id='word_1_166' title='bbox 921 2231 1054 2285; x_wconf 86' lang='lat' dir='ltr'><strong>Frcf.</strong></span> <span class='ocrx_word' id='word_1_167' title='bbox 1091 2231 1208 2284; x_wconf 82' lang='lat'><strong>302.</strong></span> 
     </span>
    </p>
   </div>
   <div class='ocr_carea' id='block_1_4' title="bbox 453 2403 2727 2495">
    <p class='ocr_par' dir='ltr' id='par_1_7' title="bbox 453 2403 2727 2495">
     <span class='ocr_line' id='line_1_22' title="bbox 453 2403 2727 2495; baseline 0.001 -20"><span class='ocrx_word' id='word_1_168' title='bbox 453 2421 683 2494; x_wconf 78' lang='lat' dir='ltr'><strong>(eotha.)</strong></span> <span class='ocrx_word' id='word_1_169' title='bbox 1506 2403 1653 2469; x_wconf 84' lang='lat'><strong>375.</strong></span> <span class='ocrx_word' id='word_1_170' title='bbox 2358 2422 2506 2493; x_wconf 85' lang='lat' dir='ltr'><strong>(Juni</strong></span> <span class='ocrx_word' id='word_1_171' title='bbox 2545 2423 2727 2495; x_wconf 87' lang='lat'><strong>1514.)</strong></span> 
     </span>
    </p>
   </div>
   <div class='ocr_carea' id='block_1_5' title="bbox 822 2530 2356 2838">
    <p class='ocr_par' dir='ltr' id='par_1_8' title="bbox 822 2530 2356 2838">
     <span class='ocr_line' id='line_1_23' title="bbox 1205 2530 1964 2601; baseline 0 -2"><span class='ocrx_word' id='word_1_172' title='bbox 1205 2530 1498 2601; x_wconf 87' lang='lat' dir='ltr'><strong>Mutian</strong></span> <span class='ocrx_word' id='word_1_173' title='bbox 1541 2548 1642 2600; x_wconf 88' lang='lat' dir='ltr'><strong>an</strong></span> <span class='ocrx_word' id='word_1_174' title='bbox 1687 2530 1964 2601; x_wconf 86' lang='lat' dir='ltr'><strong>Urban.</strong></span> 
     </span>
     <span class='ocr_line' id='line_1_24' title="bbox 822 2656 2356 2727; baseline 0.001 -18"><span class='ocrx_word' id='word_1_175' title='bbox 822 2660 848 2725; x_wconf 88' lang='lat'><em>(</em></span> <span class='ocrx_word' id='word_1_176' title='bbox 859 2656 1082 2725; x_wconf 74' lang='lat' dir='ltr'><strong>Weiyert</strong></span> <span class='ocrx_word' id='word_1_177' title='bbox 1115 2657 1232 2711; x_wconf 77' lang='lat' dir='ltr'><strong>sich</strong></span> <span class='ocrx_word' id='word_1_178' title='bbox 1265 2657 1356 2710; x_wconf 76' lang='lat' dir='ltr'><strong>ein</strong></span> <span class='ocrx_word' id='word_1_179' title='bbox 1395 2656 1661 2711; x_wconf 72' lang='lat' dir='ltr'><strong>Gesehenk</strong></span> <span class='ocrx_word' id='word_1_180' title='bbox 1705 2657 1916 2711; x_wconf 74' lang='lat' dir='ltr'><strong>Urbane</strong></span> <span class='ocrx_word' id='word_1_181' title='bbox 1951 2658 2356 2727; x_wconf 63' lang='lat' dir='ltr'><strong>anzuroehmen.)</strong></span> 
     </span>
     <span class='ocr_line' id='line_1_25' title="bbox 1241 2768 1927 2838; baseline 0.001 -18"><span class='ocrx_word' id='word_1_182' title='bbox 1241 2771 1498 2821; x_wconf 82' lang='lat' dir='ltr'><strong>‘Urbano</strong></span> <span class='ocrx_word' id='word_1_183' title='bbox 1537 2768 1648 2838; x_wconf 79' lang='lat' dir='ltr'><strong>(M.</strong></span> <span class='ocrx_word' id='word_1_184' title='bbox 1682 2769 1927 2838; x_wconf 77' lang='lat' dir='ltr'><strong>Rufus).</strong></span> 
     </span>
    </p>
   </div>
   <div class='ocr_carea' id='block_1_6' title="bbox 453 2880 2725 3290">
    <p class='ocr_par' dir='ltr' id='par_1_9' title="bbox 453 2880 2725 3290">
     <span class='ocr_line' id='line_1_26' title="bbox 667 2880 2725 2964; baseline 0 -18"><span class='ocrx_word' id='word_1_185' title='bbox 667 2880 730 2946; x_wconf 88' lang='lat' dir='ltr'><strong>S.</strong></span> <span class='ocrx_word' id='word_1_186' title='bbox 823 2880 1042 2945; x_wconf 86' lang='lat' dir='ltr'><strong>Serius</strong></span> <span class='ocrx_word' id='word_1_187' title='bbox 1086 2882 1386 2964; x_wconf 88' lang='lat' dir='ltr'><strong>opinione</strong></span> <span class='ocrx_word' id='word_1_188' title='bbox 1431 2904 1575 2946; x_wconf 90' lang='lat' dir='ltr'><strong>mea</strong></span> <span class='ocrx_word' id='word_1_189' title='bbox 1618 2882 1809 2946; x_wconf 81' lang='lat' dir='ltr'><strong>rediit</strong></span> <span class='ocrx_word' id='word_1_190' title='bbox 1862 2882 2149 2947; x_wconf 92' lang='lat' dir='ltr'><strong>Publius.</strong></span> <span class='ocrx_word' id='word_1_191' title='bbox 2160 2883 2181 2915; x_wconf 83' lang='lat'><strong>⁶</strong></span> <span class='ocrx_word' id='word_1_192' title='bbox 2273 2882 2474 2947; x_wconf 85' lang='lat' dir='ltr'><strong>Credo</strong></span> <span class='ocrx_word' id='word_1_193' title='bbox 2518 2884 2611 2947; x_wconf 84' lang='lat' dir='ltr'><strong>ita</strong></span> <span class='ocrx_word' id='word_1_194' title='bbox 2656 2888 2725 2946; x_wconf 89' lang='lat' dir='ltr'><strong>te</strong></span> 
     </span>
     <span class='ocr_line' id='line_1_27' title="bbox 459 2968 2723 3051; baseline -0 -18"><span class='ocrx_word' id='word_1_195' title='bbox 459 2968 718 3043; x_wconf 88' lang='lat' dir='ltr'><strong>sentire,</strong></span> <span class='ocrx_word' id='word_1_196' title='bbox 763 2972 838 3031; x_wconf 84' lang='lat' dir='ltr'><strong>ut</strong></span> <span class='ocrx_word' id='word_1_197' title='bbox 882 2968 1142 3046; x_wconf 62' lang='lat' dir='ltr'><strong>scribi-33</strong></span> <span class='ocrx_word' id='word_1_198' title='bbox 1189 2968 1346 3031; x_wconf 88' lang='lat' dir='ltr'><strong>fides</strong></span> <span class='ocrx_word' id='word_1_199' title='bbox 1393 2969 1559 3031; x_wconf 88' lang='lat' dir='ltr'><strong>enim</strong></span> <span class='ocrx_word' id='word_1_200' title='bbox 1609 2974 1720 3031; x_wconf 82' lang='lat' dir='ltr'><strong>tua</strong></span> <span class='ocrx_word' id='word_1_201' title='bbox 1752 2990 1879 3033; x_wconf 87' lang='lat' dir='ltr'><strong>non</strong></span> <span class='ocrx_word' id='word_1_202' title='bbox 1912 2969 2188 3033; x_wconf 82' lang='lat' dir='ltr'><strong>vacillat.</strong></span> <span class='ocrx_word' id='word_1_203' title='bbox 2280 2968 2413 3050; x_wconf 85' lang='lat' dir='ltr'><strong>Ego</strong></span> <span class='ocrx_word' id='word_1_204' title='bbox 2448 2970 2723 3051; x_wconf 80' lang='lat' dir='ltr'><strong>pretium</strong></span> 
     </span>
     <span class='ocr_line' id='line_1_28' title="bbox 453 3050 2721 3131; baseline 0 -14"><span class='ocrx_word' id='word_1_205' title='bbox 453 3050 822 3131; x_wconf 66' lang='lat' dir='ltr'><strong>numerabQ</strong></span> <span class='ocrx_word' id='word_1_206' title='bbox 892 3057 964 3117; x_wconf 87' lang='lat' dir='ltr'><strong>tu</strong></span> <span class='ocrx_word' id='word_1_207' title='bbox 1027 3051 1290 3117; x_wconf 79' lang='lat' dir='ltr'><strong>indica.⁶</strong></span> <span class='ocrx_word' id='word_1_208' title='bbox 1387 3054 1460 3117; x_wconf 90' lang='lat' dir='ltr'><strong>Id</strong></span> <span class='ocrx_word' id='word_1_209' title='bbox 1532 3054 1657 3117; x_wconf 88' lang='lat' dir='ltr'><strong>nisi</strong></span> <span class='ocrx_word' id='word_1_210' title='bbox 1722 3053 1964 3131; x_wconf 52' lang='lat' dir='ltr'><strong>feceris„</strong></span> <span class='ocrx_word' id='word_1_211' title='bbox 2035 3077 2162 3117; x_wconf 89' lang='lat' dir='ltr'><strong>non</strong></span> <span class='ocrx_word' id='word_1_212' title='bbox 2230 3054 2480 3118; x_wconf 86' lang='lat' dir='ltr'><strong>habebo</strong></span> <span class='ocrx_word' id='word_1_213' title='bbox 2548 3056 2721 3119; x_wconf 87' lang='lat' dir='ltr'><strong>dono</strong></span> 
     </span>
     <span class='ocr_line' id='line_1_29' title="bbox 459 3140 2719 3221; baseline -0 -18"><span class='ocrx_word' id='word_1_214' title='bbox 459 3140 701 3218; x_wconf 79' lang='lat' dir='ltr'><strong>datum,</strong></span> <span class='ocrx_word' id='word_1_215' title='bbox 750 3140 860 3203; x_wconf 88' lang='lat' dir='ltr'><strong>sed</strong></span> <span class='ocrx_word' id='word_1_216' title='bbox 906 3140 1244 3202; x_wconf 87' lang='lat' dir='ltr'><strong>remittam.</strong></span> <span class='ocrx_word' id='word_1_217' title='bbox 1340 3140 1512 3203; x_wconf 90' lang='lat' dir='ltr'><strong>Adeo</strong></span> <span class='ocrx_word' id='word_1_218' title='bbox 1559 3162 1696 3203; x_wconf 86' lang='lat' dir='ltr'><strong>sum</strong></span> <span class='ocrx_word' id='word_1_219' title='bbox 1746 3140 2141 3203; x_wconf 86' lang='lat' dir='ltr'><strong>verecundus</strong></span> <span class='ocrx_word' id='word_1_220' title='bbox 2188 3145 2251 3203; x_wconf 85' lang='lat' dir='ltr'><strong>et</strong></span> <span class='ocrx_word' id='word_1_221' title='bbox 2296 3161 2439 3203; x_wconf 91' lang='lat' dir='ltr'><strong>cum</strong></span> <span class='ocrx_word' id='word_1_222' title='bbox 2478 3142 2719 3221; x_wconf 86' lang='lat' dir='ltr'><strong>pudore</strong></span> 
     </span>
     <span class='ocr_line' id='line_1_30' title="bbox 457 3224 1957 3290; baseline -0.001 -1"><span class='ocrx_word' id='word_1_223' title='bbox 457 3231 824 3290; x_wconf 85' lang='lat' dir='ltr'><strong>contumax.</strong></span> <span class='ocrx_word' id='word_1_224' title='bbox 920 3224 1084 3289; x_wconf 87' lang='lat' dir='ltr'><strong>Vale.</strong></span> <span class='ocrx_word' id='word_1_225' title='bbox 1174 3224 1319 3287; x_wconf 82' lang='lat' dir='ltr'><strong>Nox</strong></span> <span class='ocrx_word' id='word_1_226' title='bbox 1365 3226 1580 3289; x_wconf 85' lang='lat' dir='ltr'><strong>tardat</strong></span> <span class='ocrx_word' id='word_1_227' title='bbox 1624 3225 1957 3288; x_wconf 86' lang='lat' dir='ltr'><strong>calamum.</strong></span> 
     </span>
    </p>
   </div>
   <div class='ocr_carea' id='block_1_7' title="bbox 763 3324 1212 3379">
    <p class='ocr_par' dir='ltr' id='par_1_10' title="bbox 763 3324 1212 3379">
     <span class='ocr_line' id='line_1_31' title="bbox 763 3324 1212 3379; baseline -0.004 0"><span class='ocrx_word' id='word_1_228' title='bbox 763 3325 886 3379; x_wconf 79' lang='lat' dir='ltr'><strong>Cod.</strong></span> <span class='ocrx_word' id='word_1_229' title='bbox 924 3324 1058 3377; x_wconf 79' lang='lat' dir='ltr'><strong>Frcf.</strong></span> <span class='ocrx_word' id='word_1_230' title='bbox 1097 3324 1212 3377; x_wconf 89' lang='lat'><strong>310.</strong></span> 
     </span>
    </p>
   </div>
   <div class='ocr_carea' id='block_1_8' title="bbox 459 3498 2717 3584">
    <p class='ocr_par' dir='ltr' id='par_1_11' title="bbox 459 3498 2717 3584">
     <span class='ocr_line' id='line_1_32' title="bbox 459 3498 2717 3584; baseline -0.001 -16"><span class='ocrx_word' id='word_1_231' title='bbox 459 3515 692 3584; x_wconf 74' lang='lat' dir='ltr'><strong>(Gotha.)</strong></span> <span class='ocrx_word' id='word_1_232' title='bbox 1514 3498 1659 3562; x_wconf 84' lang='lat'><strong>376.</strong></span> <span class='ocrx_word' id='word_1_233' title='bbox 2149 3523 2153 3527; x_wconf 94' lang='lat'>·</span> <span class='ocrx_word' id='word_1_234' title='bbox 2358 3513 2506 3581; x_wconf 73' lang='lat' dir='ltr'><strong>(suni</strong></span> <span class='ocrx_word' id='word_1_235' title='bbox 2544 3513 2717 3581; x_wconf 88' lang='lat'><strong>1514.)</strong></span> 
     </span>
    </p>
   </div>
   <div class='ocr_carea' id='block_1_9' title="bbox 458 3622 2718 3927">
    <p class='ocr_par' dir='ltr' id='par_1_12' title="bbox 458 3622 2718 3927">
     <span class='ocr_line' id='line_1_33' title="bbox 1209 3622 1971 3695; baseline 0 -2"><span class='ocrx_word' id='word_1_236' title='bbox 1209 3622 1500 3694; x_wconf 82' lang='lat' dir='ltr'><strong>Mutian</strong></span> <span class='ocrx_word' id='word_1_237' title='bbox 1546 3646 1645 3695; x_wconf 87' lang='lat' dir='ltr'><strong>an</strong></span> <span class='ocrx_word' id='word_1_238' title='bbox 1688 3623 1971 3695; x_wconf 84' lang='lat' dir='ltr'><strong>Urban.</strong></span> 
     </span>
     <span class='ocr_line' id='line_1_34' title="bbox 458 3751 2718 3820; baseline -0.001 -15"><span class='ocrx_word' id='word_1_239' title='bbox 458 3752 919 3820; x_wconf 64' lang='lat' dir='ltr'><strong>(Ausfv&#39;aesshrliehere</strong></span> <span class='ocrx_word' id='word_1_240' title='bbox 956 3751 1428 3820; x_wconf 71' lang='lat' dir='ltr'><strong>Entsekuldslqunq,</strong></span> <span class='ocrx_word' id='word_1_241' title='bbox 1466 3752 1565 3806; x_wconf 79' lang='lat' dir='ltr'><strong>das</strong></span> <span class='ocrx_word' id='word_1_242' title='bbox 1608 3752 1869 3806; x_wconf 72' lang='lat' dir='ltr'><strong>Gesehenk</strong></span> <span class='ocrx_word' id='word_1_243' title='bbox 1889 3752 2037 3805; x_wconf 74' lang='lat' dir='ltr'><strong>nicht</strong></span> <span class='ocrx_word' id='word_1_244' title='bbox 2062 3751 2358 3805; x_wconf 65' lang='lat' dir='ltr'><strong>annelzmen</strong></span> <span class='ocrx_word' id='word_1_245' title='bbox 2380 3768 2455 3804; x_wconf 67' lang='grc' dir='ltr'><strong>κα</strong></span> <span class='ocrx_word' id='word_1_246' title='bbox 2477 3752 2718 3819; x_wconf 62' lang='lat' dir='ltr'><strong>konnen.)</strong></span> 
     </span>
     <span class='ocr_line' id='line_1_35' title="bbox 710 3864 2471 3927; baseline -0.001 -10"><span class='ocrx_word' id='word_1_247' title='bbox 710 3866 1016 3927; x_wconf 75' lang='lat' dir='ltr'><strong>Magistro</strong></span> <span class='ocrx_word' id='word_1_248' title='bbox 1052 3866 1309 3916; x_wconf 80' lang='lat' dir='ltr'><strong>Urbano</strong></span> <span class='ocrx_word' id='word_1_249' title='bbox 1345 3867 1516 3925; x_wconf 80' lang='lat' dir='ltr'><strong>patri</strong></span> <span class='ocrx_word' id='word_1_250' title='bbox 1549 3866 2088 3927; x_wconf 74' lang='lat' dir='ltr'><strong>praestantissimo</strong></span> <span class='ocrx_word' id='word_1_251' title='bbox 2124 3866 2212 3915; x_wconf 79' lang='lat' dir='ltr'><strong>M.</strong></span> <span class='ocrx_word' id='word_1_252' title='bbox 2247 3864 2471 3916; x_wconf 77' lang='lat' dir='ltr'><strong>Rufus·</strong></span> 
     </span>
    </p>
   </div>
   <div class='ocr_carea' id='block_1_10' title="bbox 666 3974 2717 4057">
    <p class='ocr_par' dir='ltr' id='par_1_13' title="bbox 666 3974 2717 4057">
     <span class='ocr_line' id='line_1_36' title="bbox 666 3974 2717 4057; baseline 0 -18"><span class='ocrx_word' id='word_1_253' title='bbox 666 3974 730 4041; x_wconf 91' lang='lat' dir='ltr'><strong>S.</strong></span> <span class='ocrx_word' id='word_1_254' title='bbox 824 3974 1065 4041; x_wconf 87' lang='lat' dir='ltr'><strong>Scribis</strong></span> <span class='ocrx_word' id='word_1_255' title='bbox 1110 3980 1176 4041; x_wconf 71' lang='lat' dir='ltr'><strong>ie</strong></span> <span class='ocrx_word' id='word_1_256' title='bbox 1221 3998 1425 4041; x_wconf 86' lang='lat' dir='ltr'><strong>meam</strong></span> <span class='ocrx_word' id='word_1_257' title='bbox 1475 3974 1974 4041; x_wconf 81' lang='lat' dir='ltr'><strong>contumaciam⁷</strong></span> <span class='ocrx_word' id='word_1_258' title='bbox 2006 3976 2259 4057; x_wconf 83' lang='lat' dir='ltr'><strong>aegrius</strong></span> <span class='ocrx_word' id='word_1_259' title='bbox 2289 3980 2504 4041; x_wconf 79' lang='lat' dir='ltr'><strong>tamen</strong></span> <span class='ocrx_word' id='word_1_260' title='bbox 2540 3975 2717 4041; x_wconf 88' lang='lat' dir='ltr'><strong>ferre.</strong></span> 
     </span>
    </p>
   </div>
   <div class='ocr_carea' id='block_1_11' title="bbox 456 4083 820 4090">
    <p class='ocr_par' dir='ltr' id='par_1_14' title="bbox 456 4083 820 4090">
     <span class='ocr_line' id='line_1_37' title="bbox 456 4083 820 4090; baseline 0 805"><span class='ocrx_word' id='word_1_261' title='bbox 456 4083 820 4090; x_wconf 95' lang='lat' dir='ltr'><strong> </strong></span> 
     </span>
    </p>
   </div>
   <div class='ocr_carea' id='block_1_12' title="bbox 460 4110 2725 4524">
    <p class='ocr_par' dir='ltr' id='par_1_15' title="bbox 460 4110 2725 4524">
     <span class='ocr_line' id='line_1_38' title="bbox 499 4110 2719 4167; baseline -0.001 -1"><span class='ocrx_word' id='word_1_262' title='bbox 499 4113 821 4167; x_wconf 87' lang='lat' dir='ltr'><strong>eschrieben.</strong></span> <span class='ocrx_word' id='word_1_263' title='bbox 969 4113 986 4142; x_wconf 87' lang='lat'>²</span> <span class='ocrx_word' id='word_1_264' title='bbox 1023 4112 1216 4165; x_wconf 86' lang='lat' dir='ltr'><strong>Fabers</strong></span> <span class='ocrx_word' id='word_1_265' title='bbox 1253 4112 1633 4166; x_wconf 87' lang='lat' dir='ltr'><strong>Commentare.</strong></span> <span class='ocrx_word' id='word_1_266' title='bbox 1705 4112 1828 4165; x_wconf 89' lang='lat' dir='ltr'><strong>Vor.</strong></span> <span class='ocrx_word' id='word_1_267' title='bbox 1866 4110 1953 4164; x_wconf 71' lang='grc' dir='ltr'><strong>ΒΓ.</strong></span> <span class='ocrx_word' id='word_1_268' title='bbox 2096 4113 2116 4143; x_wconf 79' lang='lat'>²</span> <span class='ocrx_word' id='word_1_269' title='bbox 2150 4112 2283 4164; x_wconf 91' lang='lat' dir='ltr'><strong>Zum</strong></span> <span class='ocrx_word' id='word_1_270' title='bbox 2320 4110 2385 4166; x_wconf 86' lang='lat' dir='ltr'><strong>N.</strong></span> <span class='ocrx_word' id='word_1_271' title='bbox 2422 4110 2557 4165; x_wconf 78' lang='lat' dir='ltr'><strong>Test.</strong></span> <span class='ocrx_word' id='word_1_272' title='bbox 2594 4110 2719 4165; x_wconf 85' lang='lat' dir='ltr'><strong>Vor.</strong></span> 
     </span>
     <span class='ocr_line' id='line_1_39' title="bbox 509 4178 2722 4236; baseline -0 -3"><span class='ocrx_word' id='word_1_273' title='bbox 509 4198 548 4236; x_wconf 86' lang='lat' dir='ltr'><strong>r.</strong></span> <span class='ocrx_word' id='word_1_274' title='bbox 657 4184 679 4214; x_wconf 80' lang='lat'><strong>⁸</strong></span> <span class='ocrx_word' id='word_1_275' title='bbox 712 4180 984 4235; x_wconf 85' lang='lat' dir='ltr'><strong>Benedikt.</strong></span> <span class='ocrx_word' id='word_1_276' title='bbox 1057 4180 1107 4233; x_wconf 89' lang='lat' dir='ltr'><strong>S.</strong></span> <span class='ocrx_word' id='word_1_277' title='bbox 1143 4182 1179 4232; x_wconf 87' lang='grc'>4</span> <span class='ocrx_word' id='word_1_278' title='bbox 1217 4184 1278 4233; x_wconf 90' lang='lat' dir='ltr'><strong>A.</strong></span> <span class='ocrx_word' id='word_1_279' title='bbox 1318 4183 1360 4235; x_wconf 94' lang='lat' dir='ltr'><strong>l.</strong></span> <span class='ocrx_word' id='word_1_280' title='bbox 1415 4181 1467 4235; x_wconf 84' lang='lat' dir='ltr'><strong>S.</strong></span> <span class='ocrx_word' id='word_1_281' title='bbox 1506 4181 1607 4235; x_wconf 83' lang='lat'><strong>299</strong></span> <span class='ocrx_word' id='word_1_282' title='bbox 1644 4182 1705 4233; x_wconf 87' lang='lat' dir='ltr'><strong>A.</strong></span> <span class='ocrx_word' id='word_1_283' title='bbox 1745 4183 1790 4233; x_wconf 81' lang='lat'><strong>1.</strong></span> <span class='ocrx_word' id='word_1_284' title='bbox 1899 4183 1919 4212; x_wconf 84' lang='lat'><strong>⁴</strong></span> <span class='ocrx_word' id='word_1_285' title='bbox 1955 4178 2004 4233; x_wconf 80' lang='lat' dir='ltr'><strong>S.</strong></span> <span class='ocrx_word' id='word_1_286' title='bbox 2041 4180 2147 4233; x_wconf 86' lang='lat'><strong>444</strong></span> <span class='ocrx_word' id='word_1_287' title='bbox 2181 4184 2241 4232; x_wconf 92' lang='lat' dir='ltr'><strong>A.</strong></span> <span class='ocrx_word' id='word_1_288' title='bbox 2280 4182 2326 4233; x_wconf 86' lang='lat'><strong>7.</strong></span> <span class='ocrx_word' id='word_1_289' title='bbox 2434 4182 2455 4213; x_wconf 74' lang='lat'>⁸</span> <span class='ocrx_word' id='word_1_290' title='bbox 2488 4179 2722 4232; x_wconf 81' lang='lat' dir='ltr'><strong>Mutians</strong></span> 
     </span>
     <span class='ocr_line' id='line_1_40' title="bbox 461 4246 2719 4316; baseline -0.001 -13"><span class='ocrx_word' id='word_1_291' title='bbox 461 4251 669 4304; x_wconf 83' lang='lat' dir='ltr'><strong>Diener.</strong></span> <span class='ocrx_word' id='word_1_292' title='bbox 742 4250 792 4305; x_wconf 87' lang='lat' dir='ltr'><strong>S.</strong></span> <span class='ocrx_word' id='word_1_293' title='bbox 832 4250 929 4302; x_wconf 81' lang='lat'><strong>407</strong></span> <span class='ocrx_word' id='word_1_294' title='bbox 968 4252 1029 4301; x_wconf 93' lang='lat' dir='ltr'><strong>A.</strong></span> <span class='ocrx_word' id='word_1_295' title='bbox 1070 4250 1102 4301; x_wconf 84' lang='lat'>2</span> <span class='ocrx_word' id='word_1_296' title='bbox 1238 4250 1260 4281; x_wconf 73' lang='lat'><strong>⁶</strong></span> <span class='ocrx_word' id='word_1_297' title='bbox 1294 4249 1759 4301; x_wconf 54' lang='lat' dir='ltr'><strong>XVahrscheinlich</strong></span> <span class='ocrx_word' id='word_1_298' title='bbox 1796 4250 1889 4301; x_wconf 85' lang='lat' dir='ltr'><strong>des</strong></span> <span class='ocrx_word' id='word_1_299' title='bbox 1924 4248 2255 4303; x_wconf 85' lang='lat' dir='ltr'><strong>Psalterium.</strong></span> <span class='ocrx_word' id='word_1_300' title='bbox 2330 4248 2445 4316; x_wconf 77' lang='lat' dir='ltr'><strong>Vgl.</strong></span> <span class='ocrx_word' id='word_1_301' title='bbox 2484 4264 2591 4301; x_wconf 80' lang='lat' dir='ltr'><strong>vor.</strong></span> <span class='ocrx_word' id='word_1_302' title='bbox 2630 4246 2719 4302; x_wconf 84' lang='lat' dir='ltr'><strong>Br.</strong></span> 
     </span>
     <span class='ocr_line' id='line_1_41' title="bbox 460 4316 2723 4386; baseline -0.002 -14"><span class='ocrx_word' id='word_1_303' title='bbox 460 4335 512 4374; x_wconf 91' lang='lat' dir='ltr'><strong>u.</strong></span> <span class='ocrx_word' id='word_1_304' title='bbox 550 4320 636 4371; x_wconf 90' lang='lat' dir='ltr'><strong>Br.</strong></span> <span class='ocrx_word' id='word_1_305' title='bbox 675 4319 802 4372; x_wconf 86' lang='lat'><strong>393:</strong></span> <span class='ocrx_word' id='word_1_306' title='bbox 859 4318 1018 4382; x_wconf 86' lang='lat' dir='ltr'><strong>»Quid</strong></span> <span class='ocrx_word' id='word_1_307' title='bbox 1077 4319 1292 4383; x_wconf 80' lang='lat' dir='ltr'><strong>diceres,</strong></span> <span class='ocrx_word' id='word_1_308' title='bbox 1349 4318 1392 4369; x_wconf 85' lang='lat' dir='ltr'><strong>si</strong></span> <span class='ocrx_word' id='word_1_309' title='bbox 1445 4334 1540 4386; x_wconf 82' lang='lat' dir='ltr'><strong>ego</strong></span> <span class='ocrx_word' id='word_1_310' title='bbox 1593 4318 1911 4370; x_wconf 76' lang='lat' dir='ltr'><strong>Psalterium</strong></span> <span class='ocrx_word' id='word_1_311' title='bbox 1966 4318 2127 4384; x_wconf 81' lang='lat' dir='ltr'><strong>gratis</strong></span> <span class='ocrx_word' id='word_1_312' title='bbox 2163 4334 2195 4370; x_wconf 94' lang='lat' dir='ltr'><strong>a</strong></span> <span class='ocrx_word' id='word_1_313' title='bbox 2228 4326 2280 4370; x_wconf 88' lang='lat' dir='ltr'><strong>te</strong></span> <span class='ocrx_word' id='word_1_314' title='bbox 2334 4317 2654 4383; x_wconf 85' lang='lat' dir='ltr'><strong>accepissem</strong></span> <span class='ocrx_word' id='word_1_315' title='bbox 2668 4316 2723 4367; x_wconf 65' lang='lat' dir='ltr'><strong>P«</strong></span> 
     </span>
     <span class='ocr_line' id='line_1_42' title="bbox 460 4385 2725 4454; baseline -0.002 -14"><span class='ocrx_word' id='word_1_316' title='bbox 460 4388 641 4441; x_wconf 87' lang='lat' dir='ltr'><strong>Urban</strong></span> <span class='ocrx_word' id='word_1_317' title='bbox 686 4387 860 4440; x_wconf 76' lang='lat' dir='ltr'><strong>wollte</strong></span> <span class='ocrx_word' id='word_1_318' title='bbox 905 4387 1049 4439; x_wconf 69' lang='lat' dir='ltr'><strong>scine</strong></span> <span class='ocrx_word' id='word_1_319' title='bbox 1085 4388 1292 4438; x_wconf 76' lang='lat' dir='ltr'><strong>friihere</strong></span> <span class='ocrx_word' id='word_1_320' title='bbox 1329 4387 1490 4439; x_wconf 67' lang='lat' dir='ltr'><strong>Harte</strong></span> <span class='ocrx_word' id='word_1_321' title='bbox 1529 4386 1636 4454; x_wconf 72' lang='grc' dir='ltr'>(ΒΥ.</span> <span class='ocrx_word' id='word_1_322' title='bbox 1676 4386 1796 4453; x_wconf 85' lang='grc'><strong>367)</strong></span> <span class='ocrx_word' id='word_1_323' title='bbox 1836 4387 2001 4438; x_wconf 83' lang='lat' dir='ltr'><strong>durch</strong></span> <span class='ocrx_word' id='word_1_324' title='bbox 2057 4388 2141 4437; x_wconf 87' lang='lat' dir='ltr'><strong>ein</strong></span> <span class='ocrx_word' id='word_1_325' title='bbox 2196 4387 2470 4438; x_wconf 83' lang='lat' dir='ltr'><strong>Geschenk</strong></span> <span class='ocrx_word' id='word_1_326' title='bbox 2525 4385 2725 4437; x_wconf 76' lang='lat' dir='ltr'><strong>wieder</strong></span> 
     </span>
     <span class='ocr_line' id='line_1_43' title="bbox 463 4455 2218 4524; baseline -0.002 -16"><span class='ocrx_word' id='word_1_327' title='bbox 463 4460 557 4524; x_wconf 83' lang='lat' dir='ltr'><strong>gut</strong></span> <span class='ocrx_word' id='word_1_328' title='bbox 594 4456 832 4509; x_wconf 85' lang='lat' dir='ltr'><strong>macheu.</strong></span> <span class='ocrx_word' id='word_1_329' title='bbox 976 4457 994 4488; x_wconf 81' lang='lat'>⁷</span> <span class='ocrx_word' id='word_1_330' title='bbox 1029 4456 1152 4509; x_wconf 87' lang='lat' dir='ltr'><strong>Vor.</strong></span> <span class='ocrx_word' id='word_1_331' title='bbox 1191 4455 1304 4509; x_wconf 87' lang='lat' dir='ltr'><strong>Br.:</strong></span> <span class='ocrx_word' id='word_1_332' title='bbox 1342 4478 1379 4508; x_wconf 84' lang='lat'><strong>».</strong></span> <span class='ocrx_word' id='word_1_333' title='bbox 1407 4495 1419 4509; x_wconf 93' lang='lat'><strong>.</strong></span> <span class='ocrx_word' id='word_1_334' title='bbox 1449 4492 1460 4507; x_wconf 79' lang='lat'><strong>.</strong></span> <span class='ocrx_word' id='word_1_335' title='bbox 1499 4471 1624 4508; x_wconf 89' lang='lat' dir='ltr'><strong>cum</strong></span> <span class='ocrx_word' id='word_1_336' title='bbox 1659 4455 1857 4522; x_wconf 89' lang='lat' dir='ltr'><strong>pudore</strong></span> <span class='ocrx_word' id='word_1_337' title='bbox 1894 4458 2218 4507; x_wconf 58' lang='lat' dir='ltr'><strong>contumax«</strong></span> 
     </span>
    </p>
   </div>
   <div class='ocr_carea' id='block_1_13' title="bbox 3026 1303 3030 1998">
    <p class='ocr_par' dir='ltr' id='par_1_16' title="bbox 3026 1303 3030 1998">
     <span class='ocr_line' id='line_1_44' title="bbox 3026 1303 3030 1998; baseline 0 0"><span class='ocrx_word' id='word_1_338' title='bbox 3026 1303 3030 1998; x_wconf 95' lang='lat' dir='ltr'><strong> </strong></span> 
     </span>
    </p>
   </div>
  </div>
 </body>
</html>
