3084 4895
766 397 951 451 Thom.
990 395 1135 450 Wolf
1162 412 1229 450 an
1269 399 1492 452 Mutian.
1569 398 1774 452 Mutian
1825 414 1892 451 an
1929 383 2128 452 Urban.
2443 399 2563 464 109

323 570 527 652 sequi.
607 569 702 633 Tu
748 592 913 633 unus
948 593 1034 646 eS‚
1090 570 1199 653 qui
1240 570 1323 634 ob
1362 570 1603 652 ingenii
1635 571 2082 635 amoenitatem
2131 574 2194 634 et
2239 571 2575 635 candorem

322 657 471 720 fidei
518 663 582 720 et.
628 657 835 719 omnis
884 661 1088 720 rectae
1122 657 1495 739 disciplinae
1529 657 1819 720 notitiam
1851 669 1878 696 ²
1909 657 2132 720 merito
2165 657 2244 722 ab
2279 658 2574 721 omnibus

322 744 525 805 instar
594 743 791 805 divini
864 743 1141 805 numinis
1209 766 1333 806 non
1403 749 1531 807 tam
1603 745 1800 806 amari
1867 765 2054 825 quam
2123 744 2240 806 coli
2298 747 2569 808 mereris,

325 828 497 891 Nihil
548 829 983 904 assentationi,
1032 829 1189 892 nihil
1224 831 1592 892 amicitiae⁸
1638 829 1739 891 hic
1773 830 2001 892 tribuo.
2093 828 2386 892 Calamus
2432 851 2572 893 cum

332 920 541 977 mente
588 915 949 979 concordat.
1044 915 1411 978 Concedam:
1456 937 1674 998 precor
1717 916 1867 990 sata,
1916 923 1985 978 ut
2017 915 2330 978 antefata
2363 937 2568 979 coram

324 1002 637 1082 possimus
684 994 1067 1081 colloquiset
1111 1003 1397 1064 dextram
1448 1003 1708 1065 dextrae
1745 1001 2008 1082 jungere
2053 1007 2116 1064 et
2148 1024 2325 1064 veras
2357 1003 2571 1065 audire

332 1094 395 1149 et
439 1087 694 1150 reddere
742 1108 943 1150 voces
1034 1086 1188 1168 Ego,
1237 1089 1288 1150 si
1336 1088 1411 1150 de
1458 1093 1631 1152 statu
1681 1109 1814 1150 meo
1863 1088 2016 1167 quid
2047 1089 2204 1150 scire
2237 1089 2570 1164 desidera,

332 1174 547 1235 variis.
590 1173 883 1236 fortunae
948 1174 1238 1256 procellis
1306 1175 1529 1237 misere
1598 1176 1784 1237 miser
1858 1174 2078 1255 jactor.
2205 1173 2408 1236 Vexat
2476 1196 2572 1236 me

326 1265 611 1340 patruuS,
676 1260 784 1339 qui
844 1260 1229 1322 mendaciter
1275 1259 1476 1323 multa
1520 1262 1584 1322 in
1635 1281 1824 1323 causa
1870 1281 2008 1322 mea
2052 1258 2290 1322 Romae
2336 1261 2573 1342 narrari

324 1345 497 1408 facit..
588 1345 807 1426 Itaque
872 1346 1217 1408 mendaciis
1280 1351 1501 1409 contra
1559 1367 1654 1408 me
1701 1344 1977 1428 diploma
2023 1347 2154 1409 sive
2199 1347 2572 1427 rescriptum

324 1435 708 1512 assequutus
765 1436 879 1494 est.
984 1431 1425 1514 Appellatione
1471 1455 1569 1495 me
1613 1436 2068 1508 tutatus-sum,
2115 1433 2449 1514 provocavi
2493 1432 2572 1494 ad

321 1517 717 1598 pontificem:
789 1539 973 1599 quem
1046 1519 1176 1599 ipse
1242 1539 1357 1599 ego
1428 1519 1525 1581 vel
1595 1519 1730 1599 ejus
1790 1518 2035 1599 judices
2081 1518 2368 1583 aditurus
2413 1540 2571 1582 sum.

320 1604 466 1666 dam
513 1605 575 1665 in
627 1604 954 1684 procinctu
1004 1626 1162 1678 sum,
1211 1605 1560 1685 scripturus
1607 1627 1744 1667 sum
1781 1603 1900 1667 tibi
1932 1627 2008 1666 ex
2049 1604 2249 1682 ltalia.
2328 1604 2576 1667 Interea

322 1713 424 1752 me
469 1689 583 1752 tibi
657 1690 1046 1752 commendo,
1162 1690 1408 1766 Quaeso
1474 1697 1545 1752 ut
1614 1691 1814 1753 nostri
1879 1691 1964 1752 sis
2031 1712 2283 1753 memor.
2391 1690 2575 1766 Quod

322 1798 523 1858 paene
551 1777 579 1816 ¹²
611 1775 846 1838 oblitus
884 1798 1042 1852 sum,
1094 1775 1306 1839 literas
1340 1777 1614 1839 novitias
1643 1788 1671 1816 ὃ
1717 1778 2020 1839 bonorum
2059 1775 2387 1858 juvenum¹
2441 1799 2576 1858 per-

318 1863 448 1941 legi
498 1863 650 1924 mira
684 1883 824 1924 cum
860 1862 1205 1943 voluptate.
1300 1862 1484 1925 Vivat
1520 1863 1835 1936 EobanUS,
1871 1863 2043 1924 vivat
2089 1861 2575 1939 Eberbacchius,

322 1948 434 2028 qui
486 1949 575 2010 sic
620 1948 876 2028 ingenio
924 1954 986 2010 et
1032 1949 1317 2011 doctrina
1367 1950 1608 2024 florent,
1674 1956 1746 2010 ut
1804 1969 1926 2011 non
1975 1948 2224 2030 quidem
2275 1949 2572 2011 tirunculi

329 2034 441 2096 sed
474 2035 659 2115 plane
693 2035 975 2096 veterani
1008 2035 1070 2096 in
1104 2034 1382 2097 literaria
1416 2055 1627 2116 pugna
1661 2057 1796 2097 esse
1832 2035 2178 2098 videantur.
2248 2033 2571 2098 Urbanum

322 2121 723 2182 coenobitam
758 2124 821 2182 et
854 2119 1251 2201 Spalatinum
1300 2144 1373 2183 ac
1420 2122 1611 2184 etiam
1660 2121 1986 2184 Eobanum
2026 2121 2286 2183 Hessum
2335 2121 2575 2184 salvere

321 2206 527 2288 cupio.
646 2206 773 2287 Ego
844 2211 1020 2269 totus
1080 2229 1215 2269 sum
1280 2212 1498 2270 vester.
1605 2207 1769 2285 Vale,
1839 2206 2122 2269 Mutiane
2191 2207 2570 2281 doctissime.

324 2293 748 2372 Argentorati,
816 2293 1041 2373 raptim
1120 2294 1183 2354 in
1257 2294 1517 2356 summis
1588 2291 2114 2375 occupationibus
2182 2299 2246 2356 et
2311 2295 2573 2357 summis

320 2379 517 2441 animi
544 2378 951 2440 moeroribus,
1006 2379 1150 2441 Vale
1174 2380 1420 2442 iterum.
1469 2379 1679 2441 Pridie
1707 2379 1840 2442 Kal.
1870 2378 2260 2461 Septembris
2291 2378 2571 2442 MDVIII.

635 2479 757 2531 Cod.
794 2478 925 2533 Frcf.
968 2480 1080 2532 193.

323 2682 559 2752 (Gotha.)
1395 2672 1495 2734 94.
1943 2686 2056 2755 (um
2090 2685 2366 2739 Michaelis
2404 2685 2574 2753 1508.)

1052 2796 1341 2867 Mutian
1386 2818 1481 2867 an
1525 2797 1830 2868 Urban.·²

322 2924 607 2993 (Spalatin
642 2928 814 2991 z‘o’yert
846 2924 949 2977 mit
982 2924 1181 2977 semem
1215 2926 1435 2994 Abyany
1470 2944 1546 2979 an
1593 2926 1692 2979 den
1739 2925 1860 2993 Hof,
1909 2926 2027 2978 weil
2068 2943 2124 2977 er
2169 2930 2274 2979 erst
2319 2926 2397 2977 30
2447 2925 2577 2993 Taye

320 2994 753 3047 hmtereinander
777 2994 895 3047 Gott
919 2993 1104 3061 opsern
1125 2995 1246 3048 will.
1286 2995 1504 3048 Muticm
1526 2996 1716 3063 drdnyt
1739 2996 1837 3047 wilm
1863 3012 1966 3047 zur
1992 2996 2146 3047 Beise
2171 2995 2307 3047 nach
2337 2995 2576 3062 Toryau.)

376 3112 621 3161 Eximio
657 3109 965 3160 sacerdoti
999 3112 1079 3160 H.
1115 3110 1370 3161 Urbano
1406 3124 1537 3169 su0,
1573 3112 1826 3171 proprio
1863 3125 1934 3160 ac
1971 3110 2270 3171 singulari
2308 3112 2524 3168 amicO‚

1279 3198 1366 3246 M.
1401 3198 1623 3248 Rufus.
2125 3198 2129 3203 '

533 3307 597 3371 S.
693 3308 986 3389 Migratio
1034 3307 1351 3390 Spalatini
1398 3310 1597 3372 nostri
1646 3332 1677 3370 e
1724 3310 1966 3371 cortina
2012 3314 2203 3390 atque
2251 3308 2443 3389 adyto
2477 3309 2572 3371 tui

330 3395 533 3457 saltus
566 3395 815 3475 lucique
849 3393 1191 3475 Georgiani
1224 3396 1285 3457 in
1324 3396 1529 3461 aulam
1569 3395 1755 3477 paulo
1789 3396 2228 3477 spectatiorem
2259 3406 2286 3432 ⁸
2319 3402 2382 3457 et
2415 3415 2575 3474 quae

326 3482 573 3543 fructus
636 3480 972 3559 uberioreS,
1045 3504 1169 3544 non
1232 3482 1392 3544 levia
1461 3490 1574 3545 aut
1633 3482 1874 3544 ludicra
1935 3482 2208 3563 praemia
2255 3482 2570 3543 communi

460 3668 487 3696 ι
516 3655 564 3707 ci
598 3660 661 3707 st.
699 3655 754 3707 ti.
861 3658 889 3695 b
920 3655 1049 3707 bene
1088 3654 1235 3705 Tenx.

468 3745 483 3773 ¹
520 3742 579 3795 E.
618 3740 835 3793 Hessus’
872 3742 981 3793 und
1016 3741 1172 3793 Peter
1207 3740 1522 3806 EberbachS,
1561 3739 1645 3791 die
1681 3738 1774 3791 auf
1810 3738 2038 3791 Mutians
2065 3737 2304 3789 Wunsch
2343 3752 2407 3788 an
2430 3734 2577 3787 Wolf

328 3810 505 3863 Briefe
540 3811 797 3877 gerichtet
835 3812 1011 3863 hatten
1053 3809 1221 3878 (nicht
1257 3808 1529 3876 erhalten).
1602 3807 1873 3860 Eberbach
1898 3808 2042 3859 hatte
2063 3806 2156 3859 auf
2169 3806 2312 3858 einer
2329 3805 2574 3857 friiheren

326 3879 819 3932 Humanistenfahrt
855 3880 906 3931 in
944 3878 1250 3945 Strassburg
1284 3878 1453 3945 einige
1490 3875 1601 3929 Zeit
1647 3876 1884 3929 verweilt
1928 3877 2036 3928 und
2082 3874 2228 3927 Wolf
2281 3873 2574 3941 personlieh

325 3950 525 4000 kennen
576 3949 786 4016 gelernt.
860 3949 909 4002 8.
948 3949 1013 4000 39
1051 3952 1111 3999 A.
1150 3948 1205 3999 2..
1272 3946 1387 4014 Vgl.
1436 3946 1547 4000 Ulr.
1601 3946 1782 3998 Zasius
1819 3962 1883 3998 an
1919 3946 2009 3998 Th.
2047 3944 2194 3996 Wolf
2229 3944 2359 3996 1506
2410 3942 2571 4009 (Zasii

324 4034 439 4084 epp.
480 4019 559 4071 ed.
598 4018 881 4085 Riegger
917 4035 963 4084 p.
1002 4018 1151 4080 391.):
1189 4016 1351 4081 »Quid
1388 4016 1576 4075 dicam,
1615 4018 1865 4082 quantum
1903 4015 1954 4065 in
1992 4018 2044 4065 te
2081 4012 2327 4065 momenti
2355 4011 2572 4064 collocet

326 4086 595 4139 Mutianus
644 4087 847 4151 Ruffus,
895 4090 1101 4138 nostrae
1148 4086 1333 4138 aetatis
1381 4086 1598 4137 Cicero?
1678 4084 1812 4148 Quid
1851 4084 2140 4136 Maternum
2182 4082 2569 4145 Pistoriensem,

325 4156 589 4208 hominem
642 4173 707 4207 ex
754 4172 869 4208 asse
916 4156 1237 4207 formatum?
1318 4154 1455 4219 Quid
1495 4154 1706 4204 Petrum
1750 4153 2149 4215 Eberbachium,
2188 4151 2570 4203 Erfordiensem

325 4225 707 4277 adolescentem
749 4241 907 4292 supra
943 4240 1097 4291 quam
1136 4240 1233 4275 sua
1268 4231 1409 4276 aetas
1448 4224 1546 4273 sert
1582 4224 1860 4280 eruditum,
1899 4221 1988 4288 qui
2025 4224 2241 4286 accepta
2275 4237 2306 4271 a
2343 4219 2567 4296 parenti-
2619 4218 2633 4239 “

328 4294 424 4345 bus
460 4294 684 4360 optione,
723 4297 806 4347 cui
846 4295 1176 4361 potissimum
1215 4294 1374 4360 partis
1411 4297 1642 4360 tempore
1679 4291 2016 4353 cohabitaret,
2055 4293 2106 4341 te
2133 4290 2243 4354 jam
2284 4293 2394 4339 tum
2423 4303 2566 4354 iguo-

326 4366 439 4415 tum
489 4363 646 4430 elegit
663 4363 715 4416 ?«
784 4363 899 4430 Vgl.
948 4380 1013 4415 zu
1063 4362 1146 4415 ΒΓ.
1198 4363 1277 4415 32.
1314 4362 1395 4415 88.
1472 4353 1613 4411 Uber
1648 4360 1850 4413 Hessus
1887 4376 1951 4410 zu
1994 4360 2076 4411 ΒΓ.
2114 4359 2194 4410 64.
2337 4359 2356 4388 ²
2391 4356 2570 4408 Urban

326 4431 555 4483 befindet
591 4432 705 4484 sich
743 4434 833 4484 auf
865 4432 956 4483 der
992 4432 1313 4483 Universitiit
1346 4429 1573 4497 Leipzig.
