3084 4895
880 414 1064 470 Eoban
1102 430 1169 468 an
1208 415 1434 467 Mutian.
1509 414 1723 468 Mutian
1759 431 1828 469 an
1863 415 2064 470 Ecban.
2472 416 2601 480 549

323 602 574 673 (Erfurt.)
1395 586 1539 650 484.
2256 602 2391 669 (Mai
2431 604 2604 673 1515.)

1065 710 1327 780 Eoban
1373 732 1472 781 an
1516 711 1855 782 Mutian.¹

622 838 814 905 (Klaye
847 836 1078 899 Eobam,
1114 838 1240 890 dass
1274 855 1331 890 er
1363 837 1480 890 sich
1514 837 1765 891 Mutians
1798 838 1941 890 Zorn
1975 840 2309 905 xuyexoqen.)

504 951 624 1014 Per
667 956 750 1027 te,
798 952 853 1014 si
899 973 1026 1032 qua
1070 950 1230 1014 fides
1275 974 1558 1033 unquam
1604 955 1717 1014 tua
1761 955 2022 1031 pectora
2067 952 2266 1029 novit,

589 1037 642 1099 si
691 1058 818 1119 qua
861 1037 983 1099 tibi
1029 1042 1127 1099 est
1176 1037 1396 1113 virtuS‚
1447 1038 1498 1099 si
1548 1058 1675 1117 qua
1721 1037 1843 1099 tibi
1888 1040 1986 1099 est
2031 1037 2258 1117 piet-218,
2354 1089 2358 1093 .

500 1143 612 1205 per
655 1126 740 1199 te,
788 1121 970 1194 Rufe,
1018 1122 1187 1204 lyrae
1235 1126 1298 1184 et
1343 1123 1587 1204 patriae
1636 1121 1989 1185 communis
2036 1143 2335 1200 amorem,

591 1228 828 1287 perque
876 1207 1043 1287 quod
1094 1212 1192 1270 est
1229 1208 1530 1289 usquam,
1581 1228 1689 1287 per
1736 1227 2131 1287 superosque
2177 1229 2427 1290 precor:

500 1314 664 1373 quae
707 1292 964 1355 tandem
1016 1292 1180 1355 ratio
1225 1297 1342 1367 est,
1390 1314 1516 1374 qua
1565 1314 1681 1355 nos
1728 1296 2132 1355 contemnere
2181 1295 2403 1374 possis,

589 1399 669 1439 ne
715 1398 932 1459 precor
978 1377 1244 1440 ulterius
1292 1378 1693 1441 dissimulare
1742 1378 1915 1440 velis.

504 1461 815 1526 Flectitur
859 1462 1196 1538 immerito,
1243 1463 1376 1542 qui,
1423 1483 1550 1543 quo
1598 1463 1681 1527 sit
1729 1464 1991 1525 crimine
2040 1462 2274 1544 lapsus,

587 1569 716 1611 non
765 1548 938 1611 videt
983 1554 1048 1610 et.
1093 1552 1342 1611 sontem
1391 1571 1456 1611 se
1504 1548 1643 1611 sine
1691 1552 1857 1611 teste
1903 1547 2093 1610 dolet.

502 1632 587 1697 Ut
634 1633 1240 1714 modo,contemnas
1288 1634 1432 1707 (erit
1479 1634 1599 1696 hoc
1645 1632 1916 1696 fortasse
1962 1632 2313 1709 ferendum²

587 1718 696 1781 sed
743 1719 1067 1799 graviter),
1116 1740 1396 1796 causam,
1445 1739 1573 1799 qua
1621 1738 1885 1799 premor,
1919 1729 1946 1757 ⁸
1993 1721 2143 1781 ante
2190 1718 2360 1780 doce.

501 1802 641 1866 Heu
691 1803 856 1866 male
903 1824 1029 1866 non
1077 1804 1329 1885 patiens
1375 1804 1573 1867 animi
1622 1801 1803 1866 dolor
1848 1804 2120 1884 imperat
2163 1804 2291 1865 irae

587 1888 896 1969 Musaque
944 1910 1142 1971 paene
1188 1910 1346 1953 ausa
1392 1890 1489 1953 est
1536 1887 1890 1952 indoluisse
1938 1888 2165 1969 palam.

500 1972 745 2037 Forsan
791 1974 1112 2052 amicitiae
1161 1975 1426 2038 nimium
1467 1973 1840 2055 juveniliter
1885 1978 2086 2051 actae,

588 2079 882 2142 quaeque
930 2059 1266 2123 videbatur
1310 2061 1537 2141 gratia,
1588 2081 1795 2140 poena
1839 2060 1980 2123 fuit.

500 2143 622 2218 Ah,
669 2166 788 2226 ego
835 2166 946 2208 cur
992 2168 1272 2227 unquam
1323 2146 1510 2208 miser
1556 2143 1634 2207 ad
1684 2149 1797 2208 tua
1841 2145 2063 2209 limina
2110 2144 2273 2217 veui,

590 2230 746 2293 dure
792 2231 888 2292 vir
931 2236 996 2292 et
1041 2235 1260 2295 nostro
1310 2231 1571 2293 crimine
1619 2251 1819 2311 paene
1869 2229 2146 2293 nocens‘?

506 2314 703 2379 Parce
749 2319 963 2378 tamen
1011 2316 1335 2397 (quoniam
1386 2320 1671 2397 praestat
1714 2318 1964 2379 tentare
2009 2313 2346 2394 rogando):

594 2400 834 2465 invidia
881 2422 1007 2465 non
1051 2422 1190 2466 sum
1239 2402 1492 2484 dignuS,
1538 2401 1760 2477 amice,
1808 2404 1939 2488 tua.

635 2500 761 2555 Ood.
798 2500 933 2555 Frcf.
976 2501 1094 2554 521.

327 2687 564 2757 (Gotha.)
1383 2673 1528 2738 485.
1762 2770 1768 2776 -
1834 2687 1937 2756 (22.
1976 2688 2101 2740 oder
2136 2687 2217 2740 23.
2257 2685 2386 2740 Mai²
2426 2687 2596 2752 1515.)

1080 2799 1369 2869 Mutian
1416 2819 1512 2869 an
1559 2799 1840 2869 Eoban.

261 2905 266 2914 ⁵
325 2925 747 2993 (Versicheruny
781 2926 956 2978 &einer
991 2925 1419 2994 Aufvdclztaefflceiss
1473 2941 1623 2977 tecvm
1658 2942 1715 2977 er
1758 2925 1961 2978 Crotus'
2010 2925 2177 2990 Brz‘ef
2211 2925 2494 2976 rerbrannt
2529 2941 2602 2976 κει

326 2993 500 3046 haben
548 2993 832 3062 bekauptet.
901 2994 1099 3062 Brinyt
1142 3011 1272 3046 xum
1319 2994 1547 3046 Beweise
1580 2993 1665 3046 die
1698 2993 1791 3046 der
1838 2993 2194 3060 Ver-nichium
2246 2998 2603 3060 entyanyevaen

1108 3063 1296 3115 Stc'oeke
1328 3063 1415 3114 des
1452 3061 1659 3129 Bricfes
1697 3063 1825 3127 vor.)

689 3175 948 3225 Eobano
983 3187 1096 3226 suo
1130 3179 1353 3238 poetae
1393 3176 1799 3226 disertissimo
1838 3172 1948 3240 (M.
1986 3171 2231 3239 Rufus).

537 3284 602 3348 S.
697 3285 962 3350 Factum
1013 3290 1109 3350 est
1157 3287 1372 3350 divina
1433 3309 1572 3350 reor
1634 3286 2059 3367 providentia,
2126 3307 2288 3365 quae
2354 3304 2600 3363 semper

327 3369 453 3432 illis
523 3369 715 3448 favet,
781 3372 891 3454 qui
955 3376 1259 3436 stateram
1324 3393 1448 3436 non
1512 3371 1943 3448 transsiliunt,
2006 3371 2139 3434 sive
2200 3374 2271 3433 tu
2336 3368 2598 3432 Critolai

329 3453 645 3519 bilancem
727 3457 860 3521 sive
933 3457 1196 3520 alterius
1272 3457 1580 3521 trutinam
1653 3456 2127 3532 desideraveriS,
2205 3460 2275 3518 ut
2339 3453 2600 3518 libertas

328 3562 470 3603 mea
515 3541 722 3604 fidelis
769 3549 835 3605 et
878 3544 1126 3606 sincera
1171 3548 1460 3606 neutram
1509 3543 1575 3605 in
1622 3547 1867 3624 partem
1931 3541 2129 3604 librae
2192 3543 2430 3620 vergat,
2488 3538 2597 3600 sed

329 3646 535 3705 aequo
596 3626 901 3707 justoque
972 3627 1122 3690 boni
1191 3633 1254 3691 et
1315 3629 1486 3692 docti
1556 3629 1671 3690 viri
1741 3626 2129 3709 ponderibus
2178 3624 2593 3706 respondeat.

471 3792 500 3818 a
531 3778 670 3830 Statt
707 3795 812 3844 qua
847 3796 1055 3846 premor
1095 3779 1273 3831 Pelva..-
1305 3780 1406 3832 sed
1440 3782 1632 3832 tamen.

475 3847 488 3876 ¹
526 3846 654 3898 Dies
708 3847 1094 3916 Klagegedicht
1126 3846 1197 3899 ist
1230 3847 1302 3898 im
1341 3847 1464 3900 Cod.
1511 3863 1577 3899 an
1614 3846 1705 3899 Nr.
1743 3846 1838 3899 521
1892 3846 2201 3912 angchz'ingt„
2252 3844 2375 3895 aber
2422 3859 2479 3895 es
2526 3843 2599 3893 ist

333 3913 504 3965 durch
545 3915 629 3966 ein
668 3915 940 3968 Versehen
977 3932 1044 3968 an
1079 3915 1224 3968 diese
1260 3915 1420 3968 stelle
1457 3917 1713 3983 germen.-
1756 3914 1826 3966 Es
1850 3930 1959 3965 war
1983 3913 2067 3964 ein
2102 3913 2415 3979 beigolegtes
2454 3910 2597 3962 Blatt

333 3980 410 4032 im
449 3981 844 4046 Briefweehsel,
881 3985 1002 4036 dem
1039 3985 1132 4035 der
1165 3983 1532 4044 Abschreiber,
1570 3983 1671 4034 wie
1706 3982 1977 4034 mehrfach
2016 3982 2068 4032 in
2104 3981 2382 4032 {ihulichen
2401 3978 2594 4043 Fauen,

329 4047 450 4101 eine
509 4050 900 4105 willkiihrliche
955 4051 1116 4104 Stella
1169 4051 1515 4119 angewiesen.
1588 4051 1685 4103 Die
1740 4050 1813 4101 im
1862 4050 2076 4116 vorigen
2132 4049 2303 4100 Bricfe
2356 4046 2597 4099 citiertcn

327 4117 499 4169 Verse
539 4119 786 4171 kommen
824 4119 972 4172 darin
1009 4119 1156 4172 nicht
1192 4136 1312 4185 vor;
1361 4121 1454 4171 der
1490 4118 1706 4185 Voifall,
1743 4119 1835 4170 auf
1866 4119 1968 4169 don
2004 4133 2061 4168 es
2099 4117 2213 4168 sich
2252 4115 2475 4177 bezieht‚
2523 4115 2598 4166 ist

326 4184 440 4237 also
477 4186 631 4238 nicht
671 4203 841 4254 genau
878 4187 1134 4249 derselbe,
1169 4187 1294 4240 aber
1329 4187 1563 4239 offenbar
1597 4187 1681 4238 ein
1720 4186 2061 4238 ver-wandter.
2121 4185 2220 4236 Die
2241 4199 2326 4235 am
2346 4182 2596 4236 Schlusse

325 4252 538 4306 Mutian
584 4257 961 4323 vorgehaltene
998 4255 1199 4308 invidia
1234 4255 1385 4307 weist
1419 4254 1624 4307 Mutian
1660 4255 1823 4308 sehon
1859 4254 1913 4305 in
1948 4253 2033 4307 Br.
2072 4253 2174 4305 479
2210 4253 2289 4304 ab.
2385 4319 2395 4328 ι
2434 4252 2454 4284 ²
2488 4251 2596 4303 Das

324 4321 525 4374 Datum
567 4325 704 4376 nach
740 4323 827 4376 ΒΓ.
866 4323 1078 4388 487,,111
1115 4322 1368 4376 welchem
1427 4324 1605 4375 Urban
1660 4323 1876 4376 ersucht
1926 4322 2074 4384 wir-d,
2131 4321 2262 4372 zwei
2308 4319 2482 4370 Bnefe
2530 4335 2597 4370 an

323 4385 526 4456 Eob'an,
566 4393 863 4446 »hesternas
899 4394 953 4445 et
985 4395 1326 4459 praesentes«,
1363 4392 1687 4459 abzugeben.
