3084 4895
744 408 954 471 Mutian
991 434 1058 471 an
1094 407 1204 470 Abt
1240 414 1559 472 Hartmann.
1630 408 1841 469 Mutian
1876 431 1945 469 an
1980 416 2179 472 Urban.
2456 420 2579 485 301

544 590 810 655 Valeant
863 590 1055 655 humo
1115 588 1288 654 tecti.
1379 588 1535 653 Hem
1592 590 1934 673 depravata
1983 591 2198 672 opinio
2252 591 2451 655 trahit
2504 593 2570 656 in

339 698 634 739 errorem.
701 675 826 740 Sed
871 678 934 741 id
979 676 1155 741 alias,
1233 674 1416 738 Nunc
1459 675 1540 737 ab
1584 676 1844 757 ineptiis
1890 678 1969 740 ad
2014 678 2231 741 vitam.
2323 678 2403 741 Et
2448 700 2585 756 ῃοε,

339 764 451 843 qui
515 784 756 840 sumuS,
817 762 1298 825 vivamus-sine
1363 760 1920 840 sollicitudinibuS,
1990 783 2193 844 neque
2253 763 2335 839 id,
2415 765 2582 846 quod

338 848 638 912 omnibus
697 870 952 911 necesse
1000 852 1096 911 est
1158 846 1406 909 decreto
1469 850 1733 910 naturae
1794 848 2107 931 vitarique
2168 870 2293 911 non
2356 855 2585 931 potest,

340 939 718 1003 metuamus,
798 934 918 997 Vos
969 934 1164 1013 igitur
1209 933 1394 995 amici
1440 932 1663 996 valete.

645 1034 765 1087 Cod.
803 1035 936 1089 Frcf.
977 1034 1093 1087 191.

341 1222 572 1291 (Gotha.)
1383 1206 1527 1270 244.
2122 1223 2205 1276 22.
2242 1225 2349 1278 Mai
2386 1224 2581 1295 (1513).

1082 1332 1370 1402 Mutian
1413 1353 1512 1402 an
1554 1331 1831 1403 Urban.

340 1461 536 1528 (Bitcet,
599 1461 911 1514 Hartmann
961 1478 1035 1514 κα
1069 1447 1552 1528 beqlic‘ekudiizselzm
1607 1461 1721 1513 und
1774 1460 1917 1513 seim
1983 1460 2221 1515 Gedichte
2277 1461 2583 1530 beizuleym.

339 1530 574 1597 Petreius
625 1531 788 1583 werde
839 1530 950 1597 auf
990 1530 1164 1583 seim?-
1226 1530 1567 1598 Wandemmq
1616 1530 1745 1582 ‘tiber
1788 1529 1964 1582 Fama
2003 1530 2163 1597 gehen
2209 1530 2329 1582 oder
2374 1531 2583 1583 Rhamis

337 1600 503 1651 werde
535 1599 620 1651 die
653 1599 830 1667 Briefe
863 1599 1222 1667 iiberbrinqen.
1295 1600 1486 1652 Scherx
1520 1599 1631 1666 auf
1654 1599 1909 1666 Petrcjus'
1946 1604 2093 1652 marte
2128 1598 2323 1665 chde,
2372 1600 2456 1652 die
2488 1599 2585 1652 iim

1097 1669 1161 1721 in
1195 1668 1388 1736 Erfurt
1421 1668 1833 1734 xuriiekhalte‘n.)

497 1782 818 1833 Honorato
855 1782 990 1833 viro
1025 1781 1107 1833 H.
1143 1781 1397 1832 Urbano
1431 1782 1730 1843 magistro
1764 1793 1892 1832 non
1924 1780 2202 1843 ignobili,
2237 1780 2433 1833 amieo

1096 1868 1390 1928 primario
1428 1864 1537 1935 (Μ.
1572 1864 1816 1935 Rufus).

548 1976 612 2041 S.
704 1978 850 2041 Feci
917 1978 1319 2043 encomium.¹
1411 1978 1525 2059 Tu,
1596 1979 1682 2043 mi
1750 1977 2021 2059 Urbane,
2088 1977 2293 2041 scribe
2367 1982 2584 2061 gratu-

339 2061 673 2126 lationem²
707 2069 769 2128 et
807 2063 1062 2128 include
1092 2088 1264 2129 meas
1297 2087 1517 2146 nugae.
1608 2064 1803 2129 Dabis
1848 2068 2059 2128 autem
2104 2065 2271 2128 ituro
2318 2063 2582 2127 Fuldam

345 2148 609 2231 Petrejo.
683 2149 812 2213 Ibit
841 2152 1006 2214 enim
1039 2152 1104 2214 in
1139 2150 1367 2215 celebri
1401 2174 1563 2235 quae
1596 2173 1765 2214 nunc
1795 2152 1996 2215 instat
2027 2148 2581 2233 peregrinatione,3

344 2236 594 2299 visurus
658 2236 1019 2318 spectacula
1081 2259 1284 2300 rerum
1347 2238 1560 2300 nescio
1618 2237 1970 2300 divinarum
2016 2258 2096 2299 an
2144 2236 2582 2313 humanarum,

344 2321 583 2384 Vuldae
627 2343 773 2385 ossa
817 2322 1129 2401 inaurata,
1175 2324 1343 2405 apud
1388 2322 1789 2386 Trevirenses
1824 2327 2038 2403 togam
2074 2319 2327 2385 Christi.
2408 2321 2585 2385 Ultra

345 2408 474 2471 scio
541 2409 999 2491 progredietur,
1059 2413 1134 2473 ut
1179 2407 1619 2493 Capn'iastres⁴
1684 2409 1938 2473 salutet.
2028 2408 2274 2473 Interea
2341 2431 2585 2491 peram-

345 2493 561 2558 bulate
634 2495 858 2573 forum,
944 2496 1288 2578 perquirite
1353 2496 1549 2560 libros
1615 2496 1977 2576 eleganteis,
2044 2499 2246 2573 tuum,
2316 2495 2584 2572 Urbane,

343 2580 805 2645 Justinianum⁵
877 2586 942 2645 et
1005 2581 1272 2647 Paulum
1336 2579 1733 2662 theologum⁶
1801 2584 1865 2645 et
1922 2581 1987 2644 id
2047 2603 2258 2662 genus·
2309 2581 2582 2645 delicias,

345 2665 684 2731 Ascensius
729 2667 942 2731 emisit
985 2668 1224 2749 aliquid
1271 2668 1530 2732 minime
1589 2665 2084 2748 negligendum.⁷
2173 2666 2357 2730 Plato
2423 2668 2585 2749 petit

344 2752 560 2826 libros,
607 2752 970 2836 Aristippus
1014 2754 1286 2832 divitiae,
1338 2755 1432 2817 ait
1473 2752 1689 2817 Dion.⁸
1778 2752 1885 2818 Sic
1930 2774 2045 2835 ego
2092 2754 2427 2836 cupiditati
2459 2775 2587 2818 non

346 2839 547 2902 servio
597 2842 923 2921 pecuniae,
969 2861 1098 2904 non
1145 2861 1292 2904 curo
1339 2841 1781 2904 adumbratam
1840 2840 2179 2921 imaginem
2241 2839 2582 2904 felicit-atie.

346 2925 592 2988 Literas
654 2925 1020 2990 Herebordo
1084 2949 1210 2990 non
1279 2926 1480 2990 dabis
1570 2926 1786 2989 Inanis
1850 2929 1945 2996 est
2013 2927 2368 3009 castigatiO,
2437 2927 2587 3008 quia

347 3014 544 3075 semet
589 3011 792 3093 ipsum
839 3017 1012 3076 amat
1057 3017 1122 3075 et
1165 3013 1390 3094 corrigi
1435 3032 1562 3075 non
1611 3012 1765 3076 vult.
1844 3010 2111 3094 Operam
2144 3019 2208 3076 et
2236 3013 2583 3094 impensam

346 3097 569 3179 perdit,
620 3098 730 3178 qui
777 3098 1000 3162 bovem
1049 3099 1246 3163 mittit
1289 3098 1369 3162 ad
1418 3118 1681 3162 ceroma.
1773 3096 1870 3162 Ad
1915 3095 2215 3164 carmen.⁹
2304 3099 2426 3161 Pro
2474 3099 2586 3161 ab·

346 3183 522 3246 batia
587 3205 850 3266 regnum
909 3185 1110 3267 posui.
1199 3183 1312 3248 Est
1375 3188 1438 3249 et
1496 3183 1729 3266 privati
1794 3183 2069 3247 hominis
2136 3206 2397 3266 regnum
2443 3184 2482 3247 i.
2533 3207 2582 3247 e.

347 3269 686 3352 possessiO,
731 3274 804 3333 ut
836 3270 1065 3334 eruditi
1097 3271 1462 3354 loquuntur.
1556 3270 1847 3334 Decanus
1880 3269 2151 3334 militare
2181 3270 2587 3350 vocabulum3

350 3356 488 3418 ideo
536 3354 653 3418 feci
699 3355 1087 3437 signiferum.
1178 3355 1381 3420 Mater
1427 3357 1464 3418 i.
1513 3379 1564 3419 e.
1612 3361 1796 3419 terra.
1890 3354 2117 3420 Caesar
2148 3357 2422 3420 dictator
2450 3378 2589 3438 per-

348 3446 577 3523 petuus
623 3463 761 3506 cum
811 3441 972 3506 forte
1017 3464 1239 3506 navem
1288 3442 1717 3506 conscendens
1785 3441 2000 3524 lapsus
2066 3446 2263 3507 esset:
2340 3441 2586 3523 „Teneo

348 3533 427 3597 te,
473 3537 640 3591 terra
707 3529 968 3606 mater“‚
1037 3529 1262 3609 inquit.
1354 3528 1599 3592 Plinius
1667 3527 1897 3591 tribuit
1960 3533 2163 3592 terrae
2233 3535 2583 3592 maternam

350 3615 831 3691 venerationem,
892 3619 964 3679 ut
1007 3615 1196 3679 nosti.
1285 3614 1473 3678 Nulla
1531 3619 1627 3677 est
1686 3613 2063 3691 obscuritas»,
2138 3615 2263 3678 imo
2331 3616 2586 3678 claritas

348 3703 550 3778 tanta,
599 3704 672 3764 ut
713 3701 933 3781 odiosa
991 3701 1076 3765 sit
1135 3701 1594 3782 interpretatiO.
1684 3699 1953 3764 Multum
2024 3707 2233 3764 tamen
2303 3702 2584 3782 antiqui-

483 3904 500 3935 ¹
540 3903 648 3955 Auf
695 3903 797 3956 den
847 3919 1015 3956 neuen
1052 3903 1161 3956 Abt
1194 3902 1485 3956 Hartmann
1521 3919 1625 3956 von
1659 3901 1845 3968 Fulda,
1896 3918 2003 3957 vor.
2042 3902 2127 3957 ΒΥ.
2268 3905 2288 3936 ²
2323 3903 2461 3972 Folg.
2498 3903 2584 3959 ΒΓ.

349 3972 368 4002 ⁸
401 3969 637 4040 Petrejus
682 3975 786 4025 trat
823 3973 966 4026 seiae
1002 3971 1494 4050 Humaniptenfahrt
1527 3971 1665 4024 nach
1700 3971 1887 4024 Italien
1923 3974 2029 4024 erst
2064 3972 2138 4024 im
2172 3973 2305 4040 Aug.
2343 3973 2512 4026 dieses
2535 3974 2584 4027 J.

347 4056 424 4092 an.
486 4040 603 4108 Vgl.
643 4039 694 4096 S.
731 4042 796 4094 97
833 4042 896 4094 A.
937 4043 982 4094 1.
1089 4043 1108 4073 ⁴
1144 4040 1433 4094 Reuehlins
1469 4041 1815 4108 Verteidiger.
1922 4042 1943 4074 ⁶
1976 4041 2303 4094 Justinianus
2337 4043 2589 4100 Venetus,

346 4110 508 4162 sehon
543 4111 854 4178 gewiinscht
890 4111 964 4162 im
999 4111 1133 4178 Aug.
1172 4110 1318 4164 1512.
1368 4109 1474 4179 (ΒΓ.
1517 4109 1655 4178 183).
1792 4110 1815 4140 ⁶
1850 4107 2011 4161 wohl
2056 4109 2255 4163 Paulus
2307 4111 2587 4176 CortesiuS,

347 4178 403 4230 In
439 4179 729 4232 sententias
763 4179 795 4234 1.
833 4179 924 4231 IV.
962 4179 1109 4233 Rom.
1151 4179 1300 4240 1504,
1337 4195 1488 4231 wenn
1523 4179 1674 4230 nicht
1718 4178 1803 4230 die
1846 4177 2217 4230 Paulinischen
2268 4180 2440 4232 Briefe
2482 4196 2586 4232 von

346 4247 452 4299 Jae.
491 4246 672 4306 Faber,
709 4247 859 4300 Paris
897 4249 1043 4302 1512.
1115 4247 1232 4314 Vgl.
1271 4248 1535 4300 Coitesius
1572 4247 1627 4298 in
1661 4247 1746 4301 ΒΓ.
1785 4245 1902 4298 3‘21.
2045 4249 2063 4280 ⁷
2099 4249 2213 4303 Jod.
2253 4248 2449 4301 Badius
2486 4251 2589 4299 As·-

349 4316 570 4380 censiuS,
627 4317 899 4369 Gelehrter
949 4318 1056 4369 und
1109 4315 1485 4370 Buehdrucker
1519 4316 1571 4367 in
1609 4315 1775 4368 PariS.
1848 4315 1887 4382 †
1925 4316 2072 4369 1535.
2144 4317 2213 4372 Μ.
2251 4318 2413 4370 meint
2447 4318 2581 4370 nach

349 4384 428 4439 Br.
468 4384 568 4436 248
606 4386 722 4437 eine
758 4388 917 4453 Ausg.
944 4387 1036 4439 des
1061 4385 1208 4463 Coi-p.
1240 4386 1341 4452 jur.
1448 4387 1469 4417 ⁸
1503 4384 1620 4452 Vgl.
1657 4385 1805 4452 Diog.
1842 4383 2011 4440 Laert.
2048 4385 2116 4453 ss,
2151 4385 2202 4452 8,
2238 4386 2321 4439 81.
2424 4388 2446 4418 ⁹
2483 4386 2584 4438 Be·-

351 4454 673 4522 merkungen
710 4472 776 4506 zu
809 4457 1010 4508 seinem
1047 4455 1299 4507 Gedichte
1337 4455 1428 4507 auf
1457 4453 1763 4509 Hartmann.
1834 4451 1954 4508 Vor.
1990 4454 2075 4510 Br.
