3084 4895
1231 443 1442 500 Mutian
1478 460 1548 498 an
1582 441 1783 498 Urban.
2500 437 2625 504 315

385 620 464 685 de
529 621 729 703 gradu
795 619 1100 703 dejiciam.
1190 617 1330 682 Non
1398 617 1480 682 ob
1548 618 1611 681 id
1678 621 1889 682 tamen
1956 639 2256 698 magnum
2314 615 2621 682 talentum

383 709 423 772 i.
471 730 522 770 e.
569 707 796 771 LXXX
855 706 1052 771 libras
1107 705 1398 786 erogabo.
1490 703 1831 785 Utcunque
1897 705 2001 782 sit,
2068 703 2363 767 idoneum
2430 701 2627 766 habes

383 795 700 872 nuntium,
747 793 850 857 cui
897 793 976 856 ad
1024 813 1122 854 me
1167 813 1328 874 quae
1377 791 1547 855 voles
1592 795 1739 873 apte
1784 789 2045 853 dederis.
2136 789 2475 854 Prudentis
2508 792 2623 866 est,

385 880 654 957 Urbane,
701 884 774 943 ut
816 878 1194 943 facultatum
1225 878 1316 940 ita
1347 877 1575 941 virium
1621 876 1854 940 habere
1889 877 2219 940 rationem.
2311 875 2625 957 Exspecto

383 967 788 1047 longissimas
874 966 1109 1029 literas
1228 961 1389 1027 Nam
1464 968 1577 1027 tua
1650 963 1807 1026 mihi
1880 966 2033 1027 sunt
2106 961 2399 1026 dulciora.
2460 961 2627 1024 dulci

383 1053 717 1116 melliculo.
810 1051 972 1128 Quid
1033 1055 1235 1132 agunt
1302 1050 1485 1112 amici
1554 1049 1973 1126 Herebordus,
2041 1049 2373 1130 Petrejus‘?
2464 1048 2627 1124 Quid
2738 1068 2741 1072 ·

384 1137 531 1202 libri
606 1137 908 1203 venales?
1009 1137 1182 1200 Haec
1249 1157 1366 1217 ego
1430 1158 1468 1199 a
1534 1157 1691 1199 cena
1754 1139 1900 1218 post
1963 1139 2134 1199 stata
2197 1135 2326 1198 Viti
2398 1132 2623 1197 sacra.¹

382 1224 588 1288 Hodie
641 1225 706 1288 in
763 1225 1122 1306 vespertino
1188 1223 1467 1286 >carmine
1535 1243 1710 1285 sacer
1777 1221 1880 1286 hic
1946 1220 2175 1285 chorus
2242 1221 2626 1298 mussitavit,

385 1312 534 1375 dum
582 1310 852 1394 hymnus
893 1309 1208 1392 jambicus
1269 1311 1663 1372 cantaretur:
1726 1307 2043 1388 „Vitemus
2104 1330 2289 1371 omne
2342 1307 2626 1382 noxium,

383 1419 726 1480 purgemus
789 1401 984 1477 atque
1050 1393 1450 1478 pessimum.“
1554 1393 1923 1459 Referamus
1981 1393 2101 1457 hoc
2156 1395 2237 1457 ad
2290 1399 2629 1474 utrumque

383 1483 721 1547 hominem.
834 1483 926 1546 De
997 1483 1209 1546 animo
1285 1481 1534 1544 dicitur.
1647 1480 1820 1543 Nihil
1895 1483 2107 1543 tamen
2182 1479 2476 1562 prohibet
2547 1481 2627 1543 ad

384 1571 662 1652 corporis
735 1591 948 1633 curam
1025 1569 1362 1642 inflectere,
1431 1567 1469 1628 i.
1541 1589 1593 1629 e.
1661 1566 1935 1630 vitemus
2008 1568 2299 1630 nocitura
2370 1565 2626 1643 cibaria,

381 1657 643 1720 noxiam
675 1656 1058 1732 alimoniam,
1083 1675 1290 1718 escam
1318 1652 1467 1717 mali
1493 1653 1670 1716 'succi
1702 1658 1766 1717 et
1798 1653 2164 1729 cruditateS,
2198 1659 2261 1717 et
2293 1673 2630 1735 purgemus

381 1765 568 1806 omne
618 1744 977 1826 pessimum,
1023 1740 1083 1804 h.
1133 1764 1183 1805 e.
1233 1739 1619 1822 perniciosos
1650 1739 1943 1805 humores
1976 1745 2040 1803 et
2072 1740 2261 1804 bilem
2292 1744 2626 1824 utramque

385 1829 713 1914 pellamus,

690 1929 814 1986 Cod.
851 1929 984 1986 Frcf.
1022 1929 1138 1985 271.

384 2137 615 2208 (eotha.)
1440 2118 1585 2186 256.
2278 2135 2425 2204 (suni
2462 2135 2633 2209 1513.)

1135 2248 1421 2319 Mutian
1465 2270 1563 2319 an
1606 2248 1884 2320 Urban.

385 2377 672 2444 (Wio’nsckt
706 2379 806 2431 den
838 2378 1161 2446 Bonifacius
1182 2379 1454 2434 Simomta
1477 2396 1530 2432 u.
1558 2396 1607 2432 a.
1629 2379 1850 2432 Bacher.
1902 2378 2165 2449 Pyrrhus’
2192 2379 2635 2446 Zcoric'ckweisuny

385 2466 504 2501 vom
536 2447 806 2516 Maqister.
880 2450 1116 2503 Herbord
1146 2467 1296 2503 mass
1331 2466 1405 2503 zu
1437 2449 1585 2502 einer
1618 2449 1901 2516 Professur
1935 2449 2188 2515 befo'rden
2222 2450 2437 2513 werden,
2476 2450 2635 2501 leider

385 2517 664 2586 verfeindet
714 2536 771 2571 er
820 2518 936 2572 sich
987 2520 1153 2573 durch
1211 2518 1761 2654 seimssbefbtgssaejnit
1811 2519 1911 2573 den
1960 2518 2314 2587 Philosophen
2367 2519 2483 2573 und
2536 2519 2635 2573 dem

385 2700 488 2752 Ad
521 2700 846 2752 Urbanum
881 2704 1270 2763 quaestorem
1302 2702 1507 2753 vam·
1544 2702 1606 2753 Β.
1642 2703 1911 2765 Georgii,
1956 2703 2161 2753 virum
2193 2704 2636 2762 praestantem,

1339 2790 1427 2841 M.
1463 2788 1685 2841 Rufus.

595 2897 671 2962 Di
713 2902 779 2962 te
823 2903 1057 2976 ament,
1103 2899 1503 2965 Bonifacium
1552 2897 1973 2964 Simonetam²
2020 2904 2150 2965 tam
2185 2900 2394 2965 videre
2427 2900 2631 2983 cupi0,

385 3006 578 3067 quam
640 2987 748 3068 qui
793 2985 1070 3050 maxime
1137 2987 1468 3051 desiderat.
1560 2986 1780 3069 Neque
1846 2985 2021 3051 hunc
2082 2987 2285 3052 solum
2358 2987 2631 3051 latinum

385 3071 774 3153 scriptorem,
821 3073 930 3136 sed
975 3073 1188 3136 omnia
1249 3095 1410 3156 quae
1478 3072 1691 3137 venire
1758 3074 1985 3153 solent,
2052 3074 2244 3137 etiam
2310 3075 2633 3137 teutonice

384 3157 663 3221 condita.
774 3159 998 3239 Itaque
1069 3157 1382 3225 Burrhus³
1459 3162 1676 3223 noster
1749 3181 1947 3241 nuper
2020 3160 2140 3223 sibi
2210 3163 2379 3222 emta
2448 3159 2633 3223 nobis

385 3244 699 3308 ostendat.
790 3244 990 3321 Quam
1020 3256 1048 3285 ⁸
1093 3246 1315 3309 vellem
1361 3266 1488 3309 non
1531 3246 1847 3309 irritasset
1875 3245 2132 3329 globum
2165 3245 2635 3327 sophisticum*

389 3329 460 3393 Si
524 3330 915 3407 excludetur,
985 3332 1138 3413 quid
1205 3332 1266 3396 id
1336 3332 1643 3396 nocebit?
1730 3332 2017 3397 Recessit
2082 3354 2121 3394 a
2190 3332 2631 3395 communione

385 3416 828 3498 magistrorum
901 3423 965 3481 et
1029 3417 1406 3482 discentium
1467 3424 1532 3480 et
1589 3418 1655 3481 in
1722 3419 1935 3482 album
2007 3418 2328 3483 Musarum
2396 3418 2634 3483 relatus

385 3506 500 3578 est,
558 3503 725 3583 quod
783 3504 1022 3567 nomini
1047 3506 1080 3557 -b
1133 3505 1386 3568 sufficit.
1495 3503 1781 3585 Reliquit
1850 3504 2072 3569 cellam
2140 3504 2522 3568 meritoriam
2570 3511 2635 3569 et

385 3588 674 3669 fungitur
706 3588 823 3652 fori
856 3590 1241 3655 muneribus
1319 3590 1473 3667 Quis
1505 3590 1837 3655 damnaret
1868 3614 2030 3664 eum,
2066 3592 2178 3672 qui
2209 3614 2276 3653 se
2307 3613 2345 3654 a
2375 3590 2634 3655 domina,

385 3674 903 3757 contemplatrice
971 3677 1050 3739 ad
1118 3699 1322 3740 rerum
1393 3675 1813 3740 humanarum
1891 3678 2231 3757 reginam⁰
2298 3677 2631 3754 actionem,

384 3782 569 3823 verae
615 3762 866 3825 virtutis
909 3762 1254 3845 perfectum
1301 3763 1603 3838 officium,
1671 3763 1997 3827 contulit?
2088 3762 2228 3825 Alia
2286 3762 2635 3827 Herebordi

385 3868 578 3910 causa
624 3851 738 3910 est.
831 3848 890 3911 Is
935 3849 1242 3912 mehercle
1289 3853 1456 3913 stare
1502 3850 1640 3912 sine
1686 3849 2071 3913 adminiculo
2118 3849 2353 3912 favoris
2386 3848 2632 3913 schola-

383 3930 533 3995 stici
578 3952 705 3996 non
753 3938 983 4016 potest,
1041 3934 1168 3998 imo
1224 3957 1426 4016 neque
1482 3956 1813 4017 assurgere
1858 3936 1936 3999 ad
1982 3935 2324 3999 lectionum
2395 3935 2635 3999 emolu-

520 4136 678 4259 ⁸:331?
719 4136 890 4260 Tem&
955 4142 1040 4259 ..ζ
1060 4154 1163 4191 non
1200 4137 1379 4259 {ems
1423 4138 1576 4261 goiff-
1613 4134 1747 4259 aoid
1802 4153 1881 4259 dc
1906 4139 2139 4261 reghinlam
2190 4136 2316 4259 gefelt
2361 4139 2443 4217 hev}
2488 4139 2632 4260 Τὲπκ.

385 4274 588 4327 natum
622 4222 1369 4343 ‚pggtfflgstkfflgmaggffigfffff
1385 4214 1512 4344 ma?
1533 4223 1764 4343 gzmffi..
1810 4224 1923 4329 153²
1968 4223 2176 4344 vssrg's.
2218 4223 2315 4329 ῧ-ῗῗ
2351 4213 2498 4332 56¹3.
2552 4225 2637 4261 ⁰¹¹¹

383 4345 405 4375 ²
443 4342 907 4423 §isterzienscrabt
943 4361 1008 4398 zu
1045 4345 1215 4397 Cornu
1250 4346 1302 4397 in
1341 4344 1680 4424 Oberitalien,
1729 4362 1893 4413 gegon
1931 4346 1989 4397 Ε.
2028 4347 2119 4398 des
2158 4348 2238 4398 15.
2275 4346 2360 4399 Jh.
2436 4346 2637 4399 Mutian

382 4413 630 4466 wunscht
681 4413 774 4465 ihn
823 4414 988 4467 sehon
1038 4413 1124 4468 Br.
1177 4414 1288 4467 183.
1359 4414 1483 4467 Sem
1535 4414 1707 4468 Urteil
1752 4414 1837 4468 ΒΓ.
1876 4413 1991 4468 262.
2134 4414 2154 4445 ³
2188 4414 2440 4482 Pyrrhus.
2513 4415 2633 4482 Vgl,

383 4480 437 4535 S.
474 4482 576 4535 313
610 4484 673 4537 Α.
711 4483 758 4535 3.
899 4483 920 4514 ⁴
953 4482 1052 4535 Dio
1088 4483 1273 4551 philos,
1311 4482 1572 4538 Fakulffit.
1644 4483 1697 4537 S.
1735 4483 1836 4537 210
1870 4486 1932 4537 A.
1973 4486 2021 4536 1.
