3084 4895
445 430 573 497 606
897 426 1205 483 Zerstreute
1243 426 1418 483 Briefe
1454 444 1556 483 aus
1595 430 2008 485 verschiedenen
2049 432 2249 489 Zeiten.

457 602 875 685 respondebis
918 602 1144 678 amice,
1202 622 1395 683 quam
1444 602 1714 685 primum
1759 604 1826 666 in
1873 605 2174 686 patriani¹
2225 608 2507 674 redieris.
2604 608 2742 675 Sed

450 689 599 753 nolo
665 687 917 770 longior
974 708 1133 764 esse,
1194 709 1274 751 ne
1326 691 1395 751 te
1446 707 1706 751 avocem
1768 688 2028 772 ineptiis
2093 692 2228 755 sive
2293 714 2332 757 a
2395 696 2742 777 concione,

456 795 647 857 quam
711 773 947 872 populo
1010 777 1085 835 ut
1142 773 1369 853 opinor
1430 793 1637 855 paraS‚
1686 773 1820 837 sive
1865 796 1903 838 a
1949 778 2222 857 mystico
2269 798 2432 861 pane
2476 782 2546 843 in
2597 802 2745 846 cra-

453 860 642 923 stinis
710 859 1071 923 cerimoniis
1132 858 1461 922 sumenda
1555 857 1830 941 Tempus
1874 861 2072 941 igitur
2117 868 2232 941 est,
2281 868 2355 928 ut
2397 886 2739 931 sacrorum

452 946 767 1011 rationem
843 944 1211 1007 habeamus.
1334 944 1503 1019 Vale,
1583 944 1947 1009 beatissime
2018 952 2217 1043 pater,
2265 952 2330 1013 et
2394 950 2552 1015 felix
2626 954 2742 1016 adi

452 1018 825 1092 απόλαυσιν
883 1024 1205 1128 μεγίστων
1247 992 1540 1110 ἀγαθῶν,
1604 1018 1724 1101 δός
1783 1018 1985 1107 δόξαν
2023 1052 2118 1113 τῳ
2163 1030 2324 1117 θεῷ.
2415 1025 2584 1097 Εἶτα
2628 1034 2738 1116 τί;

452 1103 650 1177 καλόν
693 1111 868 1177 ἐστιν
911 1105 1083 1199 ἡμᾶς
1128 1102 1265 1175 ὦδε
1310 1103 1495 1176 εἶναι.
1572 1113 1852 1195 Raptim.
1929 1115 2114 1181 Nunc
2153 1119 2232 1181 ad
2265 1118 2482 1183 officia
2527 1121 2736 1186 chori.

448 1201 549 1264 Ita
592 1201 711 1263 deo
758 1201 1080 1282 placitum.

1913 1284 2090 1351 Tuus
2133 1286 2514 1355 Moetianus.

762 1382 889 1437 0011.
927 1382 1127 1437 Camer.
1164 1382 1367 1437 Monac.
1404 1382 1552 1451 VIII,
1593 1382 1673 1439 20.
1713 1386 2033 1454 Autograph.

456 1588 685 1657 Leipzig.
1508 1574 1655 1638 539.
2259 1594 2341 1648 25.
2379 1593 2490 1648 Mai
2527 1596 2734 1667 (1516).

1090 1698 1582 1770 Mosellanus²
1627 1719 1727 1769 an
1770 1700 2084 1773 Mutian.

458 1826 647 1895 (Klaye
678 1827 808 1881 iiber
840 1828 941 1880 den
987 1826 1197 1880 Verlust
1216 1828 1311 1881 der
1332 1828 1449 1881 ihm
1470 1842 1575 1880 von
1595 1827 1770 1881 evitem
1791 1828 2130 1884 biihmischm
2149 1828 2319 1883 Edeba
2339 1836 2738 1899 aomar-aym

458 1896 695 1964 Stellunq
748 1896 919 1949 durch
970 1896 1239 1964 dessenp
1194 1896 1541 2017 10thth
1536 1983 1562 2017 ι
1563 1896 1700 2033 ,Ξξὲἰη
1702 1898 1842 2033 Jtmd
1889 1898 2198 1965 Mitteilemy
2241 1898 2370 1951 uber
2402 1900 2550 1953 seina
2599 1900 2736 1953 Vor-

620 2077 909 2127 Mutiano
944 2076 1133 2127 Ruffo
1163 2078 1323 2137 juris
1358 2078 1668 2138 pontificii
1703 2078 1946 2129 doctori
1983 2076 2339 2130 doctissimo
2375 2082 2566 2139 atque

1084 2162 1549 2222 humanissimo,
1583 2164 1782 2215 amico
1819 2161 2098 2225 optimo.⁸

664 2273 725 2339 S.
772 2274 843 2337 P.
929 2273 1084 2337 Vide
1126 2295 1317 2355 quam
1352 2274 1510 2338 nihil
1544 2279 1783 2339 certum
1819 2274 1886 2337 in
1918 2274 2107 2339 rebus
2139 2274 2437 2340 humanis
2471 2298 2734 2358 sperare

460 2359 671 2435 liceat,
719 2360 957 2441 optime
1002 2358 1307 2423 Mutiane.
1400 2359 1565 2436 Quid
1611 2360 1781 2423 hoc‘?
1825 2361 2092 2441 inquies
2183 2361 2256 2423 In
2311 2364 2548 2426 nostris
2583 2362 2734 2459 hijs

458 2444 762 2510 nundinis
830 2445 1038 2508 vernis
1107 2445 1290 2510 heros
1356 2445 1615 2528 quidam
1684 2446 1999 2510 Booemus
2041 2441 2169 2509 τῶν
2211 2435 2735 2545 πολυχρημάτων

462 2553 572 2612 per
616 2552 766 2596 suos
810 2531 1058 2610 legatos
1103 2553 1202 2594 me
1248 2531 1326 2594 ad
1375 2553 1441 2594 se
1490 2532 1762 2609 vocavit,
1825 2533 2153 2614 proposito
2207 2533 2396 2596 etiam
2465 2538 2727 2597 centum

464 2638 797 2680 aureorum
846 2616 1097 2693 salari0‚
1146 2623 1209 2680 et
1254 2637 1396 2679 cum
1442 2620 1698 2698 tempus
1734 2616 1868 2699 ,iam
1915 2621 2156 2680 statum
2203 2623 2550 2700 appeteret,
2595 2639 2730 2700 quo

460 2701 815 2766 mittendus
860 2705 996 2764 erat
1042 2702 1153 2782 qui
1198 2723 1297 2764 me
1340 2700 1640 2764 aveheret
1683 2723 1924 2780 curruS,
1970 2723 2114 2766 ecce
2145 2703 2226 2766 ad
2265 2725 2366 2766 me
2409 2703 2728 2780 adierunt,

460 2788 571 2868 qui
633 2793 695 2850 et
756 2787 949 2849 heroa
1013 2787 1189 2850 illum
1250 2809 1285 2850 e
1344 2787 1506 2850 vivis
1573 2787 1920 2850 excessisse
1989 2787 2388 2852 nunciabant
2452 2794 2518 2852 et
2583 2791 2730 2852 uni-

458 2894 705 2936 versam
748 2871 1073 2934 Boemiam
1121 2872 1507 2936 seditionum
1554 2873 1844 2954 procellis
1889 2874 2215 2937 fluctuare.
2307 2873 2516 2949 Quare
2573 2895 2732 2938 con-

460 2957 673 3022 silium
738 2979 866 3020 non
928 2978 1084 3030 esse,
1132 2979 1231 3020 me
1274 2978 1349 3020 eo
1393 2963 1469 3020 ut
1514 2957 1882 3021 conferrem.
1974 2957 2148 3034 Quae
2213 2958 2326 3021 ubi
2385 2959 2729 3037 audissem,

461 3064 589 3106 non
639 3048 769 3106 tam
816 3041 1213 3105 fortunarum
1260 3063 1541 3106 mearum
1589 3044 2014 3107 calamitatem
2059 3043 2323 3125 ploravi,
2370 3064 2562 3124 quam
2610 3044 2731 3108 fati

460 3127 851 3192 inevitabilis
895 3127 1116 3190 ludum
1164 3129 1291 3191 risi.
1383 3126 1546 3203 Quid
1619 3129 1785 3192 enim
1851 3127 2140 3206 facerem,
2210 3149 2406 3210 quum
2477 3130 2726 3193 videam

461 3214 827 3278 universum
898 3213 1068 3276 hunc
1134 3214 1445 3276 mundum
1513 3213 1634 3276 hoc
1699 3214 1890 3278 modo
1957 3235 2212 3278 sursum
2283 3235 2358 3278 ac
2433 3215 2724 3279 deorsum

460 3297 759 3364 misceri?
836 3299 1062 3362 Verum
1104 3300 1275 3380 quod
1323 3299 1560 3362 attinet
1603 3299 1686 3362 ad
1731 3322 1823 3376 ea,
1871 3299 1948 3362 de
1993 3300 2228 3380 quibus
2273 3304 2423 3363 ante
2468 3302 2729 3364 memini

460 3386 585 3449 tibi
630 3384 925 3462 scribere,
972 3383 1347 3483 Spalatinus
1395 3388 1610 3448 noster
1653 3385 1746 3448 ita
1789 3383 1977 3448 nobis
2023 3383 2383 3468 respondet,
2415 3387 2490 3448 ut
2521 3407 2728 3468 neque

464 3471 652 3552 plane
690 3469 916 3552 jubeat
963 3459 1271 3547 οἰμώζειν
1338 3490 1544 3550 neque
1611 3470 1802 3534 etiam
1872 3491 2048 3568 spem
2117 3489 2414 3550 magnam
2480 3469 2726 3535 faciant

470 3577 633 3639 quae
678 3555 919 3620 scribit.
1010 3555 1232 3636 Neque
1277 3577 1422 3619 vero
1470 3554 1628 3617 haec
1671 3556 1763 3618 ita
1809 3557 2106 3638 accipiaS,
2147 3555 2332 3636 quasi
2362 3555 2442 3618 ad
2475 3556 2730 3621 triarios

607 3813 624 3844 ²
658 3811 847 3865 Erfurt.
992 3811 1014 3842 ²
1046 3774 1205 3862 Peter
1249 3808 1455 3864 Schade
1490 3823 1589 3861 aus
1625 3807 1837 3876 Bruttig
1874 3823 1919 3861 a.
1958 3807 2141 3874 Mosel,
2187 3807 2442 3862 studierte
2487 3806 2543 3860 in
2593 3807 2642 3860 K
2645 3807 2728 3861 oln

471 3880 760 3947 1512-,--14
798 3881 936 3932 dann
970 3879 1026 3930 in
1061 3878 1291 3945 Leipzig,
1327 3875 1591 3945 Freiberg,
1629 3893 1670 3931 3.
1711 3878 1843 3931 1515
1877 3877 1933 3928 in
1968 3876 2185 3945 Leipzig
2228 3877 2429 3930 Lehrer
2463 3877 2560 3928 der
2593 3875 2731 3930 alten

464 3951 747 4018 Sprachen.
818 3947 1011 4016 Vg1.S
1026 3947 1106 4000 ch
1122 3947 1252 3998 mid
1268 3951 1306 4003 t
1357 3915 2088 4013 Petr.Mose11.1.pz.1867.
2161 3947 2361 3998 Ausser
2414 3944 2517 3997 den
2570 3949 2731 3998 unten

465 4017 813 4086 mitgeteilten
866 4017 1077 4069 Briefen
1128 4031 1195 4068 an
1241 4013 1446 4067 Mutian
1518 4014 1612 4068 Nr.
1651 4014 1768 4067 545.
1805 4013 1927 4092 638)
1981 4015 2086 4083 v.gl
2125 4013 2210 4066 die
2241 4013 2362 4065 fiinf
2393 4029 2460 4066 an
2495 4013 2644 4082 Lang
2678 4014 2732 4065 in

464 4088 735 4150 Krause,
791 4085 903 4152 Epp
869 4103 918 4152 p.
970 4085 1076 4150 aliq
1078 4099 1127 4137 u.
1179 4082 1270 4136 sel.
1310 4099 1360 4150 p
1396 4082 1497 4132 4—
1569 4083 1677 4134 und
1714 4083 1799 4134 dic
1836 4082 1890 4134 in
1925 4083 1991 4134 K.
2028 4099 2080 4134 u.
2117 4081 2204 4136 W.
2256 4081 2501 4147 Krafft,
2559 4081 2731 4134 Briefe

468 4173 520 4210 u
557 4156 687 4208 Dok.
726 4155 776 4207 S.
810 4155 924 4208 138.
983 4154 1094 4205 146.
1153 4151 1422 4204 147.149
1477 4150 1839 4218 mitgeteilten.
1913 4149 2145 4204 Mutians
2196 4149 2582 4204 Reundschaft
2637 4149 2734 4202 mit

468 4223 725 4278 Mosellan
761 4221 968 4276 scheint
1007 4219 1141 4272 151ss
1164 4221 1313 4271 ihren
1342 4220 1547 4285 Anfang
1571 4235 1882 4286 genommen
1901 4235 1970 4270 zu
1987 4219 2174 4273 haben.
2229 4217 2433 4270 Mutian
2449 4219 2620 4272 tauste
2642 4219 2734 4270 ihn

470 4309 566 4346 aus
625 4292 816 4344 Petrus
870 4292 925 4342 in
977 4289 1219 4342 Phadrus
1270 4303 1378 4340 um.
1453 4287 1496 4338 V
1504 4286 1573 4354 g.l
1610 4287 1660 4341 S.
1697 4287 1800 4339 482
1845 4289 1908 4340 A.
1947 4289 1994 4340 5.
2068 4285 2204 4353 Obig
2204 4303 2261 4338 et
2305 4286 2392 4342 Br.
2443 4287 2516 4340 ist
2561 4287 2734 4340 wahr-

470 4360 765 4416 scheinlich
803 4360 896 4412 der
919 4375 1021 4412 ion
1049 4357 1225 4430 Eoban
1255 4371 1320 4409 an
1347 4305 1551 4409 Mutiafii
1587 4354 1916 4409 iibersandte.
1974 4353 2091 4422 Vgl.
2115 4355 2204 4408 Nr.
2226 4355 2342 4408 618.
2451 4357 2473 4387 ³
2505 4358 2736 4422 Ausseie

463 4431 709 4484 Amaeae.
