3084 4895
456 434 586 501 530
1293 434 1464 487 Briefe
1499 433 1593 487 des
1630 434 1679 489 J.
1722 434 1869 487 1515.

462 610 816 689 suspectos.
939 606 1163 686 Itaque
1238 627 1396 669 vove
1469 603 1811 667 Mercurio¹
1904 606 2205 685 pinguem
2282 604 2583 679 hostiam,
2656 605 2732 665 ut

459 696 741 775 quaerat.
833 690 905 754 Si
949 692 1284 763 inveneris,
1331 690 1623 771 gaudebo
1670 694 1735 753 et
1780 690 1899 751 diis
1944 690 2291 769 fumigabO.
2371 691 2460 752 De
2506 690 2731 751 vineto

463 779 678 841 nescio
725 776 914 859 plane
960 777 1110 857 quid
1161 776 1479 838 definiam.
1573 775 1673 837 Dii
1744 775 2013 853 perdant
2070 776 2431 856 improbum
2491 774 2732 836 Kinde-

462 859 868 944 pontanum.²
959 862 1125 936 Quid
1189 861 1326 923 vult
1387 862 1508 924 iste
1577 859 2134 940 philosophaster?
2220 860 2387 923 Num
2458 879 2729 921 mercem

461 948 626 1029 petit
685 948 822 1009 sine
877 946 1128 1026 pretio?
1219 944 1288 1008 Si
1349 946 1623 1027 pretium
1688 965 1815 1007 non
1880 943 2093 1021 habet,
2141 966 2251 1007 cur
2294 944 2493 1007 emit?
2584 940 2731 1004 Tito

464 1029 694 1095 Mario⁸
759 1032 914 1111 quid
975 1030 1291 1093 scribam?
1380 1030 1466 1092 Te
1512 1030 1736 1093 audiat
1794 1034 2283 1110 procuratorem.
2376 1028 2731 1091 Rediitne⁸

464 1115 850 1180 Vuolscus‘?⁴
939 1115 1202 1178 Eobano
1250 1136 1376 1177 non
1411 1115 1629 1177 desum
1666 1134 1871 1193 neque
1906 1114 2112 1175 deer0.
2202 1113 2579 1193 Ingeniosus
2612 1122 2729 1187 est,

467 1203 579 1265 sed
625 1200 870 1264 Cordus
917 1202 1246 1263 versutior.
1338 1200 1736 1263 Hartmanno
1782 1200 1875 1261 sic
1920 1199 2399 1274 commendabO,
2435 1203 2511 1261 ut
2542 1214 2728 1261 nemo

463 1286 690 1350 melius
749 1286 953 1367 possit
1010 1290 1265 1367 poetam
1329 1284 1815 1347 disertissimum
1874 1282 2361 1345 commendare.⁵
2465 1282 2726 1346 Utinam

465 1372 626 1434 liber
671 1375 736 1433 et
781 1390 984 1449 vagus
1031 1374 1218 1445 esset,
1265 1373 1338 1431 ut
1393 1374 1583 1432 antea
1629 1369 1770 1431 fuit.
1860 1367 2097 1448 Jugum
2132 1373 2197 1431 et
2228 1368 2727 1431 dominationem

464 1455 666 1521 soceri
713 1462 776 1518 e't
822 1476 1020 1518 nurus
1077 1454 1200 1517 fert
1243 1459 1316 1517 ut
1361 1455 1470 1535 qui
1532 1450 2139 1535 impatientissime.⁰
2226 1453 2280 1516 Ο
2343 1474 2460 1515 nos
2512 1452 2731 1519 felices

465 1540 763 1607 clericos!
853 1538 1018 1615 Quid
1065 1540 1232 1602 enim
1279 1539 1478 1601 libero
1523 1537 1757 1601 lectulo
1802 1536 2099 1599 dulcius?
2187 1536 2355 1600 Vale.
2444 1537 2727 1619 Raptim.

464 1626 582 1689 Die
630 1627 686 1705 J)
729 1629 877 1707 post
919 1624 1183 1687 Laetare
1233 1624 1643 1687 Hierusalem.
1734 1620 1985 1685 MDXV.

777 1724 900 1778 Cod.
938 1724 1070 1779 Frcf.
1112 1723 1231 1777 462.

466 1909 696 1979 (soffia.)
1523 1893 1671 1956 466.
2234 1907 2314 1959 19.
2352 1905 2495 1959 Marz
2533 1904 2727 1975 (1515).

1212 2018 1507 2087 Mutian
1552 2038 1649 2087 an
1696 2016 1977 2087 Urban.
2360 2082 2367 2090 .

467 2145 608 2214 (Aue
643 2145 846 2198 Anlass
881 2146 970 2198 des
1007 2146 1499 2213 Maqdaleeaentaqes
1533 2144 1651 2197 evim
1684 2144 2040 2211 Betraehtunq
2062 2143 2191 2196 iiber
2210 2142 2297 2195 da‘e
2322 2142 2729 2207 Semnum.)

520 2260 826 2321 Magistro
861 2260 1117 2310 Urbano
1152 2259 1366 2319 mysni
1403 2256 1765 2318 cucullato]
1790 2260 2147 2308 sanctarum
2182 2254 2673 2315 Georgivauium

527 2345 832 2405 epitrope,
867 2357 1126 2395 romana.
1161 2344 1450 2396 doctrina.
1484 2347 1549 2395 et
1584 2345 1946 2403 urbanitate
1980 2342 2267 2402 praedito
2292 2338 2401 2407 (Μ.
2423 2336 2671 2406 Rufus).

673 2455 940 2520 Domine
1006 2455 1218 2520 fautor
1273 2453 1528 2520 Urbane
1572 2456 1731 2520 mihi
1775 2453 2191 2519 amicissime!
2282 2451 2353 2517 Si
2402 2453 2595 2523 vales,
2640 2451 2729 2516 sic

471 2539 674 2604 habet
713 2543 813 2605 uti
861 2541 1024 2605 volo.
1115 2541 1380 2617 Quoties
1409 2543 1698 2606 divorum
1730 2546 1939 2605 statae
1970 2539 2349 2604 cerimoniae
2380 2541 2729 2612 recurrunt,

470 2623 547 2686 fit
591 2647 628 2688 a
673 2647 771 2688 me
817 2627 1331 2690 commemoratio
1377 2628 1569 2708 prisci
1622 2629 1779 2690 aevi.
1874 2627 1995 2690 Pro
2055 2623 2305 2688 Baccho
2364 2623 2728 2699 Martinum,

470 2729 583 2790 pro
647 2709 850 2774 Marte
919 2709 1280 2793 Georgium,
1348 2733 1461 2794 pro
1532 2711 1697 2774 Caco
1745 2711 2129 2793 Polyphemo
2186 2707 2730 2790 Christophorum‚

472 2816 585 2875 pro
630 2795 868 2858 Venere
911 2795 1212 2876 Magnam
1258 2796 1497 2860 Lenam
1546 2797 1843 2878 suspicio,
1890 2796 2072 2876 cujus
2104 2793 2291 2858 hodie
2322 2794 2731 2856 festivissime

472 2879 671 2942 natali
733 2881 1044 2944 laetamur
1090 2887 1155 2944 et
1199 2882 1426 2944 merito
1487 2882 1875 2962 gaudemus:
1946 2901 2089 2944 cum
2150 2880 2247 2942 vel
2308 2877 2733 2960 spurcissimis

473 2966 1006 3048 nequissimisque
1076 2966 1464 3030 mulierculis
1531 2970 1751 3048 pateat
1816 2965 2038 3027 veniae
2104 2965 2280 3028 locus
2343 2969 2423 3040 et,
2481 2965 2536 3026 si
2591 2967 2733 3024 acta

471 3051 870 3130 poenitentia
955 3051 1460 3114 sordidissimam
1552 3050 1966 3114 exhauserint
2032 3049 2535 3130 siccaverintque
2596 3069 2737 3110 sen-

471 3135 672 3197 tinam
721 3135 1027 3214 libidinis,
1061 3137 1123 3199 in
1162 3137 1450 3200 divarum
1483 3157 1737 3217 quoque
1770 3141 2018 3198 coetum
2066 3157 2385 3198 ascensus
2473 3132 2731 3196 Nullum

471 3221 668 3300 igitur
739 3225 1014 3283 scortum
1086 3222 1391 3302 desperet..
1499 3221 1821 3302 Propitius
1882 3225 1946 3284 et
2006 3221 2285 3282 clemens
2348 3223 2447 3282 est
2514 3217 2736 3280 mundi

472 3309 694 3367 rector.
815 3305 1129 3386 Dignatur
1203 3328 1318 3368 sua
1393 3307 1600 3386 gratia
1689 3307 2022 3385 utriusque
2097 3327 2288 3368 sexus
2362 3303 2597 3366 animal
2672 3306 2738 3364 et

475 3389 794 3452 Christum
865 3391 1038 3453 illius
1107 3411 1253 3472 ergo
1319 3391 1559 3472 legavit
1605 3391 1669 3452 in
1717 3396 1937 3466 terras,
1985 3395 2058 3452 ut
2101 3389 2309 3452 bonus
2376 3393 2593 3470 pastor
2658 3389 2735 3450 ad

477 3497 674 3538 unum
747 3476 912 3538 ovile
983 3477 1447 3538 misericordiae
1515 3481 1769 3556 cogeret
1835 3477 2197 3538 universum
2269 3495 2541 3555 gregem.
2632 3473 2738 3534 ln-

475 3565 780 3623 tueantur
825 3561 1092 3642 puellae,
1141 3561 1438 3641 virgines,
1487 3561 1753 3639 solutae,
1790 3561 2188 3642 conjugatae,
2222 3559 2512 3637 devotae,
2561 3559 2737 3623 deni-

613 3809 640 3840 *
667 3795 848 3848 Rediit
880 3812 961 3850 ne.

619 3865 635 3896 ¹
671 3863 880 3917 Urbans
917 3865 1128 3931 Diener‚
1165 3863 1284 3915 hier
1317 3864 1619 3916 scherzhaft
1654 3863 1898 3932 zugleich
1934 3863 2059 3916 Gott
2090 3862 2318 3916 Mei-kur.
2374 3860 2425 3914 S.
2452 3861 2551 3926 5017
2590 3863 2651 3913 A.
2688 3860 2736 3914 2.

551 3931 570 3962 ²
607 3931 660 3986 S.
699 3932 795 3986 521
837 3935 899 3985 A.
939 3933 985 3986 2.
1095 3933 1115 3964 ⁸
1153 3931 1457 3999 Bisheriger
1490 3931 1786 3985 Bewohner
1822 3947 1925 3984 von
1960 3931 2193 3983 Mutians
2227 3930 2425 3983 Haase.
2496 3929 2583 3980 ΒΓ.
2620 3927 2737 3980 449.

546 3999 568 4030 ⁴
602 3999 824 4052 Voltzke
869 4000 1121 4068 verreiste
1157 4000 1414 4052 zuweilen
1451 4001 1506 4052 in
1544 4001 1690 4053 seins
1725 3999 1941 4052 Heimat
1975 3999 2293 4066 Havelberg.
2364 3998 2415 4052 S.
2454 3997 2556 4050 376
2590 3999 2653 4048 A.
2691 3998 2739 4048 3.

547 4069 568 4100 ⁵
602 4067 708 4133 ΒΓ,
727 4069 846 4121 468.
987 4071 1010 4101 ⁶
1048 4068 1193 4120 Uber
1227 4068 1434 4121 Eobans
1468 4071 1581 4122 und
1618 4067 1831 4120 Cordus'
1888 4067 2160 4132 hausliche
2206 4068 2316 4120 Not
2352 4065 2455 4134 vgl.
2494 4063 2585 4118 ΒΓ.
2620 4063 2740 4116 448.

476 4135 654 4188 Eoban
708 4132 854 4188 hatte
891 4153 957 4190 an
995 4137 1088 4189 der
1121 4136 1358 4188 Erfurter
1403 4135 1601 4189 Schule
1651 4136 1785 4188 noch
1836 4135 2023 4187 keinen
2078 4135 2379 4188 besoldeten
2436 4132 2740 4185 Lehrstuhl.

476 4203 683 4256 Mutian
739 4207 904 4257 setzte
941 4205 1042 4256 alle
1078 4203 1248 4256 Hebel
1285 4205 1368 4256 bei
1405 4204 1586 4258 seinen
1624 4204 1915 4270 Freundem
1970 4203 2294 4255 namentlich
2349 4203 2436 4254 bei
2488 4200 2742 4260 Herbord,

478 4272 614 4323 doch
661 4273 989 4325 einstweilen
1025 4273 1160 4330 ohne
1197 4271 1386 4340 Erfolg‚
1439 4274 1613 4325 hiefiir
1646 4275 1701 4324 in
1738 4272 2039 4340 Bewegung
2072 4273 2181 4324 und
2218 4271 2409 4324 suchte
2442 4270 2557 4323 ihm
2592 4284 2746 4336 sogar

479 4340 569 4440 εἰη]
605 4340 1034 4461 ῌἿῒθὲςοηὲῐίιθὲ
1067 4340 1141 4459 ism
1178 4341 1396 4394 Dienste
1443 4341 1767 4394 Hartmanus
1815 4357 1915 4393 von
1952 4337 2121 4392 Fulda
2156 4356 2221 4392 zu
2258 4339 2605 4392 verschaffen.

655 4425 722 4475 g.
808 4426 846 4463 r.
1037 4425 1070 4459 n
1093 4450 1105 4463 .
