3084 4895
979 435 1166 503 Urban
1203 457 1274 503 sn
1311 436 1482 517 Lang.
1554 436 1763 502 Mutisn
1800 464 1865 501 sn
1904 434 2105 503 Eobana
2538 438 2663 513 541

407 642 537 685 non
587 642 724 684 esse
769 624 836 683 et
881 618 1035 683 mihi
1085 640 1342 701 quoque
1390 618 1809 683 carissimus„
1864 617 1963 683 Ita
1998 618 2435 694 enim‚mutua
2479 617 2671 681 bene-

405 706 690 769 volentia
757 704 1214 774 consentimus,
1277 708 1350 767 ut
1407 704 1577 767 sicut
1634 703 1850 767 omnia
1906 703 2073 767 inter
2135 724 2273 780 nos»,
2328 704 2421 765 ita
2480 704 2671 767 etiam

400 791 747 854 amicorum
809 790 1140 871 adoptatio
1197 790 1284 851 sit
1329 788 1701 852 communis.
1802 786 1937 851 Hac
1983 788 2137 851 hora
2192 788 2363 851 veni¹
2414 792 2478 851 et
2522 788 2673 852 hae-

399 876 568 938 renti
616 874 827 938 adhuc
870 874 1030 937 mihi
1073 874 1139 936 in
1195 873 1350 936 sella
1395 872 1682 955 Langum
1732 870 1977 952 largum
2024 874 2243 936 adesse
2285 874 2447 935 dixit
2476 872 2672 936 Muti-

401 981 586 1023 anuS.
683 959 922 1040 „Quid“
963 961 1220 1040 inquam
1265 957 1592 1039 „Langum
1623 957 1921 1037 largum?
2010 958 2145 1037 Ego
2178 979 2384 1039 neque
2414 957 2671 1037 Langus

405 1065 548 1108 sum
581 1064 790 1124 neque
833 1042 1106 1124 larguS.“
1208 1040 1366 1105 Tum
1414 1041 1518 1105 ille
1568 1062 1679 1123 pro
1724 1063 1844 1107 sua
1888 1042 2319 1105 huma-nitate:
2374 1042 2671 1123 „Langus

401 1129 588 1193 adest
654 1128 913 1209 quidam
985 1126 1220 1209 oppido
1290 1148 1481 1207 quam
1552 1127 1839 1202 eruditus
1916 1126 2273 1205 coenobita,
2350 1125 2671 1208 Spalatini

401 1211 662 1289 sodalis,
711 1212 1022 1275 bonarum
1067 1211 1391 1275 literarum
1441 1211 1539 1274 vel
1569 1222 1597 1251 ⁸
1654 1211 2186 1287 consultissimae,
2250 1212 2393 1275 ideo
2456 1216 2668 1275 autem

399 1299 636 1380 largae,
708 1298 861 1377 quia
906 1318 1006 1359 me
1053 1296 1317 1360 donavit
1359 1295 1544 1376 Xysti
1590 1294 2027 1379 Pythagorici²
2087 1298 2428 1361 utilissimo
2491 1298 2670 1361 volu-

404 1384 595 1447 mine.
687 1382 757 1446 Si
823 1382 996 1465 sapis
1063 1402 1229 1463 erg0,
1298 1380 1406 1444 adi
1474 1381 1811 1445 confestim
1879 1381 2125 1463 largum
2194 1381 2540 1464 Langumb
2608 1387 2672 1445 et

405 1469 618 1532 saluta
663 1464 1077 1530 reverenter.“
1172 1465 1243 1529 Id
1288 1469 1501 1530 autem
1548 1487 1689 1529 cum
1736 1466 1896 1529 mihi
1942 1466 2145 1530 facere
2192 1488 2317 1529 non
2367 1467 2556 1531 liceat
2586 1467 2668 1531 ob

406 1554 668 1617 celerem
717 1552 988 1627 abitum,
1033 1572 1228 1615 manu
1259 1555 1324 1613 te
1357 1550 1566 1613 saluto
1611 1551 1856 1630 tibique
1900 1551 2243 1615 Henricum
2287 1549 2615 1617 Urbanum
2644 1564 2670 1595 0

405 1658 822 1701 oeconomum
891 1634 1506 1717 Georgivallensium
1535 1635 1566 1674 ‘¹
1624 1634 2017 1717 Erphurdiae
2064 1636 2459 1700 habitantem
2510 1638 2670 1701 dedo

405 1744 708 1805 rogoque,
756 1728 830 1785 ut
876 1743 976 1785 me
1024 1742 1148 1783 non
1200 1720 1410 1783 minus
1456 1727 1685 1784 carum
1719 1720 1956 1784 habeas
1996 1742 2186 1801 quam
2221 1722 2315 1785 vel
2352 1722 2665 1803 Petrejum

404 1808 506 1871 vel
587 1806 990 1888 Spalatinum
1059 1805 1156 1868 vel
1221 1804 1599 1881 Matianum,
1678 1826 2112 1869 remansurum
2143 1818 2168 1846 ⁶
2242 1806 2305 1869 in
2386 1808 2671 1871 amicitia

404 1892 790 1957 fidelissime.
883 1890 1426 1967 Quemadmodum
1476 1890 1697 1953 enims
1746 1888 1900 1951 θεοὶ
1954 1887 2243 1975 δωτῆρες
2302 1879 2521 1963 ἐάων,8
2580 1893 2671 1955 ita

407 1977 852 2042 sanctissimae
939 1974 1290 2057 voluptatis
1379 1975 1823 2039 conciliatores
1897 1981 2050 2040 sunt
2123 1977 2329 2039 amici.
2447 1976 2669 2057 Neque

409 2082 692 2143 unquam
727 2071 758 2110 Β
800 2060 1128 2142 religionis
1171 2060 1514 2127 austeritas
1560 2082 1599 2123 a
1641 2060 2047 2142 politioribus
2090 2059 2291 2124 literis
2322 2083 2439 2123 nos
2469 2083 2671 2125 remo-

407 2147 590 2211 vebit
633 2152 699 2210 et
743 2145 826 2209 ab
871 2166 1086 2209 amore
1129 2147 1371 2208 mutuo,
1462 2144 1629 2207 Vale.
1718 2143 1852 2207 1111.
1900 2145 2062 2209 Non.
2110 2145 2280 2226 Maij.
2328 2146 2581 2210 MDXV.

613 2225 1062 2309 Δεισιδαίμων
1106 2230 1146 2292 i.
1195 2252 1246 2293 e.
1295 2228 1827 2312 superstitiosus„⁴

719 2329 842 2383 Ood.
879 2328 1013 2383 Frof.
1049 2328 1166 2383 469.

419 2515 651 2584 (Gotha.)
1457 2500 1604 2564 476.
2322 2516 2451 2584 (Mai
2492 2516 2665 2586 1515.)

1157 2625 1448 2694 Mutian
1493 2643 1593 2694 an
1636 2623 1917 2694 Eoban.

406 2753 654 2820 (Schema
685 2751 774 2805 des
816 2752 1005 2806 Oratus
1037 2753 1167 2806 iiber
1199 2753 1298 2805 den
1333 2753 1631 2815 „cbunlcleffl
1686 2751 1913 2815 R’lonin,
1965 2753 2065 2805 den
2125 2753 2326 2820 Geyner
2374 2753 2463 2805 des
2519 2753 2670 2807 Heli-

405 2821 669 2874 anisolam
713 2819 762 2873 d.
811 2820 853 2873 i.
886 2821 1250 2874 sonnenheuen
1300 2820 1518 2873 Reiches
1574 2820 1804 2874 thans.
1887 2820 2173 2887 Vorwz'ixrfe‚
2226 2821 2355 2873 dass
2404 2821 2470 2875 Ε.
2548 2839 2672 2890 oyen

405 2889 507 2941 den
541 2894 768 2941 iius-sem
803 2887 978 2941 Fama
1008 2905 1083 2942 κα
1099 2888 1269 2942 felde
1301 2888 1442 2940 xieht
1476 2889 1593 2940 und
1623 2889 1723 2941 den
1755 2889 1953 2942 ‘emnem
1969 2889 2034 2941 in
2050 2889 2252 2942 semem
2281 2889 2467 2957 eiynen
2542 2907 2673 2943 ausc

1289 2957 1573 3024 yevodkren
1608 2957 1774 3025 liz’sst.)

701 3069 1131 3121 Illustrissimo
1164 3071 1325 3132 regi⁶
1363 3069 1624 3122 Eobauo
1660 3067 1993 3121 Schwano⁶
2026 3070 2115 3121 M.
2150 3069 2372 3121 Rufus.

615 3177 704 3267 Mi
750 3179 1028 3252 Eobane.
1120 3179 1394 3244 Facetus
1440 3181 1672 3245 Crotus
1717 3180 2101 3245 facetissime
2132 3184 2340 3244 tecum
2366 3178 2665 3261 jocatur.⁷

404 3263 654 3328 Ritium
725 3263 1068 3329 Euritium⁸
1135 3267 1420 3348 praeficit
1486 3270 1655 3330 terra
1720 3266 2169 3342 militantibus,
2248 3266 2435 3347 quasi
2503 3265 2666 3328 irato

405 3344 708 3432 Neptuno
783 3371 1000 3431 parum
1071 3350 1228 3414 felix
1288 3352 1372 3416 sit
1431 3353 1498 3415 in
1554 3351 1970 3432 gubernanda
2036 3350 2255 3414 classe.
2343 3351 2469 3413 Res
2538 3351 2669 3413 risu

409 3435 625 3516 digna.
719 3434 980 3498 Hostem
1017 3457 1160 3500 vero
1193 3436 1444 3501 Heliani
1479 3433 1757 3520 imperi?
1788 3435 2149 3500 Tilo'ninum
2184 3440 2351 3499 recte
2384 3435 2671 3498 nominat

544 3617 573 3646 ⁸
599 3619 761 3671 quam
803 3608 936 3656 stati
981 3603 1072 3656 vel
1123 3603 1270 3656 Yenx.
1409 3609 1439 3647 b
1465 3605 1707 3672 Langum
1749 3603 1877 3671 fehlt
1923 3603 2008 3656 bei
2054 3604 2201 3656 Dmx.
2340 3615 2365 3644 ο
2392 3602 2668 3656 Urbanum

408 3669 537 3737 fehlt
574 3671 659 3724 bei
694 3671 842 3724 Tenx.
961 3675 991 3714 d
1021 3671 1499 3740 Georgivallensem
1539 3673 1689 3725 Tenx.
1796 3686 1820 3714 ο
1846 3688 2219 3740 responsurum
2258 3671 2404 3724 stnx.
2518 3674 2541 3712 f
2563 3687 2664 3724 non

404 3743 536 3792 stati
571 3739 712 3792 enim
752 3739 900 3793 Tenx.
1039 3753 1070 3792 s
1101 3741 1244 3793 enim
1277 3745 1406 3793 stau
1439 3757 1675 3808 unquam
1712 3740 1861 3794 Tenx.

552 3809 570 3838 ²
604 3807 703 3860 Die
737 3811 1088 3861 unerwartete
1124 3809 1360 3863 Ankunft
1392 3808 1603 3862 Urbane
1638 3808 1697 3860 in
1731 3807 1903 3861 Gotha
1939 3807 2136 3860 meldet
2183 3809 2321 3862 auch
2370 3806 2576 3860 Mutian
2611 3807 2666 3858 in

407 3873 496 3926 Br.
535 3875 652 3929 611.
721 3875 806 3929 Da
838 3876 1022 3929 Urban
1065 3893 1188 3928 zum
1236 3875 1479 3930 Besuche
1518 3877 1693 3944 Langs
1736 3875 1889 3928 keine
1927 3875 2041 3929 Zeit
2073 3875 2233 3942 hatte,
2270 3891 2327 3928 so
2362 3875 2571 3927 schrieb
2610 3889 2669 3926 er

407 3943 547 3994 noch
601 3959 705 3997 von
761 3944 933 3997 Gotha
977 3959 1072 3997 aus
1117 3960 1182 3997 an
1233 3943 1341 3996 ihn.
1484 3945 1504 3976 ²
1539 3943 1749 4006 Sextus,
1803 3945 1891 3996 ein
1941 3944 2312 4012 Pythagoram,
2368 3943 2454 3994 fiir
2504 3942 2668 3996 Pabst

409 4009 594 4063 Sixtus
627 4011 696 4065 11.
736 4013 796 4079 (†
833 4011 956 4080 258)
993 4012 1254 4090 gelialten,
1290 4008 1498 4090 schrieb
1533 4013 1619 4064 ein
1654 4012 1997 4112 Euchiraidion
2030 4012 2421 4095 sententiarum:
2480 4009 2665 4064 Zuerst

404 4077 1700 4226 ngsschisffgli{fganllintvgil'ggfiiiiftwbtiilgdslfflun‘qi·
1730 4149 1846 4201 sich
1882 4079 2185 4200 51180ῐῇ6331.
2224 4079 2662 4201 ΕΙὲέΖῖἓίἓίιηθη.

476 4216 498 4247 ⁵
531 4213 631 4268 Mu
665 4215 978 4286 Beziehung
1004 4217 1097 4269 auf
1119 4217 1220 4268 den
1255 4215 1547 4269 Ehrentitel
1582 4216 1712 4268 Rex„
1767 4215 1817 4270 S.
1862 4216 1963 4269 528
1998 4219 2059 4268 A.
2097 4219 2145 4270 4.
2250 4218 2273 4248 ⁰
2307 4214 2424 4284 vgl.
2463 4231 2666 4282 cygnus

403 4281 462 4335 in
516 4282 624 4338 Br..
659 4283 780 4336 405.
922 4285 940 4317 ‘¹
975 4283 1038 4336 In
1091 4283 1266 4336 einem
1318 4283 1404 4336 Br.
1461 4299 1557 4337 aus
1609 4283 1791 4337 Fulda.
1864 4284 1915 4338 S.
1954 4284 2054 4337 539
2103 4287 2163 4336 A.
2202 4285 2247 4338 2.
2386 4286 2409 4316 Β
2450 4283 2663 4338 Cordus,

407 4351 459 4406 S.
500 4352 604 4406 540
641 4355 706 4404 A.
744 4351 791 4404 2.
932 4353 955 4385 ⁹
987 4353 1096 4405 Des
1147 4350 1575 4420 »Konigreichesc
1622 4352 1717 4405 des
1761 4352 1951 4406 Helius
1998 4352 2141 4418 (Eob.
2191 4351 2384 4418 HeSS.).
2424 4351 2667 4418 zugleich

407 4420 504 4472 des
541 4419 974 4486 Sonnenreiches‚
1012 4421 1086 4472 im
1125 4420 1415 4488 Gegensatz
1447 4437 1516 4473 zu
1550 4420 1781 4474 Tilonins
1816 4421 2066 4474 dunkelm
2102 4420 2246 4476 Stile.
2321 4422 2436 4492 Vgl.
2474 4419 2525 4475 S.
2564 4421 2666 4472 333
