3084 4895
434 387 556 454 100
1186 379 1359 439 Briefe
1398 403 1497 440 von
1536 381 1889 442 1505—1508.

430 561 611 624 tonio
658 557 1173 641 orthographiam
1222 579 1348 621 non
1396 557 1552 620 adeo
1612 559 1933 624 custodiit.
2027 561 2114 624 Ac
2160 561 2408 627 videtur
2468 585 2677 628 eorum

432 647 609 727 sequi
678 646 889 726 potius
957 647 1337 726 opinionem,
1395 645 1503 724 qui
1563 646 1818 726 perinde
1892 647 2291 710 scribendum
2339 671 2412 712 ac
2459 649 2677 732 loqua-

436 755 573 796 mur
604 733 986 795 existiment.
1068 731 1328 811 Legitur
1360 731 1578 793 otiam:
1630 737 1867 794 certum
1903 733 2051 808 sci0,
2088 756 2280 816 quum
2319 757 2432 814 ego
2466 743 2674 799 tamen

436 818 796 880 Ciceronem
848 817 1106 879 imitans
1154 821 1321 879 certo
1370 817 1656 890 dicerem²
1700 822 1763 879 et
1796 819 1924 882 scio
1971 821 2061 881 sic
2107 821 2407 900 scriptum
2448 845 2482 884 a
2517 822 2676 904 Spa-

430 905 648 974 latinO,
697 904 812 964 etsi
888 909 1145 978 certum,
1205 911 1390 979 certe,
1448 909 1616 964 certo
1674 904 1869 966 latina
1925 910 2075 968 sunt
2139 907 2454 970 adverbia.
2547 909 2681 971 Pri-

431 1013 599 1053 mum
648 994 861 1052 tuetur
907 989 1368 1064 MancineHUS,'
1406 988 1690 1069 allegans
1729 989 2058 1064 Valerium,
2093 1013 2390 1074 magnum
2433 999 2680 1071 testem.

430 1077 537 1138 sed
586 1075 873 1138 frivolum
928 1075 1382 1150 testimonium,
1444 1096 1582 1136 cum
1647 1097 1821 1138 meus
1868 1077 2063 1139 codex
2111 1080 2266 1140 satis
2313 1081 2682 1144 emendatus

430 1184 554 1226 non
603 1162 838 1224 habeat
884 1164 1139 1223 certum.
1234 1160 1457 1222 Darem
1506 1161 1645 1236 tibi,
1710 1162 2029 1247 carissime
2077 1165 2160 1225 mi
2206 1163 2479 1239 Urbane,
2538 1165 2680 1229 Ser-

432 1270 679 1312 monem
727 1244 1063 1310 Reuchlin²
1112 1252 1177 1308 et
1220 1245 1544 1308 Psalmum
1593 1245 1937 1328 vuolphii‚⁸
1980 1249 2100 1312 nisi
2147 1250 2460 1314 abessent.
2541 1251 2679 1316 Non

433 1335 638 1416 placet
708 1333 998 1396 comitem
1072 1331 1431 1394 Palatinum
1490 1332 1612 1394 dici
1660 1334 2048 1397 dictatorem.
2140 1334 2244 1398 Vel
2294 1359 2542 1418 praeses
2587 1345 2682 1401 est

432 1420 789 1502 provinciae
852 1421 925 1481 ut
984 1417 1286 1498 magister
1354 1417 1636 1497 equitum
1699 1424 1813 1482 aut
1873 1420 2163 1498 rnilitum,
2233 1423 2324 1484 vel
2386 1424 2682 1488 tribunus

431 1508 696 1570 celerum
745 1505 840 1568 vel
887 1505 1135 1585 legatus
1180 1505 1576 1583 imperatoris
1624 1505 1717 1567 vel
1764 1526 1970 1568 comes
2015 1507 2440 1587 largitionum.
2535 1509 2677 1574 Dic-

433 1598 598 1656 tator
630 1592 791 1655 enim
828 1613 1140 1652 summum
1167 1590 1359 1652 habet
1386 1590 1735 1671 imperium.
1809 1592 2179 1656 Ammianus
2207 1605 2234 1634 θ’
2279 1594 2680 1659 Marcellinus

432 1677 1198 1757 comitem'largitionum
1270 1677 1423 1738 dicit
1491 1699 1652 1747 eum,
1712 1679 1819 1756 qui
1888 1685 2168 1758 praeerat
2233 1679 2680 1761 largitionibus

432 1764 867 1846 imperatoriis,
958 1762 1253 1842 Vegetius
1310 1762 1902 1842 tradit‘magistros
1961 1766 2228 1828 militum
2295 1768 2678 1831 substitutos

429 1873 567 1913 esse
614 1851 678 1912 in
728 1848 933 1912 locum
980 1845 1383 1928 legatorum.⁴
1471 1847 1734 1910 Praeses
1767 1854 1861 1912 est
1892 1857 2146 1913 auctore
2184 1851 2467 1932 Ulpiano,
2495 1855 2522 1892 b
2571 1855 2679 1936 qui

430 1936 631 2018 majus
676 1936 739 1998 in
788 1935 1111 2018 provincia
1140 1945 1163 1972 ‘³
1209 1933 1535 2014 imperium
1587 1934 1824 1997 habet.⁵
1913 1935 2216 2016 Magister
2261 1940 2546 2018 equitum
2589 1942 2678 2002 sic

424 2023 816 2104 jungebatur
862 2020 1177 2095 dictatori,
1226 2019 1540 2100 quomodo
1591 2020 1845 2100 regibus
1890 2022 2184 2085 tribunus
2231 2025 2519 2100 celerum,
2568 2027 2675 2107 qui

428 2109 767 2172 secundam
820 2112 960 2187 post
1017 2107 1386 2168 dictatorem
1451 2105 1826 2184 dignitatem
1889 2109 2168 2188 gerebat.
2259 2109 2351 2172 Ad
2409 2132 2671 2191 quorum

430 2195 905 2258 similitudinem
956 2191 1255 2274 praefecti
1288 2193 1600 2272 praetorio
1636 2195 1826 2255 creati
1859 2200 2035 2256 sunt:
2084 2195 2252 2275 quod
2288 2197 2457 2278 apud
2493 2198 2676 2260 Pom-

430 2282 685 2362 ponium
734 2281 796 2342 in
847 2278 1105 2358 Origine
1144 2277 1303 2358 juris
1349 2276 1672 2358 eleganter
1715 2281 2128 2362 perscriptum
2171 2281 2502 2346 offende3.⁶
2575 2283 2677 2358 Li-

432 2368 573 2430 buit
622 2366 798 2449 plura
844 2387 971 2428 uno
1020 2365 1192 2427 velut
1235 2362 1403 2426 fasce
1451 2364 1800 2445 complecti.
1897 2366 2059 2429 Vale.

738 2466 859 2520 Cod.
898 2466 1029 2518 Frof.
1068 2467 1148 2518 74.

428 2604 658 2673 (ootha.)
1496 2587 1597 2651 90.
2460 2606 2614 2672 (1508
2629 2606 2676 2676 P)

1173 2698 1461 2793 Mutian
1505 2718 1603 2767 an
1648 2696 1922 2766 Urban.

776 2808 1003 2877 (Latius’
1050 2809 1179 2862 Θείας
1214 2810 1329 2863 und
1372 2810 1816 2877 Ver-schwenduny
1851 2826 1926 2862 απ
1958 2808 2100 2863 seina
2133 2808 2336 2875 Dima)

495 2907 863 2957 Venerabili
896 2908 981 2957 H.
1017 2908 1272 2958 Urbano
1310 2910 1541 2958 sanctis
1575 2908 1850 2957 moribus
1887 2910 1950 2962 et
1985 2907 2377 2967 politioribus
2428 2907 2608 2958 disci-

778 2993 967 3053 plinis
1003 2993 1363 3053 cultissimO,
1400 2996 1596 3045 amico
1633 2995 1945 3054 primario,
1982 2995 2069 3043 M.
2106 2993 2326 3043 Rufus,

632 3086 695 3151 S.
787 3087 904 3163 Qui
962 3110 1142 3169 parce
1206 3087 1493 3165 seminat,
1553 3110 1735 3171 parce
1784 3092 1845 3149 et
1892 3091 2100 3150 metet.
2195 3087 2328 3151 Hoc
2386 3088 2671 3151 animad-

426 3180 675 3237 vertens
722 3175 904 3237 divus
936 3174 1315 3238 Laurentius
1346 3176 1678 3239 thesauros
1711 3175 2010 3237 ecclesiae
2055 3174 2229 3237 dedit
2275 3175 2672 3257 pauperibus,

426 3259 525 3323 Od
567 3260 927 3323 munificum
956 3260 1262 3338 Levitam,
1296 3262 1380 3324 o‘l
1423 3262 1932 3324 liberalissimum
1967 3261 2444 3342 septemvirum!
2501 3262 2676 3324 Hunc

424 3347 735 3429 Vergilius
769 3384 772 3387 -
802 3348 1106 3428 reciperet
1172 3348 1234 3409 in
1306 3369 1562 3429 campos
1629 3347 1893 3427 ElysiOS,
1967 3347 2072 3409 ubi
2142 3345 2438 3410 habitant
2509 3348 2677 3411 beati

430 3436 701 3515 „quique
734 3434 831 3495 sui
866 3455 1169 3495 memores
1215 3435 1371 3497 alios
1423 3434 1621 3497 fecere
1668 3431 2052 3496 merend0.“⁷
2145 3433 2470 3513 Augustus
2504 3434 2579 3494 de
2610 3456 2676 3495 se

426 3522 561 3601 ipso
606 3520 891 3600 scripsit:
951 3520 1362 3598 „Liberalitas
1396 3542 1531 3582 mea
1567 3542 1664 3581 me
1697 3520 1775 3581 ad
1811 3520 2050 3583 coelum
2086 3518 2400 3594 ενεὴεῖ.668
2473 3520 2676 3601 „Deus

427 3605 583 3679 est“.
630 3606 839 3686 inquit
886 3604 1131 3669 Plinius
1180 3614 1410 3681 noster,
1466 3606 1752 3688 „mortali
1795 3606 2016 3687 juvare
2061 3606 2392 3667 mortalem
2425 3612 2488 3667 et
2520 3607 2674 3668 haec

424 3693 499 3755 ad
550 3698 865 3754 aeternam
902 3691 1161 3773 gloriam
1200 3691 1393 3755 via.“⁹
1483 3692 1737 3756 Utinam
1773 3692 1994 3755 Lotius
2028 3692 2314 3773 exemplo
2351 3692 2677 3755 Laurentii

558 3876 587 3904 a
614 3860 883 3914 AmianuS.
1025 3863 1052 3900 b
1088 3860 1355 3927 Vulpian0.
1496 3874 1520 3901 0
1549 3860 1823 3927 provintia.
1965 3862 1996 3900 d
2023 3878 2076 3912 ω.

562 3934 579 3963 ¹
615 3933 787 3983 Anton
827 3928 1125 3981 Mancinelli
1163 3931 1221 3997 (†
1258 3946 1301 3981 c.
1345 3929 1515 3996 1505).
1564 3930 1760 3981 Lehrer
1795 3929 1886 3979 der
1920 3926 2242 3980 Humaniora
2276 3927 2330 3978 in
2367 3926 2497 3980 Rom
2538 3944 2584 3979 u.
2626 3943 2672 3979 a.

424 3999 499 4064 0..
538 3999 745 4052 solu-ieb
783 3998 911 4065 Opp.
950 3999 1291 4063 grammatica
1332 3996 1459 4049 1487
1498 4000 1606 4050 und
1644 3998 1912 4049 Gedichte.
2023 4000 2042 4029 ²
2079 3996 2364 4048 Reuehlins
2401 3996 2542 4047 Rode
2583 4013 2674 4047 vor

422 4068 582 4120 Pabst
631 4068 924 4119 Alexander
960 4066 1045 4119 VI.
1086 4068 1168 4119 fiir
1216 4069 1313 4119 (len
1366 4067 1686 4137 Psaljagrafen
1727 4066 1934 4132 Philipp
1976 4067 2118 4119 1498.
2190 4068 2308 4118 Ven.
2351 4065 2496 4116 1498.
2565 4066 2673 4132 Vgl.

423 4138 681 4203 Geiger.
724 4136 973 4188 R-ouchlin
1013 4136 1062 4187 S.
1100 4138 1181 4189 46.
1225 4137 1321 4187 152
1357 4138 1390 4190 f.
1462 4137 1606 4190 Uber
1643 4138 1740 4187 den
1779 4136 2052 4187 (ienitivus
2091 4135 2346 4185 Heuohlin
2375 4135 2476 4200 vgl.
2515 4134 2569 4185 S.
2608 4136 2673 4187 65

423 4209 481 4257 A.
528 4211 567 4259 l.
712 4208 732 4237 ⁸
767 4206 927 4257 Wohl
975 4206 1057 4256 dic
1112 4210 1265 4272 Ausg.
1318 4205 1592 4272 Spalatins.
1663 4206 1767 4256 Der
1802 4204 1915 4255 Pa:
1965 4204 2082 4270 quis
2119 4204 2377 4255 habitabit
2414 4207 2464 4253 in
2501 4205 2672 4255 taber-

422 4276 607 4327 naculo
654 4278 744 4327 tuo
799 4274 1036 4326 ersohien
1091 4274 1310 4327 Strassb.
1374 4274 1516 4326 1508.
1591 4274 1924 4337 Schmidt,
1972 4274 2105 4325 Hist.
2144 4272 2272 4325 liter.
2313 4273 2380 4327 11.
2419 4273 2534 4324 397.

492 4346 511 4375 ⁴
551 4344 613 4412 ΙΙ,
650 4345 697 4397 9.
838 4347 859 4376 5
895 4344 1008 4411 Dig.
1049 4344 1086 4409 I,
1129 4343 1205 4411 18,
1245 4346 1291 4397 4.
1432 4344 1453 4374 ⁰
1488 4343 1602 4410 hig.
1641 4343 1679 4396 I.
1720 4343 1766 4407 2,
1807 4345 1884 4395 15.
1927 4342 2004 4394 19.
2147 4345 2164 4374 ⁷
2208 4343 2352 4409 Verg.
2403 4345 2530 4395 Aen.
2588 4340 2674 4406 vI,

422 4412 547 4465 664·
678 4414 698 4444 ⁸
732 4411 873 4467 Suet.
910 4415 1042 4479 Aug.
1082 4414 1162 4463 71.
1303 4413 1324 4443 ⁹
1359 4410 1494 4467 Hist.
1534 4415 1637 4465 nat.
1675 4411 1744 4478 ΙΙ,
1785 4412 1830 4477 7,
1871 4410 1947 4463 18.
