3084 4895
815 388 1026 447 Mutian
1065 409 1134 447 an
1173 384 1376 447 Urban.
1447 385 1663 445 Mutian
1700 407 1769 444 an
1806 389 2126 447 Hartmann.
2472 392 2599 461 509

340 580 526 636 Gotha.
1397 563 1542 628 445.
2210 579 2258 633 9.
2294 579 2411 633 Jan.
2452 581 2600 636 1515.

1091 688 1386 759 Mutian
1431 709 1529 760 an
1572 689 1853 760 Urban.

343 816 580 884 (E'obcms
631 816 908 869 hcm-alicho
959 816 1082 870 Not.
1167 817 1243 870 Isi
1296 816 1593 885 Enylender
1640 816 1775 869 noch
1826 814 2101 868 Kanxler?
2178 814 2418 883 Anfraye
2466 817 2610 869 eines

341 884 720 953 Auyustiners.
791 885 910 938 Den
957 884 1230 953 Weinbery
1265 886 1378 938 will
1411 884 1484 937 M.
1519 884 1817 951 vet-kausen.
1888 883 2000 936 Hal
2046 883 2184 936 heim
2219 884 2349 937 Abte
2378 884 2475 951 far
2508 884 2607 938 Be-

481 954 702 1021 lasszmq
735 954 821 1007 des
860 954 1292 1022 &palatin’schen
1337 954 1532 1008 Vikars
1567 970 1667 1005 von
1702 952 2101 1006 Hohenlcirchm
2130 953 2479 1022 gesprockm.)

1095 1068 1174 1121 Η.
1211 1068 1469 1120 Urbano
1504 1068 1591 1119 M.
1627 1066 1847 1118 Euius.

555 1175 761 1241 SaluS.
850 1178 966 1241 His
1030 1178 1337 1261 proximis
1406 1177 1633 1241 diebus
1698 1176 1914 1258 accepi
1971 1176 2189 1240 literas
2251 1174 2597 1258 Spalatiui3

344 1262 594 1327 videbis
639 1268 711 1326 ut
756 1263 1110 1327 communis
1171 1264 1431 1327 amicus.
1524 1262 1733 1326 Timet
1786 1262 2095 1327 Εοὶηιῐιο.ι
2190 1260 2298 1326 Sic
2342 1268 2407 1325 et
2450 1262 2604 1343 ipse.

351 1352 400 1412 A
450 1371 550 1413 me
595 1348 810 1427 futura
855 1348 1076 1413 debuit
1121 1370 1521 1431 cognoscere,
1570 1349 1693 1412 etsi
1731 1348 1965 1411 dixerit
1998 1370 2095 1411 me
2124 1347 2349 1411 talium
2399 1370 2602 1411 rerum

347 1435 734 1516 imperitum.
825 1433 968 1497 Non
1037 1440 1252 1498 autem
1317 1439 1453 1498 erat
1517 1433 1799 1498 difficilis
1864 1433 2229 1515 conjectura
2288 1439 2349 1496 et
2412 1433 2605 1515 probe

347 1520 496 1584 novi
543 1520 700 1584 nihil
749 1519 938 1598 dotis,
987 1519 1144 1582 nihil
1191 1519 1584 1593 hereditatis,
1633 1519 1793 1583 nihil
1838 1519 2215 1583 concordiae
2244 1519 2413 1600 apud
2444 1519 2604 1582 istos

349 1627 508 1681 esse,
553 1605 664 1687 qui
709 1604 898 1669 nobis
953 1604 1322 1687 eripuerunt
1387 1606 1679 1669 amicum.
1772 1603 1937 1681 Quid
2004 1604 2349 1681 incautiuS,
2413 1625 2604 1686 quam

295 1770 300 1773 Ι
347 1690 621 1773 puellam
679 1691 805 1755 sibi
849 1690 1144 1772 copulare
1188 1695 1251 1753 et
1297 1690 1505 1753 nullas
1559 1694 1765 1752 ante⁸
1827 1689 2084 1753 tabulas
2154 1688 2399 1753 dotales
2458 1710 2609 1752 con-

347 1773 578 1839 ficere?
665 1776 789 1841 Sed
838 1775 992 1839 haec
1037 1775 1208 1839 facta
1253 1781 1424 1839 sunt.
1515 1773 1681 1850 Quid
1715 1775 1939 1838 dicunt
1982 1775 2059 1838 de
2106 1774 2525 1856 Engellendro
2543 1772 2605 1835 ‘?²

349 1862 447 1924 An
495 1862 685 1925 desiit
728 1884 865 1926 esse
913 1860 1378 1927 cancellarius?
1465 1859 1734 1936 Quidam
1784 1861 2024 1924 ordinis
2081 1857 2453 1941 Augustini³
2510 1882 2608 1923 me

350 1948 691 2025 consuluit,
719 1948 749 1987 ¹³
796 1947 888 2009 uti
935 1948 1130 2021 videS‚
1177 1947 1366 2011 homo
1413 1945 1570 2009 mihi
1617 1946 1899 2028 ignotus.
1992 1944 2224 2008 Facilis
2255 1946 2603 2027 responsio.

350 2032 492 2097 Non
539 2036 754 2097 tamen
803 2032 1220 2114 respondebo,
1257 2054 1332 2095 ne
1364 2053 1444 2094 ex
1475 2029 1641 2094 thesi
1676 2031 1831 2094 mihi
1865 2030 2107 2094 faciant
2132 2042 2157 2070 0
2202 2029 2605 2113 hypothesim

349 2121 415 2181 et
445 2118 589 2199 plus
634 2119 721 2183 sit
750 2119 816 2181 in
850 2140 1061 2196 causa,
1107 2138 1298 2199 quam
1345 2120 1752 2199 proponatur.
1842 2116 2165 2180 Judicium
2195 2120 2376 2180 tuum
2411 2116 2603 2179 dicas,

349 2203 615 2267 Barbari
677 2204 941 2269 tradunt
1004 2224 1339 2285 germanas
1398 2222 1557 2279 esse,
1618 2223 1783 2284 quae
1846 2204 1978 2265 sint
2038 2202 2317 2283 ejusdem
2388 2203 2609 2266 matris

349 2290 541 2365 filiae,
588 2289 1098 2370 consanguineas
1155 2309 1320 2367 vero,
1381 2309 1544 2369 quae
1615 2289 1803 2352 unius
1868 2289 2086 2369 patris.
2179 2288 2373 2352 Novit
2439 2287 2609 2351 hunc

351 2396 566 2438 casum
633 2375 904 2458 quilibet
971 2374 1266 2438 arborum
1338 2373 1553 2437 lector.
1644 2374 1793 2437 Ideo
1851 2374 2057 2451 miror,
2116 2394 2226 2437 cur
2278 2376 2458 2457 pater
2501 2372 2609 2437 ille

350 2461 621 2526 dubitet.
714 2461 805 2526 De
873 2462 1087 2525 vineto
1158 2461 1354 2524 habes
1427 2481 1631 2523 meam
1710 2461 2114 2524 sententiam.
2206 2458 2276 2524 Si
2344 2459 2610 2523 alienari

353 2551 582 2628 potest,
630 2568 760 2613 non
808 2545 1142 2628 repugno.⁴
1229 2545 1322 2610 De
1367 2546 1602 2609 vicario
1674 2544 2018 2628 Spalatini⁸
2087 2547 2238 2628 quid
2306 2548 2608 2625 statuam,

351 2633 584 2697 nescio.
678 2631 764 2697 Ut
809 2632 1089 2697 Duronio
1153 2636 1403 2712 gratum
1471 2629 1764 2710 facerem,
1830 2631 2121 2694 consului
2186 2631 2607 2694 retinendum.

352 2717 440 2782 Te
485 2739 733 2800 sequar.
824 2717 960 2800 Ego
991 2719 1121 2782 seio
1152 2715 1542 2780 Morianum⁶
1572 2739 1713 2780 esse
1744 2722 1809 2781 et
1838 2715 2236 2780 Musardum⁷
2267 2716 2610 2780 Lotianum

353 2809 417 2868 et
480 2802 864 2868 Duronium⁸
934 2803 1441 2886 Simplicianum.
1556 2800 1657 2865 Ob
1724 2803 1787 2866 id
1856 2803 2142 2866 timidius
2217 2823 2338 2883 ago
2404 2825 2611 2885 neque

353 2890 563 2954 saluto
610 2888 986 2953 Duronium.
1079 2889 1487 2952 Auscultaret
1516 2887 1855 2953 Musardus
1900 2891 1966 2952 et
2010 2886 2305 2970 Figulus⁰
2351 2893 2415 2952 et
2460 2910 2611 2952 can-

352 2976 502 3040 dida
563 2975 776 3040 forsan
841 2979 1292 3057 perverterent.
1381 2973 1525 3037 Jam
1588 2974 1852 3052 dormio,
1913 2993 2041 3036 non
2088 2980 2305 3038 tamen
2351 2976 2611 3038 omnino

352 3083 495 3125 sum
565 3061 806 3126 oblitus
869 3059 1068 3125 officii
1136 3060 1278 3123 mei.
1370 3059 1655 3124 Observo
1718 3060 1884 3124 enim
1953 3060 2340 3138 occasione8‚
2388 3065 2460 3123 ut
2502 3080 2613 3141 ap-

352 3152 574 3229 pareat
634 3146 756 3210 tibi
815 3146 1115 3210 voluntas
1161 3149 1226 3208 et
1281 3143 1555 3209 facultas
1621 3144 1897 3209 Matiani
1960 3147 2075 3209 tui.
2168 3143 2489 3227 Concerpe
2549 3148 2614 3208 et

352 3233 593 3298 nemini
639 3231 904 3296 confide.
995 3231 1092 3294 Ex
1139 3228 1371 3295 Gotha.
1463 3229 1531 3294 V.
1584 3229 1783 3294 Eidus
1827 3230 2167 3296 Januarias
2213 3251 2381 3294 anno
2426 3229 2555 3292 XV.

662 3332 786 3387 Cod.
822 3331 954 3387 Frcf.
990 3331 1109 3386 432.

355 3495 539 3551 Gotha.
1408 3478 1557 3542 446.
2189 3491 2271 3544 10.
2307 3491 2423 3546 Jan.
2465 3493 2612 3544 1515.

994 3602 1285 3674 Mutian
1329 3623 1426 3673 an
1472 3603 1975 3673 Hartmann.¹⁰

354 3733 535 3802 (Bate,
583 3733 739 3786 einen
782 3732 1000 3785 Richter
1033 3747 1164 3785 xum
1199 3711 1406 3785 'Recurs
1440 3731 1528 3785 des
1563 3729 1776 3784 Rhamis
1809 3747 1884 3782 κα
1918 3729 2164 3782 bestellen.
2250 3717 2618 3798 U'bersendunq

356 3804 506 3856 einer
543 3800 885 3870 Spottsehrift
928 3817 1089 3868 yeqen
1122 3801 1208 3853 die
1242 3801 1466 3853 Pariser
1508 3799 1902 3866 Entsekee'duny
1936 3799 2001 3852 in
2035 3797 2239 3851 Sachen
2290 3798 2617 3868 Reucklim.)

494 3938 523 3966 α
550 3928 706 3976 antea
743 3922 892 3975 Tenx.
1033 3925 1062 3963 b
1091 3921 1318 3974 consulit
1357 3921 1504 3974 Tem.
1648 3935 1673 3962 ο
1701 3919 1859 3972 faciat
1897 3919 2043 3972 Tema.

499 3994 518 4025 ¹
550 3992 771 4046 Hessus
826 3991 937 4058 Vgl.
964 3990 1015 4043 S.
1041 3989 1141 4043 501
1179 3992 1242 4044 A.
1279 3991 1327 4044 6.
1435 3991 1455 4022 ²
1490 3989 1541 4044 S.
1567 3990 1665 4057 481
1694 3992 1757 4041 A.
1784 3990 1832 4043 6.
1941 3989 1962 4019 ³
1996 3993 2109 4040 Aus
2128 3988 2247 4040 dem
2271 3987 2617 4054 Augustiner-

355 4061 555 4114 kloster
589 4061 645 4113 in
681 4061 868 4114 Gotha.
939 4059 1070 4110 Eine
1124 4058 1516 4126 absprechende
1570 4061 1879 4124 Ausserung
1931 4057 2064 4108 iiber
2116 4056 2259 4108 diese
2306 4055 2529 4108 Mouche
2565 4056 2617 4106 in

355 4130 442 4182 ΒΓ.
479 4131 599 4184 459.
707 4130 728 4161 ⁴
763 4128 852 4181 Br.
887 4129 1006 4181 441.
1115 4130 1136 4159 ὃ
1168 4117 1316 4179 Uber
1349 4128 1448 4178 den
1489 4125 1819 4178 schamlosen
1876 4125 2040 4176 Vikar
2075 4141 2177 4177 von
2212 4121 2618 4177 Hohenkirchen

354 4198 407 4252 S.
444 4197 549 4252 498
585 4202 647 4253 A.
688 4197 734 4250 2.
859 4197 882 4229 ⁶
917 4195 1124 4249 Freund
1161 4195 1254 4247 des
1288 4193 1480 4248 Morus
1555 4194 1605 4247 S.
1644 4194 1711 4246 38
1748 4197 1807 4246 A.
1844 4195 1892 4247 4.
2027 4195 2045 4226 ⁷
2082 4193 2198 4262 Vgl.
2237 4193 2287 4246 S.
2328 4194 2428 4245 477
2467 4194 2528 4245 A.
2568 4195 2615 4244 5.

354 4266 531 4320 Schon
575 4267 679 4320 seit
717 4265 854 4318 1512
889 4264 1034 4331 klagt
1069 4263 1287 4329 Mutian,
1327 4264 1447 4316 dass
1482 4262 1765 4315 Musardus
1800 4262 1881 4314 cin
1920 4261 2179 4322 Lotianer,
2217 4261 2423 4313 Freund
2449 4260 2622 4312 seines

355 4335 590 4403 Gegners
624 4333 808 4455 LotiSus
844 4331 915 4394 (S.
953 4331 1021 4385 98
1061 4335 1118 4386 A.
1157 4332 1210 4399 3)
1248 4333 1338 4386 sei.
1482 4333 1502 4362 ⁸
1537 4331 1644 4382 Der
1680 4331 1797 4382 Abt.
1871 4330 1920 4382 S.
1964 4330 2061 4383 108
2097 4332 2158 4382 A.
2200 4332 2243 4384 1.
2385 4330 2407 4361 ⁹
2441 4327 2491 4383 S.
2512 4327 2620 4380 -508

353 4407 418 4457 A.
454 4405 505 4456 4.
654 4407 695 4435 ¹⁰
771 4445 780 4457 .
821 4402 924 4456 503
959 4403 1021 4454 A.
1058 4402 1107 4454 6.
