3084 4895
912 257 1125 314 Mutian
1162 275 1231 313 an
1267 255 1537 328 Agricola.
1606 257 1819 315 Mutian
1854 275 1924 315 an
1959 255 2160 318 Urban.
2530 261 2656 329 451

399 446 583 500 (iotha.
1447 429 1595 495 381.
2275 449 2321 503 1.
2357 448 2469 501 Juli
2506 449 2655 504 1514.

1086 554 1378 626 Mutian
1423 575 1520 624 an
1554 555 1976 644 Agricola.¹

705 681 1189 750 (Erdschuldiquny
1222 682 1314 734 der
1347 681 1542 736 Kicrxe.
1617 683 1975 752 Empfeklwny
2016 684 2349 752 Oarspaohs.)

499 797 854 881 Clarissimo
888 797 1026 846 viro
1061 797 1362 857 Gregorio
1397 797 1732 857 Agricolae
1766 799 2028 857 censori,
2064 800 2262 849 amico
2298 811 2554 858 summo,

1352 882 1442 931 M.
1477 881 1701 932 Rufus.

605 991 807 1055 Salus
898 991 1264 1073 Impediunt
1311 1014 1408 1056 me
1467 1014 1653 1056 curae
1706 993 1798 1056 rei
1853 992 2201 1072 familiariS,
2259 1015 2385 1076 quo
2445 995 2656 1058 minus

400 1079 599 1141 effuse
647 1076 940 1142 scribam.
1032 1075 1103 1140 Si
1149 1097 1478 1156 emerserO,
1525 1079 1582 1142 si
1610 1080 2016 1161 respiravero,
2052 1081 2324 1160 accipies
2354 1079 2659 1162 epistolas

403 1163 884 1244 superfluentes
980 1164 1169 1226 Amor
1215 1164 1278 1225 in
1326 1167 1390 1226 te
1437 1185 1613 1226 meus
1645 1184 1772 1226 non
1805 1163 2082 1239 vacillat,
2116 1167 2226 1228 sed
2259 1169 2409 1248 eget
2439 1165 2655 1229 forsan

400 1248 857 1326 declaratione3
904 1247 1018 1310 sed
1062 1249 1128 1311 in
1178 1249 1380 1311 tantis
1425 1247 1955 1329 occupationibus
2008 1248 2265 1317 frivolas
2312 1255 2376 1314 et
2420 1250 2658 1314 nullius

396 1334 586 1414 pretii
660 1333 878 1396 literas
961 1333 1250 1396 emittere
1339 1354 1466 1396 non
1558 1337 1727 1398 esset
1799 1335 2146 1414 prudentis,
2258 1334 2658 1419 Carspachus

398 1421 626 1482 iterum
686 1417 1067 1498 interpellat.
1162 1417 1328 1495 Vale,
1392 1417 1761 1482 doctissime
1819 1423 2013 1500 atque
2073 1422 2311 1502 optime
2370 1421 2653 1501 Gregori.

398 1503 496 1565 Ex
542 1502 776 1568 Gotha.
869 1500 1166 1565 Calendis
1212 1502 1609 1580 Quintilibus
1654 1499 1969 1566 MDXIIII.

707 1600 831 1656 Cod.
867 1600 1000 1656 Frcf.
1038 1601 1154 1656 373.

397 1772 627 1842 (eotha.)
1450 1757 1597 1821 382.
2315 1771 2448 1840 (Just
2485 1772 2659 1843 1514.)

1143 1882 1431 1951 Mutian
1475 1902 1575 1951 an
1618 1882 1899 1952 Urban.

398 2008 496 2075 (Ist
537 2009 642 2061 mit
690 2009 891 2061 seimm
924 2008 1103 2075 Briefe
1149 2025 1225 2062 an
1271 2008 1524 2077 Ayricola
1568 2008 1937 2076 unmfhieden.
2008 2009 2075 2061 In
2118 2006 2439 2075 Namnbqu
2484 2007 2659 2062 nichts

398 2077 494 2142 fv'b'r
539 2076 784 2142 Hersfeld
819 2077 1048 2145 yekauft.
1131 2077 1331 2160 Mb'chte
1356 2077 1860 2213 xgrmmffimulet
1900 2077 2067 2141 seben,
2118 2094 2215 2130 um
2257 2078 2347 2130 ein
2458 2078 2659 2130 ‘nlickee

1147 2259 1228 2310 Η.
1264 2259 1522 2308 Urbano
1557 2259 1647 2309 M.
1681 2257 1905 2308 Rufus.

604 2363 809 2430 Salus,
897 2366 1218 2433 Incuriose
1263 2370 1329 2432 et
1369 2368 1711 2451 plusquam
1767 2367 2020 2432 aniliter
2079 2367 2304 2451 scripsi
2348 2368 2430 2431 ad
2478 2368 2658 2450 Agri—

398 2452 653 2516 colam.²
746 2452 954 2517 Causa
1017 2458 1131 2532 est,
1189 2456 1342 2536 quia
1399 2476 1528 2518 non
1590 2456 1788 2519 habui
1850 2475 2041 2535 grave
2102 2457 2547 2535 argumentum
2594 2457 2658 2517 et

395 2538 598 2620 jocari
642 2541 776 2602 tum
825 2559 954 2601 non
999 2539 1206 2602 libuit.
1295 2540 1520 2620 Itaque
1567 2544 1904 2622 utramque
1950 2539 2283 2621 epistolam
2338 2539 2655 2604 combure.

397 2622 494 2685 Tu
541 2624 743 2686 scribe
789 2623 1173 2687 luculentius
1205 2624 1284 2687 ad
1318 2626 1510 2689 talem
1556 2629 1941 2705 tantumque
1982 2630 2246 2705 patrem.
2322 2627 2427 2699 Εῑί).
2463 2625 2658 2685 utine

399 2707 730 2772 familiaris
774 2706 1017 2779 noster?
1065 2709 1220 2772 nihil
1283 2711 1515 2773 coemit
1567 2710 1910 2789 Neoburgi.
2005 2708 2153 2773 Scio
2209 2707 2499 2773 ridebis.‘
2588 2706 2657 2771 Si

397 2792 749 2862 amuletum
803 2798 983 2856 tuum
1047 2798 1150 2857 sat
1197 2794 1408 2875 justae
1469 2795 1932 2877 magnitudinis
1978 2799 2077 2857 est
2123 2798 2187 2857 et
2226 2794 2386 2876 justi
2451 2794 2655 2875 pretii,

396 2880 490 2941 ita
543 2883 617 2940 ut
677 2900 927 2941 summa
985 2899 1113 2942 non
1175 2880 1442 2943 excedat
1485 2879 1535 2940 V
1580 2880 1641 2942 fl.
1694 2901 1899 2961 neque
1954 2880 2041 2943 sit
2096 2879 2263 2942 infra
2305 2878 2380 2955 II,
2441 2881 2542 2943 fac
2584 2882 2659 2941 ut

398 2964 668 3027 videam.
761 2962 965 3026 Credo
1008 2964 1215 3027 tribus
1260 2968 1374 3028 aut
1417 2964 1494 3026 IV
1544 2964 1665 3027 emi
1711 2986 1917 3046 posse,
1979 2964 2150 3046 quod
2206 2964 2367 3027 belle
2430 2965 2654 3027 niteat.

397 3047 584 3127 Nolo,
630 3049 802 3128 quod
847 3049 968 3111 tibi
1013 3051 1100 3112 sit
1142 3049 1633 3113 incommodum.
1723 3049 2021 3113 Munifice
2066 3054 2129 3113 et
2176 3049 2347 3131 large
2393 3072 2473 3112 ne
2504 3048 2655 3131 quid

397 3134 528 3212 des,
589 3154 718 3197 oro.
809 3132 882 3196 Id
942 3134 1113 3213 quod
1174 3136 1397 3213 mittis,
1467 3136 1739 3215 pretium
1797 3138 1863 3198 et
1917 3137 2487 3198 remunerationem
2544 3156 2657 3195 ex-

397 3217 677 3281 citabit.⁵
770 3216 938 3281 Satis
1005 3220 1162 3281 mihi
1228 3219 1340 3282 dat
1407 3221 1629 3297 amice,
1691 3221 1802 3301 qui
1848 3242 1915 3282 se
1958 3220 1999 3283 i.
2048 3242 2097 3283 e.
2149 3220 2431 3283 animum
2496 3217 2657 3281 mihi

397 3314 744 3366 consecrat.
838 3302 1004 3378 Quid
1048 3302 1360 3367 amicius?
1451 3304 1619 3367 Cura
1664 3309 1735 3368 ut
1779 3305 2007 3367 valeas,

713 3402 836 3457 Cod.
875 3402 1005 3457 Frcf.
1046 3404 1162 3456 378.

397 3537 628 3607 (coma.)
1375 3556 1378 3559 -
1453 3490 1611 3587 333·
2315 3537 2446 3606 (Μ
2484 3537 2655 3606 1514.)

1143 3649 1429 3719 Mutian
1475 3670 1575 3719 an
1620 3648 1897 3720 Urban.

396 3773 546 3843 (May
580 3777 678 3828 das
715 3776 1080 3830 Herkulesbild
1111 3792 1246 3829 vom·
1268 3777 1539 3831 Haumsis
1574 3778 1721 3831 nieht
1756 3783 1897 3831 teuer
1929 3777 2139 3844 hausen.
2224 3776 2506 3843 Vorselzlay
2529 3776 2656 3828 iiber

1115 3848 1200 3898 die
1237 3846 1572 3913 'Verxieruny
1606 3848 1694 3898 des
1729 3846 1946 3912 Bimae.)

539 3967 554 3995 ¹
593 3964 708 4031 Vgl.
758 3981 864 4017 vor.
913 3964 1001 4016 ΒΓ.
1073 3965 1277 4018 Mutian
1323 3968 1489 4018 setzte
1545 3966 1720 4019 diesen
1760 3966 1845 4019 Br.
1882 3981 1950 4018 an
1985 3965 2071 4017 die
2118 3964 2278 4017 Stelle
2324 3965 2476 4031 jenes
2530 3964 2656 4017 oder

394 4032 722 4099 umgekehrt.
798 4032 915 4100 Vgl.
970 4033 1089 4101 folg.
1145 4034 1230 4087 Br.
1391 4037 1410 4067 ²
1451 4035 1644 4104 Vorige
1702 4035 1889 4086 beiden
1941 4034 2026 4087 Br.
2170 4035 2189 4064 ³
2225 4032 2511 4085 Viellcicht
2562 4033 2656 4083 der

394 4100 716 4153 Eisenacher
767 4101 974 4153 Freund
1010 4102 1062 4152 in
1101 4101 1184 4156 ΒΓ.
1226 4102 1339 4157 229.
1483 4104 1504 4134 ⁴
1541 4104 1681 4158 Uber
1733 4102 1963 4154 Mutians
2016 4101 2412 4169 Missgeschick,
2460 4102 2553 4153 der
2587 4116 2655 4151 zu

395 4168 604 4219 keinem
659 4170 951 4235 passenden
1005 4170 1315 4223 Geschenke
1367 4172 1619 4240 gelangen
1672 4172 1825 4223 kann.
1967 4172 1989 4203 ⁵
2022 4169 2144 4221 Man
2190 4170 2361 4222 merkt
2394 4170 2530 4222 noch
2566 4169 2651 4221 die

397 4237 725 4289 Gereiztheit
759 4238 891 4290 iiber
925 4238 1135 4291 Urbans
1171 4238 1603 4307 Zuriickhaltung
1638 4239 1692 4290 in
1728 4240 1820 4291 der
1854 4238 2312 4306 Borggeschichte.
2368 4238 2457 4293 ΒΓ.
2478 4240 2578 4293 365
2597 4240 2651 4293 ff.

2102 4308 2241 4371 29*
