3084 4895
875 412 1090 469 Mutian
1127 428 1196 465 an
1235 408 1474 465 Voltzke.
1546 409 1759 465 Mutian
1796 425 1865 463 an
1901 404 2102 462 Urban.
2494 404 2623 471 555

358 584 764 655 considerent
837 586 1030 647 etiam
1105 582 1291 645 nobis
1369 580 1675 663 permitti,
1749 584 1823 642 ut
1896 580 2183 659 legamus
2275 577 2620 659 „Requiem

353 668 771 739 aeternam.“'
866 669 1264 749 Quamquam
1311 666 1601 747 opinioni
1663 663 2017 727 Gothorum
2080 684 2236 727 aura
2301 663 2623 744 popularis

352 759 559 841 magis
604 755 882 821 arrideat
927 775 1118 836 quam
1164 753 1277 816 lux
1323 752 1633 815 veritatis,
1725 748 1811 814 Ut
1851 750 2040 813 istam
2088 770 2235 831 ergo
2283 749 2621 829 caliginem

357 843 802 917 discutiamne,
850 839 1028 903 effice
1073 859 1330 921 quaeSO‚
1363 840 1434 900 ut
1467 857 1653 899 suum
1690 834 2021 898 nobiscum
2057 834 2339 898 officium
2378 834 2622 897 devoti-

353 928 558 995 onarii
606 925 1098 991 communicent.
1185 921 1356 986 Vale.
1452 921 1547 985 Ad
1596 920 1726 985 Cal.
1774 919 2022 984 Junias.

669 1028 794 1081 Ood.
831 1026 966 1079 Frcf.
1003 1024 1122 1078 483.

363 1199 597 1268 (Gotha.)
1417 1180 1565 1245 491.
2066 1226 2071 1231 -
2182 1193 2225 1245 1.
2264 1191 2393 1244 Juni
2428 1192 2623 1261 (1515).

1114 1306 1401 1377 Mutian
1448 1326 1547 1377 an
1598 1304 1876 1379 Urban-

365 1438 572 1504 (Urteil
603 1438 732 1491 iiber
765 1437 853 1490 die
885 1437 1231 1505 Polyanthea.
1297 1435 1440 1489 Bitte
1461 1453 1560 1488 um
1590 1435 1850 1504 Origenes,
1885 1433 2068 1502 Omiza,
2104 1433 2367 1495 Basilina,
2404 1432 2633 1485 Era-§mi

375 1506 635 1560 Canones.
706 1506 832 1569 Rae,
869 1506 967 1557 den
1002 1504 1338 1575 Nepotianus
1371 1504 1512 1557 nach
1547 1504 1686 1557 Rom
1720 1520 1796 1555 κα
1828 1503 2081 1555 echichen.
2164 1501 2631 1569 Unxufriedenheit

559 1575 666 1627 ‘mit
699 1575 816 1627 dem
859 1571 1088 1628 Ourator
1123 1572 1399 1627 Malthc‘ius
1432 1572 1548 1625 und
1578 1572 1682 1625 mit
1728 1570 1963 1626 Voltxkes
2000 1570 2431 1637 Entsekeidunq.)

456 1689 540 1741 H.
577 1688 834 1739 Urbano
870 1688 1191 1751 magistro,
1227 1698 1560 1737 oeconomo
1598 1685 2033 1747 Georgivallis,
2069 1686 2266 1737 amieo
2282 1696 2547 1745 asemper

1101 1771 1461 1822 venerando
1499 1768 1609 1839 (M.
1645 1768 1893 1837 Rufus).

573 1882 638 1947 S.
730 1884 886 1959 Quis
929 1887 1060 1947 tam
1110 1881 1220 1945 diu
1266 1882 1511 1945 detinet
1556 1882 1927 1965 Petrejanas
1972 1878 2267 1947 literas?²
2355 1881 2451 1945 An
2501 1880 2627 1945 illis

367 1975 465 2033 est
517 1970 734 2033 aditus
790 1969 1219 2032 interclusus?
1309 1967 1585 2049 Tempus
1644 1967 1854 2052 poscit
1917 1972 1980 2031 et
2035 1969 2371 2049 ego'rogO,
2419 1970 2492 2029 ut
2537 1966 2631 2030 di-

367 2057 590 2119 mittas
656 2060 721 2118 et
786 2055 973 2118 simul
1050 2052 1355 2117 exhibeas
1430 2050 1939 2137 P·olyantheam,³
2014 2075 2176 2135 opus
2248 2053 2493 2117 varium
2563 2056 2627 2116 et

365 2142 546 2216 utile,
595 2142 650 2205 si
697 2162 837 2204 cum
878 2140 1118 2222 judicio
1165 2136 1431 2221 legatur.
1523 2141 1755 2203 Iterum
1812 2140 2018 2223 legam
2068 2146 2131 2203 et
2177 2138 2446 2219 signabo
2510 2136 2631 2201 tibi

368 2228 585 2309 capita
629 2247 838 2289 rerum
885 2228 948 2288 in
995 2226 1112 2290 tris
1161 2230 1367 2290 tomos
1414 2226 1777 2309 digerenda,
1826 2225 2356 2307 quemadmodum
2418 2244 2629 2287 coram

367 2312 692 2389 admonui,
748 2313 813 2375 id
875 2317 972 2376 est
1027 2315 1100 2375 ut
1154 2333 1438 2375 seorsum
1500 2312 1785 2389 collocata,
1844 2332 2007 2392 quae
2052 2312 2131 2374 ad
2178 2311 2447 2375 virtutes
2492 2330 2638 2391 per-

365 2399 601 2476 tinent,
646 2420 900 2482 separes
943 2397 1240 2465 vitiorum
1286 2398 1516 2463 titulos
1560 2402 1625 2464 et
1666 2398 1735 2464 in
1782 2398 1973 2466 tertia
2009 2396 2221 2489 'classe
2278 2416 2479 2479 ponas
2534 2416 2630 2472 ea,

367 2507 535 2568 quae
579 2489 732 2548 sunt
775 2484 1115 2566 ambiguae
1161 2488 1366 2557 notae,
1415 2485 1649 2567 partim
1694 2484 1991 2547 videlicet
2024 2483 2371 2547 virtutibus
2401 2482 2631 2559 vicina,

367 2571 604 2654 partim
649 2571 716 2634 in
765 2569 941 2634 viam
982 2570 1279 2634 vitiorum
1337 2568 1603 2645 deflexa,
1660 2575 1735 2634 ut
1779 2573 1877 2633 est
1920 2569 2225 2642 studium,
2291 2568 2631 2638 industria,

369 2677 550 2720 amor
601 2659 666 2726 et
721 2655 783 2718 id
841 2677 1044 2737 genus
1108 2656 1464 2719 annotatio.
1558 2655 1858 2719 Petebam
1931 2654 2223 2736 Origenis
2287 2658 2351 2716 et
2415 2651 2636 2734 cyrilli

369 2763 624 2892 {3323ss
673 2741 872 2891 ῗέἐΐε
913 2739 2634 2908 ¹32{.3‡{’.,‘³.¹2¹.12231.‡?.‘³.¹3’.3⁰“sssggffissssfflssssssfitssss

370 2913 437 2976 in
485 2913 708 2977 mundi
763 2913 963 2976 totius
1017 2913 1569 2994 contemplatione·
1614 2911 2119 2994 philosophatur.
2213 2911 2367 2992 Legi
2433 2931 2635 2990 nuper

371 2999 842 3063 nudiustertius
886 3003 950 3062 et
994 2998 1128 3061 heri
1176 2996 1453 3078 regulam
1503 2997 1567 3061 S.
1614 2997 1962 3080 Benedicti.
2055 2997 2210 3072 Quis
2264 3018 2391 3060 non
2444 2996 2636 3059 rabu-

373 3085 576 3148 larum
629 3084 968 3165 magnifica
1013 3089 1076 3146 et
1125 3081 1432 3147 insidiosa
1479 3084 1670 3146 verba
1730 3081 2162 3146 contemneret
2230 3083 2349 3145 hac
2413 3084 2637 3162 sancta

374 3170 508 3233 stili
556 3170 992 3233 moderatione
1023 3170 1328 3248 gustata?
1421 3169 1657 3233 Ultimo
1692 3169 1899 3250 capite
1933 3167 2171 3231 mentio
2204 3167 2279 3230 fit
2310 3166 2389 3252 de
2418 3166 2634 3247 regula

375 3255 440 3319 S.
488 3255 688 3337 patris
733 3254 973 3318 Basilii.
1064 3254 1414 3334 Utramque
1460 3253 1679 3328 habes,
1724 3252 1896 3317 illam
1945 3253 2194 3333 egregie
2238 3251 2637 3316 circumfusis

376 3341 847 3404 commentariis
915 3340 1318 3414 declaratam,
1381 3340 1546 3403 hanc
1609 3340 1677 3403 ni
1734 3339 1919 3402 fallor
1972 3338 2207 3400 nudam
2254 3342 2319 3401 et
2364 3338 2637 3400 brevem.

373 3426 516 3490 Non
588 3424 856 3489 deerunt
921 3424 1042 3488 tibi
1107 3425 1355 3508 Erasmi
1421 3423 1714 3488 Canones
1781 3425 1998 3488 eodem
2045 3423 2176 3487 fere
2222 3421 2637 3505 spectanteS.⁴

372 3511 519 3575 Non
591 3511 771 3592 perit,
840 3510 1008 3592 quod
1075 3510 1231 3573 mihi
1298 3512 1502 3573 effera.
1615 3509 1877 3574 Utinam
1947 3530 2171 3576 vacare
2235 3509 2357 3573 tibi
2421 3507 2641 3572 liceret

376 3598 661 3660 veterum
693 3595 892 3660 libris.
985 3595 1127 3659 Non
1163 3617 1333 3660 esses
1366 3596 1630 3660 minima
1663 3595 1864 3676 gloria
1896 3594 2393 3660 coenobitarum.
2463 3593 2636 3666 Idem

381 3681 608 3744 scribit
655 3681 732 3744 de
776 3685 840 3744 te
887 3679 1278 3755 TiloninuS,⁵
1323 3680 1565 3762 alioqui
1611 3682 1798 3745 dicax
1844 3684 1908 3744 et
1952 3679 2356 3762 petulantior.
2433 3679 2642 3762 Nepo-

376 3769 595 3830 tianus
626 3765 807 3830 tuus⁶
843 3789 998 3830 cave
1031 3766 1200 3830 domi
1234 3767 1602 3830 retineatur.
1692 3765 2018 3830 Habemus
2051 3765 2290 3830 Romae
2321 3765 2637 3846 Petrejum

379 3857 444 3916 et
473 3849 912 3916 FocarianoS.⁷
1004 3851 1256 3915 Fricare
1298 3851 1504 3914 mulas
1549 3854 1781 3933 potest.
1874 3850 2103 3915 Currat
2147 3853 2227 3915 ad
2274 3849 2544 3915 calcaria
2578 3853 2644 3914 et

379 3937 594 4012 faciat,
671 3937 842 4018 quod
917 3937 993 4001 fit
1067 3937 1409 4019 adjuvante
1485 3937 1733 4018 Petrejo
1810 3941 1877 4000 et
1950 3936 2173 3999 ceteris
2262 3935 2639 3999 fautoribus,

522 4073 540 4104 ²
575 4073 638 4124 D.
675 4072 708 4123 i.
748 4071 1093 4124 Seelmessen.
1239 4071 1258 4102 ⁹
1292 4070 1439 4122 Uber
1475 4070 1561 4122 die
1596 4069 1769 4122 Briefe
1807 4071 1899 4123 des
1934 4069 1994 4123 P.
2033 4086 2129 4122 aus
2165 4069 2301 4122 Rom
2336 4085 2403 4122 an
2439 4068 2643 4122 Mutian

378 4140 483 4208 vgl.
537 4139 586 4194 S.
625 4141 728 4194 379
763 4142 823 4193 A.
866 4141 910 4192 1.
1053 4140 1074 4170 ³
1108 4138 1262 4192 Noch
1317 4137 1512 4190 einmal
1568 4139 1805 4190 erwiihnt
1858 4138 1943 4190 ΒΓ.
2002 4141 2118 4203 515,
2172 4138 2393 4191 wonach
2446 4153 2503 4189 es
2557 4137 2643 4188 ein

379 4208 707 4276 Manuscript
750 4208 960 4260 Urbans
1005 4223 1128 4260 war.
1271 4206 1292 4236 ⁴
1326 4205 1490 4258 Wohl
1526 4206 1613 4258 die
1648 4206 2063 4260 Lucubrationes
2115 4207 2267 4272 1509,
2304 4205 2644 4259 erbaulichen

379 4276 632 4340 lnhaltae,
669 4275 1042 4330 insbesondere
1079 4275 1175 4327 das
1211 4274 1351 4326 auch
1386 4273 1591 4326 einzeln
1628 4275 1989 4336 erschienene‚
2007 4275 2063 4327 in
2086 4274 2321 4328 Canoues
2344 4273 2644 4342 eingeteilte

379 4344 725 4466 ξαέὶὲίῆᾱίοέ
761 4343 943 4398 christ.
980 4341 1180 4396 militis.
1325 4343 1346 4374 ⁶
1379 4340 1430 4396 S.
1469 4342 1573 4395 540
1608 4345 1671 4396 A.
1708 4342 1755 4396 2.
1895 4344 1919 4376 ⁶
1954 4343 2005 4397 S.
2044 4343 2145 4397 552
2180 4345 2242 4396 A.
2282 4343 2329 4397 2.
2471 4343 2489 4375 ⁷
2524 4340 2642 4408 Vgl.
