<?xml version="1.0" encoding="UTF-8"?>
<!DOCTYPE html PUBLIC "-//W3C//DTD XHTML 1.0 Transitional//EN"
    "http://www.w3.org/TR/xhtml1/DTD/xhtml1-transitional.dtd">
<html xmlns="http://www.w3.org/1999/xhtml" xml:lang="en" lang="en">
 <head>
  <title>
</title>
<meta http-equiv="Content-Type" content="text/html;charset=utf-8" />
  <meta name='ocr-system' content='tesseract 3.04.00' />
  <meta name='ocr-capabilities' content='ocr_page ocr_carea ocr_par ocr_line ocrx_word'/>
</head>
<body>
  <div class='ocr_page' id='page_1' title='image "./derbriefwechsel02kraugoog_0603.png"; bbox 0 0 3084 4895; ppageno 0'>
   <div class='ocr_carea' id='block_1_1' title="bbox 391 384 2609 496">
    <p class='ocr_par' dir='ltr' id='par_1_1' title="bbox 391 384 2609 496">
     <span class='ocr_line' id='line_1_1' title="bbox 391 384 2609 496; baseline 0.001 -19"><span class='ocrx_word' id='word_1_1' title='bbox 391 424 618 477; x_wconf 81' lang='lat' dir='ltr'>Publius</span> <span class='ocrx_word' id='word_1_2' title='bbox 655 440 723 476; x_wconf 85' lang='lat' dir='ltr'>an</span> <span class='ocrx_word' id='word_1_3' title='bbox 761 425 962 483; x_wconf 84' lang='lat' dir='ltr'>Urban.</span> <span class='ocrx_word' id='word_1_4' title='bbox 1033 426 1262 481; x_wconf 81' lang='lat' dir='ltr'>Publius</span> <span class='ocrx_word' id='word_1_5' title='bbox 1301 443 1370 480; x_wconf 79' lang='lat' dir='ltr'>an</span> <span class='ocrx_word' id='word_1_6' title='bbox 1407 427 1696 496; x_wconf 84' lang='lat' dir='ltr'>Nepotian.</span> <span class='ocrx_word' id='word_1_7' title='bbox 1770 384 1977 479; x_wconf 68' lang='lat' dir='ltr'>Vulcani</span> <span class='ocrx_word' id='word_1_8' title='bbox 2013 442 2083 479; x_wconf 80' lang='lat' dir='ltr'>an</span> <span class='ocrx_word' id='word_1_9' title='bbox 2121 426 2405 495; x_wconf 87' lang='lat' dir='ltr'>Nepotian.</span> <span class='ocrx_word' id='word_1_10' title='bbox 2482 428 2609 493; x_wconf 76' lang='lat'>517</span> 
     </span>
    </p>
   </div>
   <div class='ocr_carea' id='block_1_2' title="bbox 325 586 2615 1011">
    <p class='ocr_par' dir='ltr' id='par_1_2' title="bbox 325 586 2615 1011">
     <span class='ocr_line' id='line_1_2' title="bbox 325 586 2615 681; baseline -0.002 -17"><span class='ocrx_word' id='word_1_11' title='bbox 325 605 510 665; x_wconf 81' lang='lat' dir='ltr'>mata</span> <span class='ocrx_word' id='word_1_12' title='bbox 584 600 792 664; x_wconf 75' lang='lat' dir='ltr'>Asini⁸</span> <span class='ocrx_word' id='word_1_13' title='bbox 879 600 1282 663; x_wconf 80' lang='lat' dir='ltr'>remittimus,</span> <span class='ocrx_word' id='word_1_14' title='bbox 1405 598 1512 681; x_wconf 81' lang='grc' dir='ltr'>Τῷ</span> <span class='ocrx_word' id='word_1_15' title='bbox 1578 596 1723 681; x_wconf 74' lang='grc' dir='ltr'>θεῷ</span> <span class='ocrx_word' id='word_1_16' title='bbox 1788 586 2084 681; x_wconf 76' lang='grc' dir='ltr'><em>χάριτας,</em></span> <span class='ocrx_word' id='word_1_17' title='bbox 2151 600 2279 662; x_wconf 90' lang='lat' dir='ltr'>imo</span> <span class='ocrx_word' id='word_1_18' title='bbox 2344 602 2407 663; x_wconf 88' lang='lat' dir='ltr'>et</span> <span class='ocrx_word' id='word_1_19' title='bbox 2472 598 2615 677; x_wconf 88' lang='lat' dir='ltr'>tibi,</span> 
     </span>
     <span class='ocr_line' id='line_1_3' title="bbox 331 686 1378 767; baseline -0.003 -17"><span class='ocrx_word' id='word_1_20' title='bbox 331 687 725 750; x_wconf 87' lang='lat' dir='ltr'>venerabilis</span> <span class='ocrx_word' id='word_1_21' title='bbox 770 691 954 767; x_wconf 84' lang='lat' dir='ltr'>pater</span> <span class='ocrx_word' id='word_1_22' title='bbox 997 689 1062 747; x_wconf 89' lang='lat' dir='ltr'>et</span> <span class='ocrx_word' id='word_1_23' title='bbox 1107 686 1378 749; x_wconf 90' lang='lat' dir='ltr'>domine.</span> 
     </span>
     <span class='ocr_line' id='line_1_4' title="bbox 725 768 2231 852; baseline -0.002 -19"><span class='ocrx_word' id='word_1_24' title='bbox 725 771 872 851; x_wconf 89' lang='lat' dir='ltr'>„Ille</span> <span class='ocrx_word' id='word_1_25' title='bbox 918 769 1296 847; x_wconf 75' lang='lat' dir='ltr'>satisfaciat,</span> <span class='ocrx_word' id='word_1_26' title='bbox 1345 771 1456 852; x_wconf 89' lang='lat' dir='ltr'>qui</span> <span class='ocrx_word' id='word_1_27' title='bbox 1502 791 1571 833; x_wconf 90' lang='lat' dir='ltr'>se</span> <span class='ocrx_word' id='word_1_28' title='bbox 1616 772 2019 832; x_wconf 81' lang='lat' dir='ltr'>contemnere</span> <span class='ocrx_word' id='word_1_29' title='bbox 2066 768 2231 831; x_wconf 86' lang='lat' dir='ltr'>dixit</span> 
     </span>
     <span class='ocr_line' id='line_1_5' title="bbox 673 850 2097 937; baseline -0.003 -18"><span class='ocrx_word' id='word_1_30' title='bbox 673 903 680 907; x_wconf 90' lang='lat'><em>-</em></span> <span class='ocrx_word' id='word_1_31' title='bbox 719 878 838 919; x_wconf 89' lang='lat' dir='ltr'>nec</span> <span class='ocrx_word' id='word_1_32' title='bbox 882 855 1100 919; x_wconf 87' lang='lat' dir='ltr'>calicis</span> <span class='ocrx_word' id='word_1_33' title='bbox 1129 856 1329 919; x_wconf 73' lang='lat' dir='ltr'>&#39;vilem</span> <span class='ocrx_word' id='word_1_34' title='bbox 1379 854 1724 937; x_wconf 83' lang='lat' dir='ltr'>frigidioris</span> <span class='ocrx_word' id='word_1_35' title='bbox 1769 850 2097 935; x_wconf 85' lang='lat' dir='ltr'>aquam.“²</span> 
     </span>
     <span class='ocr_line' id='line_1_6' title="bbox 659 955 1108 1011; baseline -0.004 0"><span class='ocrx_word' id='word_1_36' title='bbox 659 956 780 1011; x_wconf 86' lang='lat' dir='ltr'>Cod.</span> <span class='ocrx_word' id='word_1_37' title='bbox 819 955 953 1009; x_wconf 82' lang='lat' dir='ltr'>Frcf.</span> <span class='ocrx_word' id='word_1_38' title='bbox 989 955 1108 1009; x_wconf 84' lang='lat'>436.</span> 
     </span>
    </p>
   </div>
   <div class='ocr_carea' id='block_1_3' title="bbox 331 1126 2609 1199">
    <p class='ocr_par' dir='ltr' id='par_1_3' title="bbox 331 1126 2609 1199">
     <span class='ocr_line' id='line_1_7' title="bbox 331 1126 2609 1199; baseline -0.002 -2"><span class='ocrx_word' id='word_1_39' title='bbox 331 1144 526 1199; x_wconf 83' lang='lat' dir='ltr'>Gotha.</span> <span class='ocrx_word' id='word_1_40' title='bbox 1405 1126 1551 1191; x_wconf 83' lang='lat'>453.</span> <span class='ocrx_word' id='word_1_41' title='bbox 2152 1140 2235 1193; x_wconf 84' lang='lat'>22.</span> <span class='ocrx_word' id='word_1_42' title='bbox 2272 1140 2421 1195; x_wconf 83' lang='lat' dir='ltr'>Febr.</span> <span class='ocrx_word' id='word_1_43' title='bbox 2462 1141 2609 1193; x_wconf 84' lang='lat'>1515.</span> 
     </span>
    </p>
   </div>
   <div class='ocr_carea' id='block_1_4' title="bbox 925 1251 1945 1337">
    <p class='ocr_par' dir='ltr' id='par_1_4' title="bbox 925 1251 1945 1337">
     <span class='ocr_line' id='line_1_8' title="bbox 925 1251 1945 1337; baseline 0 -16"><span class='ocrx_word' id='word_1_44' title='bbox 925 1302 929 1307; x_wconf 86' lang='lat'>-</span> <span class='ocrx_word' id='word_1_45' title='bbox 1017 1252 1336 1322; x_wconf 85' lang='lat' dir='ltr'>Publius</span> <span class='ocrx_word' id='word_1_46' title='bbox 1380 1272 1479 1321; x_wconf 88' lang='lat' dir='ltr'>an</span> <span class='ocrx_word' id='word_1_47' title='bbox 1522 1251 1945 1337; x_wconf 85' lang='lat' dir='ltr'>Nepotian.³</span> 
     </span>
    </p>
   </div>
   <div class='ocr_carea' id='block_1_5' title="bbox 333 1376 2625 1516">
    <p class='ocr_par' dir='ltr' id='par_1_5' title="bbox 333 1376 2625 1516">
     <span class='ocr_line' id='line_1_9' title="bbox 333 1376 2625 1449; baseline -0.003 -14"><span class='ocrx_word' id='word_1_48' title='bbox 333 1380 657 1449; x_wconf 68' lang='lat' dir='ltr'>(Spbttische</span> <span class='ocrx_word' id='word_1_49' title='bbox 705 1380 1113 1447; x_wconf 66' lang='lat' dir='ltr'>Bemerlcunyen</span> <span class='ocrx_word' id='word_1_50' title='bbox 1159 1380 1289 1432; x_wconf 70' lang='lat' dir='ltr'>iiber</span> <span class='ocrx_word' id='word_1_51' title='bbox 1333 1380 1432 1431; x_wconf 81' lang='lat' dir='ltr'>das</span> <span class='ocrx_word' id='word_1_52' title='bbox 1477 1378 1778 1431; x_wconf 72' lang='lat' dir='ltr'>christliche</span> <span class='ocrx_word' id='word_1_53' title='bbox 1824 1378 2023 1431; x_wconf 77' lang='lat' dir='ltr'>Fasten</span> <span class='ocrx_word' id='word_1_54' title='bbox 2069 1378 2185 1431; x_wconf 78' lang='lat' dir='ltr'>und</span> <span class='ocrx_word' id='word_1_55' title='bbox 2230 1376 2625 1444; x_wconf 73' lang='lat' dir='ltr'>Aufforderuny</span> 
     </span>
     <span class='ocr_line' id='line_1_10' title="bbox 1060 1446 1918 1516; baseline -0.002 -15"><span class='ocrx_word' id='word_1_56' title='bbox 1060 1464 1167 1501; x_wconf 73' lang='lat' dir='ltr'>xm·</span> <span class='ocrx_word' id='word_1_57' title='bbox 1202 1446 1424 1501; x_wconf 76' lang='lat' dir='ltr'>Lelotic&#39;re</span> <span class='ocrx_word' id='word_1_58' title='bbox 1453 1452 1610 1516; x_wconf 67' lang='lat' dir='ltr'>yet-ter</span> <span class='ocrx_word' id='word_1_59' title='bbox 1643 1447 1918 1513; x_wconf 69' lang='lat' dir='ltr'>Antoren.)</span> 
     </span>
    </p>
   </div>
   <div class='ocr_carea' id='block_1_6' title="bbox 436 1558 2529 1706">
    <p class='ocr_par' dir='ltr' id='par_1_6' title="bbox 436 1558 2529 1706">
     <span class='ocr_line' id='line_1_11' title="bbox 436 1558 2529 1622; baseline -0.001 -11"><span class='ocrx_word' id='word_1_60' title='bbox 436 1560 502 1611; x_wconf 74' lang='lat' dir='ltr'>N</span> <span class='ocrx_word' id='word_1_61' title='bbox 506 1561 797 1622; x_wconf 67' lang='lat' dir='ltr'>spetiano</span> <span class='ocrx_word' id='word_1_62' title='bbox 834 1574 966 1621; x_wconf 87' lang='lat' dir='ltr'>suo,</span> <span class='ocrx_word' id='word_1_63' title='bbox 1001 1561 1201 1613; x_wconf 85' lang='lat' dir='ltr'>condo</span> <span class='ocrx_word' id='word_1_64' title='bbox 1237 1574 1454 1622; x_wconf 83' lang='lat' dir='ltr'>promo</span> <span class='ocrx_word' id='word_1_65' title='bbox 1490 1560 1833 1611; x_wconf 74' lang='lat' dir='ltr'>doctissimi</span> <span class='ocrx_word' id='word_1_66' title='bbox 1866 1561 1990 1611; x_wconf 80' lang='lat' dir='ltr'>viri</span> <span class='ocrx_word' id='word_1_67' title='bbox 2025 1558 2313 1621; x_wconf 74' lang='lat' dir='ltr'>Gregorii</span> <span class='ocrx_word' id='word_1_68' title='bbox 2344 1558 2529 1619; x_wconf 74' lang='lat' dir='ltr'>Agri-</span> 
     </span>
     <span class='ocr_line' id='line_1_12' title="bbox 1157 1645 1812 1706; baseline -0.002 -9"><span class='ocrx_word' id='word_1_69' title='bbox 1157 1645 1380 1706; x_wconf 83' lang='lat' dir='ltr'>colae,⁴</span> <span class='ocrx_word' id='word_1_70' title='bbox 1412 1647 1492 1697; x_wconf 75' lang='lat' dir='ltr'>A.</span> <span class='ocrx_word' id='word_1_71' title='bbox 1527 1646 1812 1697; x_wconf 77' lang='lat' dir='ltr'>Publius.</span> 
     </span>
    </p>
   </div>
   <div class='ocr_carea' id='block_1_7' title="bbox 337 1751 2622 2936">
    <p class='ocr_par' dir='ltr' id='par_1_7' title="bbox 337 1751 2622 2845">
     <span class='ocr_line' id='line_1_13' title="bbox 549 1751 2619 1839; baseline -0.002 -19"><span class='ocrx_word' id='word_1_72' title='bbox 549 1756 612 1820; x_wconf 90' lang='lat' dir='ltr'>S.</span> <span class='ocrx_word' id='word_1_73' title='bbox 707 1756 1038 1821; x_wconf 88' lang='lat' dir='ltr'>Lurcones</span> <span class='ocrx_word' id='word_1_74' title='bbox 1097 1757 1312 1839; x_wconf 87' lang='lat' dir='ltr'>gulam</span> <span class='ocrx_word' id='word_1_75' title='bbox 1377 1757 1592 1819; x_wconf 85' lang='lat' dir='ltr'>inedia</span> <span class='ocrx_word' id='word_1_76' title='bbox 1658 1758 1920 1833; x_wconf 83' lang='lat' dir='ltr'>siccant,</span> <span class='ocrx_word' id='word_1_77' title='bbox 1988 1755 2313 1818; x_wconf 88' lang='lat' dir='ltr'>helluones</span> <span class='ocrx_word' id='word_1_78' title='bbox 2382 1751 2619 1817; x_wconf 80' lang='lat' dir='ltr'>ventri-</span> 
     </span>
     <span class='ocr_line' id='line_1_14' title="bbox 346 1839 2617 1925; baseline -0.002 -20"><span class='ocrx_word' id='word_1_79' title='bbox 346 1842 566 1905; x_wconf 88' lang='lat' dir='ltr'>culum</span> <span class='ocrx_word' id='word_1_80' title='bbox 606 1842 846 1925; x_wconf 87' lang='lat' dir='ltr'>jejunio</span> <span class='ocrx_word' id='word_1_81' title='bbox 895 1848 1238 1918; x_wconf 87' lang='lat' dir='ltr'>macerant,</span> <span class='ocrx_word' id='word_1_82' title='bbox 1290 1843 1563 1905; x_wconf 87' lang='lat' dir='ltr'>breviter</span> <span class='ocrx_word' id='word_1_83' title='bbox 1610 1841 1849 1905; x_wconf 84' lang='lat' dir='ltr'>Christi</span> <span class='ocrx_word' id='word_1_84' title='bbox 1892 1841 2093 1904; x_wconf 90' lang='lat' dir='ltr'>cultui</span> <span class='ocrx_word' id='word_1_85' title='bbox 2126 1841 2327 1903; x_wconf 89' lang='lat' dir='ltr'>dediti</span> <span class='ocrx_word' id='word_1_86' title='bbox 2358 1839 2617 1919; x_wconf 84' lang='lat' dir='ltr'>genium</span> 
     </span>
     <span class='ocr_line' id='line_1_15' title="bbox 345 1924 2617 2008; baseline -0.003 -17"><span class='ocrx_word' id='word_1_87' title='bbox 345 1927 732 1991; x_wconf 84' lang='lat' dir='ltr'>defraudant</span> <span class='ocrx_word' id='word_1_88' title='bbox 796 1928 1212 1992; x_wconf 88' lang='lat' dir='ltr'>abstinentia.</span> <span class='ocrx_word' id='word_1_89' title='bbox 1301 1928 1400 1991; x_wconf 85' lang='lat' dir='ltr'>Ita</span> <span class='ocrx_word' id='word_1_90' title='bbox 1466 1949 1690 1991; x_wconf 87' lang='lat' dir='ltr'>sumus</span> <span class='ocrx_word' id='word_1_91' title='bbox 1758 1926 2267 2008; x_wconf 83' lang='lat' dir='ltr'>Pythagoristae,</span> <span class='ocrx_word' id='word_1_92' title='bbox 2334 1932 2409 1988; x_wconf 90' lang='lat' dir='ltr'>ut</span> <span class='ocrx_word' id='word_1_93' title='bbox 2478 1924 2617 1987; x_wconf 88' lang='lat' dir='ltr'>sine</span> 
     </span>
     <span class='ocr_line' id='line_1_16' title="bbox 341 2010 2619 2095; baseline -0.002 -19"><span class='ocrx_word' id='word_1_94' title='bbox 341 2014 666 2091; x_wconf 78' lang='lat' dir='ltr'>carnibuS,</span> <span class='ocrx_word' id='word_1_95' title='bbox 729 2015 934 2095; x_wconf 88' lang='lat' dir='ltr'>pomis</span> <span class='ocrx_word' id='word_1_96' title='bbox 978 2019 1232 2077; x_wconf 81' lang='lat' dir='ltr'>tantum</span> <span class='ocrx_word' id='word_1_97' title='bbox 1283 2018 1347 2077; x_wconf 76' lang='lat' dir='ltr'>et</span> <span class='ocrx_word' id='word_1_98' title='bbox 1391 2014 1664 2077; x_wconf 89' lang='lat' dir='ltr'>nucibus</span> <span class='ocrx_word' id='word_1_99' title='bbox 1711 2016 1775 2075; x_wconf 89' lang='lat' dir='ltr'>et</span> <span class='ocrx_word' id='word_1_100' title='bbox 1820 2034 1931 2075; x_wconf 91' lang='lat' dir='ltr'>esu</span> <span class='ocrx_word' id='word_1_101' title='bbox 1986 2010 2268 2076; x_wconf 87' lang='lat' dir='ltr'>holerum</span> <span class='ocrx_word' id='word_1_102' title='bbox 2316 2032 2393 2074; x_wconf 86' lang='lat' dir='ltr'>ac</span> <span class='ocrx_word' id='word_1_103' title='bbox 2440 2010 2619 2090; x_wconf 84' lang='lat' dir='ltr'>legu-</span> 
     </span>
     <span class='ocr_line' id='line_1_17' title="bbox 338 2096 2621 2179; baseline -0.003 -16"><span class='ocrx_word' id='word_1_104' title='bbox 338 2100 586 2163; x_wconf 89' lang='lat' dir='ltr'>minum</span> <span class='ocrx_word' id='word_1_105' title='bbox 666 2099 976 2163; x_wconf 75' lang='lat' dir='ltr'>vivamus.</span> <span class='ocrx_word' id='word_1_106' title='bbox 1091 2098 1224 2161; x_wconf 85' lang='lat' dir='ltr'>Hac</span> <span class='ocrx_word' id='word_1_107' title='bbox 1289 2104 1426 2162; x_wconf 83' lang='lat' dir='ltr'>arte</span> <span class='ocrx_word' id='word_1_108' title='bbox 1495 2099 1743 2179; x_wconf 87' lang='lat' dir='ltr'>corpori</span> <span class='ocrx_word' id='word_1_109' title='bbox 1815 2098 2157 2175; x_wconf 86' lang='lat' dir='ltr'>medemur,</span> <span class='ocrx_word' id='word_1_110' title='bbox 2234 2096 2347 2159; x_wconf 86' lang='lat' dir='ltr'>sed</span> <span class='ocrx_word' id='word_1_111' title='bbox 2421 2096 2621 2159; x_wconf 88' lang='lat' dir='ltr'>animi</span> 
     </span>
     <span class='ocr_line' id='line_1_18' title="bbox 339 2179 2622 2267; baseline -0.002 -20"><span class='ocrx_word' id='word_1_112' title='bbox 339 2185 602 2249; x_wconf 85' lang='lat' dir='ltr'>morbos</span> <span class='ocrx_word' id='word_1_113' title='bbox 667 2183 938 2249; x_wconf 89' lang='lat' dir='ltr'>lectione</span> <span class='ocrx_word' id='word_1_114' title='bbox 1000 2185 1392 2267; x_wconf 78' lang='lat' dir='ltr'>depellimus,</span> <span class='ocrx_word' id='word_1_115' title='bbox 1448 2184 1639 2266; x_wconf 85' lang='lat' dir='ltr'>juxta</span> <span class='ocrx_word' id='word_1_116' title='bbox 1684 2183 1839 2247; x_wconf 89' lang='lat' dir='ltr'>illud</span> <span class='ocrx_word' id='word_1_117' title='bbox 1886 2182 2340 2249; x_wconf 86' lang='lat' dir='ltr'>Horatianum:</span> <span class='ocrx_word' id='word_1_118' title='bbox 2417 2179 2622 2261; x_wconf 87' lang='lat' dir='ltr'>„Sunt</span> 
     </span>
     <span class='ocr_line' id='line_1_19' title="bbox 337 2265 2619 2351; baseline -0.003 -17"><span class='ocrx_word' id='word_1_119' title='bbox 337 2270 538 2334; x_wconf 84' lang='lat' dir='ltr'>verba</span> <span class='ocrx_word' id='word_1_120' title='bbox 588 2274 653 2333; x_wconf 89' lang='lat' dir='ltr'>et</span> <span class='ocrx_word' id='word_1_121' title='bbox 700 2290 905 2346; x_wconf 80' lang='lat' dir='ltr'>voceS,</span> <span class='ocrx_word' id='word_1_122' title='bbox 954 2270 1188 2351; x_wconf 89' lang='lat' dir='ltr'>quibus</span> <span class='ocrx_word' id='word_1_123' title='bbox 1251 2269 1421 2333; x_wconf 90' lang='lat' dir='ltr'>hunc</span> <span class='ocrx_word' id='word_1_124' title='bbox 1484 2269 1683 2333; x_wconf 89' lang='lat' dir='ltr'>lenire</span> <span class='ocrx_word' id='word_1_125' title='bbox 1745 2269 2021 2333; x_wconf 86' lang='lat' dir='ltr'>dolorem</span> <span class='ocrx_word' id='word_1_126' title='bbox 2082 2265 2391 2331; x_wconf 74' lang='lat' dir='ltr'>PossiS.“⁵</span> <span class='ocrx_word' id='word_1_127' title='bbox 2482 2265 2619 2341; x_wconf 84' lang='lat' dir='ltr'>Quo</span> 
     </span>
     <span class='ocr_line' id='line_1_20' title="bbox 341 2351 2620 2437; baseline -0.003 -18"><span class='ocrx_word' id='word_1_128' title='bbox 341 2357 412 2419; x_wconf 89' lang='lat' dir='ltr'>in</span> <span class='ocrx_word' id='word_1_129' title='bbox 458 2356 597 2419; x_wconf 88' lang='lat' dir='ltr'>loco</span> <span class='ocrx_word' id='word_1_130' title='bbox 649 2356 1066 2437; x_wconf 82' lang='lat' dir='ltr'>intelligimus</span> <span class='ocrx_word' id='word_1_131' title='bbox 1111 2356 1371 2418; x_wconf 84' lang='lat' dir='ltr'>morbos</span> <span class='ocrx_word' id='word_1_132' title='bbox 1417 2356 1616 2418; x_wconf 83' lang='lat' dir='ltr'>animi</span> <span class='ocrx_word' id='word_1_133' title='bbox 1660 2356 2007 2418; x_wconf 89' lang='lat' dir='ltr'>secundum</span> <span class='ocrx_word' id='word_1_134' title='bbox 2056 2352 2327 2417; x_wconf 86' lang='lat' dir='ltr'>Stoicos.</span> <span class='ocrx_word' id='word_1_135' title='bbox 2416 2351 2620 2433; x_wconf 63' lang='lat' dir='ltr'>[aegas</span> 
     </span>
     <span class='ocr_line' id='line_1_21' title="bbox 352 2440 2622 2524; baseline -0.002 -20"><span class='ocrx_word' id='word_1_136' title='bbox 352 2442 554 2524; x_wconf 86' lang='lat' dir='ltr'>igitur</span> <span class='ocrx_word' id='word_1_137' title='bbox 599 2440 802 2505; x_wconf 88' lang='lat' dir='ltr'>bonos</span> <span class='ocrx_word' id='word_1_138' title='bbox 847 2441 1188 2524; x_wconf 78' lang='lat' dir='ltr'>scriptores</span> <span class='ocrx_word' id='word_1_139' title='bbox 1233 2446 1298 2505; x_wconf 90' lang='lat' dir='ltr'>et</span> <span class='ocrx_word' id='word_1_140' title='bbox 1343 2440 1562 2504; x_wconf 87' lang='lat' dir='ltr'>stilum</span> <span class='ocrx_word' id='word_1_141' title='bbox 1611 2463 1851 2518; x_wconf 84' lang='lat' dir='ltr'>exerce,</span> <span class='ocrx_word' id='word_1_142' title='bbox 1898 2444 1969 2504; x_wconf 84' lang='lat' dir='ltr'>ut</span> <span class='ocrx_word' id='word_1_143' title='bbox 2015 2441 2097 2504; x_wconf 81' lang='lat' dir='ltr'>sit</span> <span class='ocrx_word' id='word_1_144' title='bbox 2144 2461 2323 2502; x_wconf 88' lang='lat' dir='ltr'>mens</span> <span class='ocrx_word' id='word_1_145' title='bbox 2368 2459 2526 2500; x_wconf 83' lang='lat' dir='ltr'>sana</span> <span class='ocrx_word' id='word_1_146' title='bbox 2558 2441 2622 2500; x_wconf 90' lang='lat' dir='ltr'>et</span> 
     </span>
     <span class='ocr_line' id='line_1_22' title="bbox 342 2522 2619 2609; baseline -0.002 -19"><span class='ocrx_word' id='word_1_147' title='bbox 342 2533 422 2590; x_wconf 89' lang='lat' dir='ltr'>ut</span> <span class='ocrx_word' id='word_1_148' title='bbox 469 2527 684 2590; x_wconf 86' lang='lat' dir='ltr'>valeas</span> <span class='ocrx_word' id='word_1_149' title='bbox 731 2527 901 2589; x_wconf 86' lang='lat' dir='ltr'>intra</span> <span class='ocrx_word' id='word_1_150' title='bbox 945 2547 1072 2590; x_wconf 91' lang='lat' dir='ltr'>non</span> <span class='ocrx_word' id='word_1_151' title='bbox 1121 2526 1338 2590; x_wconf 82' lang='lat' dir='ltr'>hortos</span> <span class='ocrx_word' id='word_1_152' title='bbox 1383 2527 1644 2609; x_wconf 87' lang='lat' dir='ltr'>Epicuri</span> <span class='ocrx_word' id='word_1_153' title='bbox 1686 2527 1799 2590; x_wconf 83' lang='lat' dir='ltr'>sed</span> <span class='ocrx_word' id='word_1_154' title='bbox 1844 2525 2143 2607; x_wconf 87' lang='lat' dir='ltr'>Syrorum</span> <span class='ocrx_word' id='word_1_155' title='bbox 2186 2526 2227 2587; x_wconf 89' lang='lat' dir='ltr'>i.</span> <span class='ocrx_word' id='word_1_156' title='bbox 2264 2547 2314 2586; x_wconf 92' lang='lat' dir='ltr'>e.</span> <span class='ocrx_word' id='word_1_157' title='bbox 2353 2522 2619 2586; x_wconf 83' lang='lat' dir='ltr'>Christi-</span> 
     </span>
     <span class='ocr_line' id='line_1_23' title="bbox 343 2609 2617 2692; baseline -0.002 -16"><span class='ocrx_word' id='word_1_158' title='bbox 343 2635 639 2677; x_wconf 82' lang='lat' dir='ltr'>anorum.</span> <span class='ocrx_word' id='word_1_159' title='bbox 733 2611 978 2675; x_wconf 85' lang='lat' dir='ltr'>Judaea</span> <span class='ocrx_word' id='word_1_160' title='bbox 1043 2612 1212 2674; x_wconf 90' lang='lat' dir='ltr'>enim</span> <span class='ocrx_word' id='word_1_161' title='bbox 1277 2611 1496 2692; x_wconf 84' lang='lat' dir='ltr'>Syriae</span> <span class='ocrx_word' id='word_1_162' title='bbox 1560 2611 1771 2692; x_wconf 89' lang='lat' dir='ltr'>portio</span> <span class='ocrx_word' id='word_1_163' title='bbox 1810 2616 1915 2674; x_wconf 65' lang='lat' dir='ltr'>vest</span> <span class='ocrx_word' id='word_1_164' title='bbox 1960 2616 2023 2674; x_wconf 88' lang='lat' dir='ltr'>et</span> <span class='ocrx_word' id='word_1_165' title='bbox 2068 2609 2293 2673; x_wconf 86' lang='lat' dir='ltr'>Graeci</span> <span class='ocrx_word' id='word_1_166' title='bbox 2363 2609 2617 2674; x_wconf 89' lang='lat' dir='ltr'>dicunt:</span> 
     </span>
     <span class='ocr_line' id='line_1_24' title="bbox 341 2693 2619 2845; baseline -0.002 -84"><span class='ocrx_word' id='word_1_167' title='bbox 341 2698 581 2845; x_wconf 79' lang='lat' dir='ltr'>MultaV</span> <span class='ocrx_word' id='word_1_168' title='bbox 621 2695 926 2779; x_wconf 85' lang='lat' dir='ltr'>Syrorum</span> <span class='ocrx_word' id='word_1_169' title='bbox 991 2696 1226 2760; x_wconf 85' lang='lat' dir='ltr'>holera.</span> <span class='ocrx_word' id='word_1_170' title='bbox 1318 2697 1553 2760; x_wconf 85' lang='lat' dir='ltr'>Datum</span> <span class='ocrx_word' id='word_1_171' title='bbox 1622 2695 1873 2760; x_wconf 87' lang='lat' dir='ltr'>Gethae</span> <span class='ocrx_word' id='word_1_172' title='bbox 1936 2697 2037 2760; x_wconf 88' lang='lat' dir='ltr'>die</span> <span class='ocrx_word' id='word_1_173' title='bbox 2104 2696 2278 2758; x_wconf 87' lang='lat' dir='ltr'>Petri</span> <span class='ocrx_word' id='word_1_174' title='bbox 2345 2693 2619 2756; x_wconf 81' lang='lat' dir='ltr'>Hebraei</span> 
     </span>
    </p>

    <p class='ocr_par' dir='ltr' id='par_1_8' title="bbox 659 2880 1111 2936">
     <span class='ocr_line' id='line_1_25' title="bbox 659 2880 1111 2936; baseline -0.007 0"><span class='ocrx_word' id='word_1_175' title='bbox 659 2881 784 2936; x_wconf 86' lang='lat' dir='ltr'>Cod.</span> <span class='ocrx_word' id='word_1_176' title='bbox 822 2880 956 2936; x_wconf 81' lang='lat' dir='ltr'>Frcf.</span> <span class='ocrx_word' id='word_1_177' title='bbox 993 2880 1111 2934; x_wconf 86' lang='lat'>439.</span> 
     </span>
    </p>
   </div>
   <div class='ocr_carea' id='block_1_8' title="bbox 342 3053 2619 3140">
    <p class='ocr_par' dir='ltr' id='par_1_9' title="bbox 342 3053 2619 3140">
     <span class='ocr_line' id='line_1_26' title="bbox 342 3053 2619 3140; baseline -0.002 -17"><span class='ocrx_word' id='word_1_178' title='bbox 342 3068 586 3140; x_wconf 78' lang='lat' dir='ltr'>(Gotha.)</span> <span class='ocrx_word' id='word_1_179' title='bbox 1406 3053 1553 3117; x_wconf 85' lang='lat'>454.</span> <span class='ocrx_word' id='word_1_180' title='bbox 2156 3065 2239 3120; x_wconf 85' lang='lat'>23.</span> <span class='ocrx_word' id='word_1_181' title='bbox 2276 3063 2429 3120; x_wconf 84' lang='lat' dir='ltr'>Febr.</span> <span class='ocrx_word' id='word_1_182' title='bbox 2469 3066 2619 3120; x_wconf 87' lang='lat'>1515.</span> 
     </span>
    </p>
   </div>
   <div class='ocr_carea' id='block_1_9' title="bbox 947 3175 2021 3483">
    <p class='ocr_par' dir='ltr' id='par_1_10' title="bbox 947 3175 2021 3483">
     <span class='ocr_line' id='line_1_27' title="bbox 1037 3175 1937 3264; baseline -0.003 -15"><span class='ocrx_word' id='word_1_183' title='bbox 1037 3177 1357 3249; x_wconf 79' lang='lat' dir='ltr'>Vulcan⁶</span> <span class='ocrx_word' id='word_1_184' title='bbox 1400 3199 1500 3248; x_wconf 89' lang='lat' dir='ltr'>an</span> <span class='ocrx_word' id='word_1_185' title='bbox 1545 3175 1937 3264; x_wconf 84' lang='lat' dir='ltr'>Nepotian.</span> 
     </span>
     <span class='ocr_line' id='line_1_28' title="bbox 947 3305 2021 3375; baseline -0.003 -16"><span class='ocrx_word' id='word_1_186' title='bbox 947 3306 1364 3375; x_wconf 73' lang='lat' dir='ltr'>(Aufforderunq</span> <span class='ocrx_word' id='word_1_187' title='bbox 1397 3323 1502 3360; x_wconf 66' lang='lat' dir='ltr'>zur</span> <span class='ocrx_word' id='word_1_188' title='bbox 1536 3307 1741 3360; x_wconf 75' lang='lat' dir='ltr'>rechten</span> <span class='ocrx_word' id='word_1_189' title='bbox 1773 3305 2021 3370; x_wconf 69' lang='lat' dir='ltr'>Beichte.)</span> 
     </span>
     <span class='ocr_line' id='line_1_29' title="bbox 968 3420 2001 3483; baseline -0.003 -11"><span class='ocrx_word' id='word_1_190' title='bbox 968 3420 1034 3471; x_wconf 78' lang='lat' dir='ltr'>N</span> <span class='ocrx_word' id='word_1_191' title='bbox 1038 3421 1329 3483; x_wconf 72' lang='lat' dir='ltr'>spetiano</span> <span class='ocrx_word' id='word_1_192' title='bbox 1375 3421 1703 3472; x_wconf 80' lang='lat' dir='ltr'>Vulcanus</span> <span class='ocrx_word' id='word_1_193' title='bbox 1737 3420 2001 3470; x_wconf 79' lang='lat' dir='ltr'>Drusus.</span> 
     </span>
    </p>
   </div>
   <div class='ocr_carea' id='block_1_10' title="bbox 351 3523 2619 3954">
    <p class='ocr_par' dir='ltr' id='par_1_11' title="bbox 351 3523 2619 3954">
     <span class='ocr_line' id='line_1_30' title="bbox 559 3523 2617 3614; baseline -0.005 -19"><span class='ocrx_word' id='word_1_194' title='bbox 559 3529 624 3595; x_wconf 87' lang='lat' dir='ltr'>S.</span> <span class='ocrx_word' id='word_1_195' title='bbox 716 3531 1078 3614; x_wconf 85' lang='lat' dir='ltr'>Purgantur</span> <span class='ocrx_word' id='word_1_196' title='bbox 1123 3529 1314 3595; x_wconf 89' lang='lat' dir='ltr'>hodie</span> <span class='ocrx_word' id='word_1_197' title='bbox 1359 3532 1533 3594; x_wconf 90' lang='lat' dir='ltr'>omni</span> <span class='ocrx_word' id='word_1_198' title='bbox 1596 3530 1949 3594; x_wconf 85' lang='lat' dir='ltr'>facinorum</span> <span class='ocrx_word' id='word_1_199' title='bbox 2011 3549 2239 3608; x_wconf 83' lang='lat' dir='ltr'>genere</span> <span class='ocrx_word' id='word_1_200' title='bbox 2306 3523 2617 3587; x_wconf 84' lang='lat' dir='ltr'>contami-</span> 
     </span>
     <span class='ocr_line' id='line_1_31' title="bbox 355 3609 2619 3699; baseline -0.003 -20"><span class='ocrx_word' id='word_1_201' title='bbox 355 3617 494 3679; x_wconf 82' lang='lat' dir='ltr'>nati</span> <span class='ocrx_word' id='word_1_202' title='bbox 572 3617 937 3699; x_wconf 87' lang='lat' dir='ltr'>passimque</span> <span class='ocrx_word' id='word_1_203' title='bbox 1011 3618 1140 3681; x_wconf 87' lang='lat' dir='ltr'>itur</span> <span class='ocrx_word' id='word_1_204' title='bbox 1215 3618 1293 3679; x_wconf 84' lang='lat' dir='ltr'>ad</span> <span class='ocrx_word' id='word_1_205' title='bbox 1371 3639 1557 3680; x_wconf 86' lang='lat' dir='ltr'>aures</span> <span class='ocrx_word' id='word_1_206' title='bbox 1632 3615 2000 3679; x_wconf 88' lang='lat' dir='ltr'>sacerdotis.</span> <span class='ocrx_word' id='word_1_207' title='bbox 2113 3613 2347 3674; x_wconf 89' lang='lat' dir='ltr'>Demus</span> <span class='ocrx_word' id='word_1_208' title='bbox 2421 3609 2619 3690; x_wconf 85' lang='lat' dir='ltr'>igitur</span> 
     </span>
     <span class='ocr_line' id='line_1_32' title="bbox 351 3694 2619 3784; baseline -0.003 -22"><span class='ocrx_word' id='word_1_209' title='bbox 351 3723 628 3784; x_wconf 86' lang='lat' dir='ltr'>operam,</span> <span class='ocrx_word' id='word_1_210' title='bbox 674 3701 1051 3784; x_wconf 84' lang='lat' dir='ltr'>Nepotiane,</span> <span class='ocrx_word' id='word_1_211' title='bbox 1098 3706 1174 3765; x_wconf 90' lang='lat' dir='ltr'>ut</span> <span class='ocrx_word' id='word_1_212' title='bbox 1219 3703 1508 3765; x_wconf 83' lang='lat' dir='ltr'>ultronea</span> <span class='ocrx_word' id='word_1_213' title='bbox 1572 3701 1968 3764; x_wconf 86' lang='lat' dir='ltr'>confessione</span> <span class='ocrx_word' id='word_1_214' title='bbox 2037 3699 2353 3763; x_wconf 89' lang='lat' dir='ltr'>diluamus</span> <span class='ocrx_word' id='word_1_215' title='bbox 2422 3694 2619 3758; x_wconf 85' lang='lat' dir='ltr'>animi</span> 
     </span>
     <span class='ocr_line' id='line_1_33' title="bbox 354 3780 2616 3867; baseline -0.003 -19"><span class='ocrx_word' id='word_1_216' title='bbox 354 3787 592 3866; x_wconf 78' lang='lat' dir='ltr'>sordeS‚</span> <span class='ocrx_word' id='word_1_217' title='bbox 661 3799 736 3852; x_wconf 92' lang='lat' dir='ltr'>ut</span> <span class='ocrx_word' id='word_1_218' title='bbox 805 3787 1153 3852; x_wconf 85' lang='lat' dir='ltr'>defaecatis</span> <span class='ocrx_word' id='word_1_219' title='bbox 1220 3787 1502 3851; x_wconf 85' lang='lat' dir='ltr'>moribus</span> <span class='ocrx_word' id='word_1_220' title='bbox 1572 3786 1903 3867; x_wconf 87' lang='lat' dir='ltr'>spirituale</span> <span class='ocrx_word' id='word_1_221' title='bbox 1977 3805 2204 3866; x_wconf 87' lang='lat' dir='ltr'>corpus</span> <span class='ocrx_word' id='word_1_222' title='bbox 2271 3780 2350 3844; x_wconf 86' lang='lat' dir='ltr'>ad</span> <span class='ocrx_word' id='word_1_223' title='bbox 2420 3781 2616 3844; x_wconf 86' lang='lat' dir='ltr'>vitam</span> 
     </span>
     <span class='ocr_line' id='line_1_34' title="bbox 351 3870 2008 3954; baseline -0.002 -20"><span class='ocrx_word' id='word_1_224' title='bbox 351 3877 662 3954; x_wconf 85' lang='lat' dir='ltr'>resurgat.</span> <span class='ocrx_word' id='word_1_225' title='bbox 755 3873 920 3936; x_wconf 85' lang='lat' dir='ltr'>Vale.</span> <span class='ocrx_word' id='word_1_226' title='bbox 1013 3872 1280 3936; x_wconf 85' lang='lat' dir='ltr'>Circiter</span> <span class='ocrx_word' id='word_1_227' title='bbox 1325 3871 1711 3935; x_wconf 88' lang='lat' dir='ltr'>Terminalia</span> <span class='ocrx_word' id='word_1_228' title='bbox 1754 3870 2008 3934; x_wconf 86' lang='lat' dir='ltr'>MDXV.</span> 
     </span>
    </p>
   </div>
   <div class='ocr_carea' id='block_1_11' title="bbox 668 3971 1116 4026">
    <p class='ocr_par' dir='ltr' id='par_1_12' title="bbox 668 3971 1116 4026">
     <span class='ocr_line' id='line_1_35' title="bbox 668 3971 1116 4026; baseline 0.007 -3"><span class='ocrx_word' id='word_1_229' title='bbox 668 3971 790 4024; x_wconf 86' lang='lat' dir='ltr'>Cod.</span> <span class='ocrx_word' id='word_1_230' title='bbox 827 3971 962 4026; x_wconf 87' lang='lat' dir='ltr'>Frcf.</span> <span class='ocrx_word' id='word_1_231' title='bbox 998 3971 1116 4026; x_wconf 86' lang='lat'>440.</span> 
     </span>
    </p>
   </div>
   <div class='ocr_carea' id='block_1_12' title="bbox 355 4119 734 4128">
    <p class='ocr_par' dir='ltr' id='par_1_13' title="bbox 355 4119 734 4128">
     <span class='ocr_line' id='line_1_36' title="bbox 355 4119 734 4128; baseline 0 767"><span class='ocrx_word' id='word_1_232' title='bbox 355 4119 734 4128; x_wconf 95' lang='lat' dir='ltr'> </span> 
     </span>
    </p>
   </div>
   <div class='ocr_carea' id='block_1_13' title="bbox 353 4203 2618 4480">
    <p class='ocr_par' dir='ltr' id='par_1_14' title="bbox 353 4203 2618 4480">
     <span class='ocr_line' id='line_1_37' title="bbox 500 4203 2530 4275; baseline -0.003 -15"><span class='ocrx_word' id='word_1_233' title='bbox 500 4208 514 4238; x_wconf 85' lang='lat'>¹</span> <span class='ocrx_word' id='word_1_234' title='bbox 551 4206 602 4260; x_wconf 85' lang='lat' dir='ltr'>S.</span> <span class='ocrx_word' id='word_1_235' title='bbox 640 4209 743 4261; x_wconf 86' lang='lat'>513</span> <span class='ocrx_word' id='word_1_236' title='bbox 779 4209 839 4262; x_wconf 83' lang='lat' dir='ltr'>A.</span> <span class='ocrx_word' id='word_1_237' title='bbox 878 4209 926 4262; x_wconf 89' lang='lat'>4.</span> <span class='ocrx_word' id='word_1_238' title='bbox 1071 4210 1091 4241; x_wconf 71' lang='lat'>⁵¹</span> <span class='ocrx_word' id='word_1_239' title='bbox 1126 4208 1278 4275; x_wconf 82' lang='lat' dir='ltr'>Bapt.</span> <span class='ocrx_word' id='word_1_240' title='bbox 1317 4208 1586 4260; x_wconf 83' lang='lat' dir='ltr'>Mantuan.</span> <span class='ocrx_word' id='word_1_241' title='bbox 1624 4206 1797 4273; x_wconf 87' lang='lat' dir='ltr'>Epigr.</span> <span class='ocrx_word' id='word_1_242' title='bbox 1836 4205 1904 4257; x_wconf 86' lang='lat' dir='ltr'>ad</span> <span class='ocrx_word' id='word_1_243' title='bbox 1939 4205 2146 4258; x_wconf 81' lang='lat' dir='ltr'>Falcon.</span> <span class='ocrx_word' id='word_1_244' title='bbox 2197 4203 2325 4270; x_wconf 87' lang='lat' dir='ltr'>Opp.</span> <span class='ocrx_word' id='word_1_245' title='bbox 2365 4203 2459 4256; x_wconf 90' lang='lat'>101</span> <span class='ocrx_word' id='word_1_246' title='bbox 2486 4217 2530 4254; x_wconf 82' lang='lat' dir='ltr'>a.</span> 
     </span>
     <span class='ocr_line' id='line_1_38' title="bbox 429 4269 2615 4335; baseline -0.004 -7"><span class='ocrx_word' id='word_1_247' title='bbox 429 4275 450 4305; x_wconf 80' lang='lat'>³</span> <span class='ocrx_word' id='word_1_248' title='bbox 482 4274 593 4328; x_wconf 88' lang='lat' dir='ltr'>Seit</span> <span class='ocrx_word' id='word_1_249' title='bbox 645 4274 835 4330; x_wconf 86' lang='lat' dir='ltr'>Ostem</span> <span class='ocrx_word' id='word_1_250' title='bbox 886 4277 1020 4330; x_wconf 83' lang='lat'>1514</span> <span class='ocrx_word' id='word_1_251' title='bbox 1068 4277 1123 4329; x_wconf 92' lang='lat' dir='ltr'>in</span> <span class='ocrx_word' id='word_1_252' title='bbox 1173 4276 1408 4330; x_wconf 85' lang='lat' dir='ltr'>Breslau.</span> <span class='ocrx_word' id='word_1_253' title='bbox 1479 4276 1568 4330; x_wconf 88' lang='lat' dir='ltr'>Br.</span> <span class='ocrx_word' id='word_1_254' title='bbox 1607 4276 1724 4328; x_wconf 88' lang='grc'><strong>335.</strong></span> <span class='ocrx_word' id='word_1_255' title='bbox 1866 4275 1887 4306; x_wconf 73' lang='lat'>⁴</span> <span class='ocrx_word' id='word_1_256' title='bbox 1920 4273 2007 4326; x_wconf 91' lang='lat' dir='ltr'>Br.</span> <span class='ocrx_word' id='word_1_257' title='bbox 2045 4271 2161 4327; x_wconf 84' lang='lat'>338.</span> <span class='ocrx_word' id='word_1_258' title='bbox 2304 4274 2325 4303; x_wconf 63' lang='grc' dir='ltr'>ὃ</span> <span class='ocrx_word' id='word_1_259' title='bbox 2361 4271 2485 4322; x_wconf 86' lang='lat' dir='ltr'>Hor.</span> <span class='ocrx_word' id='word_1_260' title='bbox 2522 4269 2615 4335; x_wconf 87' lang='lat' dir='ltr'>Ep.</span> 
     </span>
     <span class='ocr_line' id='line_1_39' title="bbox 353 4338 2618 4412; baseline -0.004 -17"><span class='ocrx_word' id='word_1_261' title='bbox 353 4342 398 4405; x_wconf 85' lang='grc' dir='ltr'>Ι,</span> <span class='ocrx_word' id='word_1_262' title='bbox 439 4344 486 4405; x_wconf 73' lang='grc'><strong>1,</strong></span> <span class='ocrx_word' id='word_1_263' title='bbox 523 4345 591 4397; x_wconf 83' lang='grc'>34</span> <span class='ocrx_word' id='word_1_264' title='bbox 625 4359 701 4412; x_wconf 88' lang='lat' dir='ltr'>sq.</span> <span class='ocrx_word' id='word_1_265' title='bbox 843 4346 866 4377; x_wconf 82' lang='lat'>⁶</span> <span class='ocrx_word' id='word_1_266' title='bbox 901 4343 951 4397; x_wconf 86' lang='lat' dir='ltr'>S.</span> <span class='ocrx_word' id='word_1_267' title='bbox 988 4346 1087 4398; x_wconf 82' lang='lat'>491</span> <span class='ocrx_word' id='word_1_268' title='bbox 1129 4347 1190 4398; x_wconf 84' lang='lat' dir='ltr'>A.</span> <span class='ocrx_word' id='word_1_269' title='bbox 1231 4346 1278 4399; x_wconf 81' lang='lat'>2.</span> <span class='ocrx_word' id='word_1_270' title='bbox 1348 4345 1457 4397; x_wconf 88' lang='lat' dir='ltr'>Der</span> <span class='ocrx_word' id='word_1_271' title='bbox 1503 4344 1591 4396; x_wconf 73' lang='grc' dir='ltr'><strong>ΒΥ.</strong></span> <span class='ocrx_word' id='word_1_272' title='bbox 1641 4343 1797 4411; x_wconf 86' lang='lat' dir='ltr'>gieng</span> <span class='ocrx_word' id='word_1_273' title='bbox 1844 4341 1943 4394; x_wconf 86' lang='lat' dir='ltr'>mit</span> <span class='ocrx_word' id='word_1_274' title='bbox 1990 4343 2113 4394; x_wconf 89' lang='lat' dir='ltr'>dem</span> <span class='ocrx_word' id='word_1_275' title='bbox 2160 4340 2371 4407; x_wconf 80' lang='lat' dir='ltr'>vorigen</span> <span class='ocrx_word' id='word_1_276' title='bbox 2408 4355 2458 4392; x_wconf 92' lang='lat' dir='ltr'>u.</span> <span class='ocrx_word' id='word_1_277' title='bbox 2496 4338 2618 4389; x_wconf 89' lang='lat' dir='ltr'>dem</span> 
     </span>
     <span class='ocr_line' id='line_1_40' title="bbox 357 4410 874 4480; baseline 0.004 -16"><span class='ocrx_word' id='word_1_278' title='bbox 357 4410 478 4479; x_wconf 84' lang='lat' dir='ltr'>folg.</span> <span class='ocrx_word' id='word_1_279' title='bbox 517 4412 759 4480; x_wconf 86' lang='lat' dir='ltr'>zugleich</span> <span class='ocrx_word' id='word_1_280' title='bbox 795 4413 874 4466; x_wconf 86' lang='lat' dir='ltr'>ab.</span> 
     </span>
    </p>
   </div>
  </div>
 </body>
</html>
