3084 4895
463 434 588 499 588
1299 433 1474 487 Briefe
1511 432 1603 486 des
1640 433 1688 489 J.·
1729 432 1876 487 1515.

467 606 881 689 exspectatio,
915 627 1105 686 quam
1153 607 1226 668 ut
1257 606 1516 686 segnius
1564 604 1819 668 tolerari
1870 608 2090 686 possit.
2165 605 2380 681 Effice,
2414 610 2491 670 ut
2520 608 2734 684 sciam,

471 692 623 774 quid
672 693 756 755 sit
801 695 1036 755 actum.
1131 690 1300 753 Bene
1364 710 1629 765 mecum,
1692 691 1745 753 si
1804 694 2017 755 tecum
2080 696 2290 755 actum
2340 694 2477 757 erit.
2569 692 2732 756 Vale.

473 778 590 841 Die
633 776 816 841 Jovis
866 782 1009 857 post
1054 776 1338 857 Dionysii
1387 798 1585 839 sacra.
1675 774 1927 840 MDXV.

778 876 900 931 eod.
939 876 1075 931 Frof.
1111 876 1229 930 519.

467 1031 699 1101 (Gotha.)
1522 1008 1672 1079 525.
2312 1031 2392 1085 25.
2430 1030 2547 1086 Oct.
2588 1032 2735 1086 1515.

1218 1139 1512 1211 Mutian
1556 1160 1657 1210 an
1699 1138 1981 1210 Urban.

469 1270 626 1337 (Man
679 1269 974 1336 bexweifelt,
1021 1268 1150 1321 dass
1198 1269 1290 1322 der
1337 1269 1664 1336 Erzbisohof
1696 1270 1837 1323 nach.
1871 1269 2067 1337 Erfurt
2100 1272 2343 1324 lcommm
2374 1272 2553 1324 werde.
2624 1270 2737 1323 Das

479 1338 729 1405 Gesohdft
762 1338 866 1390 mit
899 1338 996 1390 dem
1035 1336 1408 1391 Karthc‘iusern
1436 1338 1731 1475 yllffauvsseng'
1769 1355 1887 1391 nun
1911 1338 2312 1407 abyssoklossen.
2378 1338 2512 1393 Will
2532 1340 2739 1394 Bacher

520 1521 961 1574 cordatissime
997 1521 1273 1580 Urbano,
1311 1522 1506 1581 equiti
1542 1521 1841 1584 longioris
1876 1522 2096 1581 viduli,
2132 1515 2330 1574 am'ioo
2364 1523 2684 1575 rarissimo

1403 1602 1514 1673 (M.
1550 1604 1797 1674 Rufus).

674 1716 738 1781 S.
831 1716 988 1779 Mire
1033 1718 1198 1781 inter
1243 1716 1533 1781 homines
1581 1713 1810 1799 agitur.
1902 1718 2102 1782 Nemo
2160 1720 2264 1783 hic
2326 1720 2547 1795 credit,
2612 1719 2736 1783 imo

472 1804 688 1886 potius
735 1804 1012 1867 universi
1059 1807 1411 1885 pernegant
1455 1804 1821 1887 episcopum
1870 1826 2007 1868 esse
2056 1806 2439 1869 veniurum.¹
2540 1806 2738 1870 Aliter

471 1891 671 1954 sentit
719 1886 1110 1954 ’Mercurius’
1159 1895 1224 1951 et
1277 1888 1434 1952 mihi
1501 1889 1691 1973 plane
1756 1891 2116 1973 persuadet.
2208 1891 2551 1974 Reliquum
2622 1895 2736 1967 est,

470 1982 542 2040 ut
587 1977 748 2041 deus
789 1980 1081 2039 eventum
1130 1996 1502 2056 prosperum
1552 1980 1615 2039 et
1660 1977 1781 2039 tibi
1827 1981 1892 2039 et
1936 1977 2153 2040 domui
2197 1981 2347 2041 tuae
2413 1980 2737 2060 praes-fare

471 2063 786 2143 dignetur.
876 2060 1044 2124 Vale.
1137 2060 1477 2143 Negotium
1546 2060 2059 2126 Carthusinum⁸
2120 2063 2485 2143 expeditum
2553 2060 2737 2127 reor.³

471 2148 567 2212 Ad
634 2147 997 2211 Martinalia
1072 2148 1321 2210 mittam
1402 2147 1765 2211 Adamum.⁴
1876 2148 2127 2212 Interea
2189 2152 2302 2211 fua
2368 2150 2737 2213 humanitas

469 2234 658 2298 rebus
721 2233 896 2305 meis,
944 2238 1017 2295 ut
1062 2232 1242 2310 solet,
1309 2232 1585 2315 benigne
1646 2234 1955 2299 consulat.
2056 2234 2211 2298 Nam
2272 2256 2524 2299 summa
2590 2257 2737 2299 cura

467 2320 663 2385 libros
710 2319 1068 2401 perquiram
1111 2321 1177 2381 et
1220 2340 1446 2395 emam,
1494 2320 1747 2383 etiamsi
1793 2319 1946 2387 mihi
1982 2320 2066 2383 sit
2099 2320 2395 2384 eundum.
2477 2320 2737 2403 Semper

396 2456 403 2462 .
473 2406 701 2471 dolebo
747 2404 950 2469 bonos
997 2409 1094 2468 tot
1142 2404 1278 2468 dies
1323 2406 1460 2468 sine
1505 2405 1698 2469 bonis
1755 2405 1935 2470 libris
1988 2406 2409 2489 praeteriisse.
2502 2407 2732 2471 Iterum

467 2493 625 2568 vale,
673 2493 978 2573 magister
1022 2491 1328 2573 equitum.
1422 2490 1674 2554 MDXV.
1725 2491 1849 2556 vll.
1902 2490 2033 2556 Cal.
2066 2493 2095 2540 ¹?
2140 2492 2297 2557 Nov.

776 2592 899 2648 Ood.
941 2591 1070 2646 Frof.
1112 2591 1230 2645 521.

470 2706 702 2816 (Gonia.)
1525 2731 1671 2795 526.
2243 2747 2322 2798 11.
2359 2746 2498 2804 nov.
2540 2748 2731 2816 (1515).

1219 2857 1513 2929 Mutian
1558 2877 1657 2928 an
1702 2857 1983 2929 Urban.

468 2987 714 3066 (Sphenlct
765 2986 922 3040 einen
973 2985 1170 3040 Hasen.
1253 2987 1367 3040 ch
1417 2987 1510 3040 der
1564 2987 1811 3052 Anhunft
1856 2988 1945 3040 des
1992 2985 2363 3076 meh-oses
2409 2986 2588 3040 niokts
2643 2987 2735 3040 Ge-

467 3073 662 3109 wzsses,
735 3055 871 3108 Man
921 3055 1068 3110 kann
1113 3072 1224 3108 mor
1277 3055 1438 3109 Gutes
1488 3073 1591 3108 von
1625 3056 1867 3110 Albrecht
1919 3061 2189 3109 marten.
2260 3055 2401 3108 bum
2458 3055 2589 3108 Tode
2640 3071 2737 3108 von

607 3123 870 3176 Harbords
904 3124 1486 3178 versckwenderisohem
1536 3124 1695 3178 Vater
1728 3125 1842 3178 wilc
1875 3124 1951 3177 M.
1988 3124 2109 3178 hein
2142 3123 2353 3177 Beileid
2382 3125 2613 3190 senden.)

575 3240 656 3290 Η.
692 3240 951 3291 'Urbano
988 3239 1096 3290 lib.
1133 3240 1363 3306 artium
1396 3239 1754 3300 professori,
1789 3252 2121 3290 oeconomo
2156 3251 2402 3302 magno,
2438 3239 2638 3289 amieo

1264 3327 1501 3386 optimo
1538 3322 1649 3393 (M.
1686 3321 1933 3392 Rufus).

636 3511 638 3516 ,
677 3435 739 3500 S.
828 3435 1130 3520 Leporem
1183 3437 1490 3500 Adamus⁵
1539 3437 1883 3514 excoriare,
1931 3441 2005 3500 ut
2034 3441 2133 3503 est
2164 3437 2421 3520 ineptus
2454 3442 2519 3500 et
2548 3439 2733 3514 inere,

473 3542 597 3584 non
645 3522 858 3605 potuit
903 3529 1097 3604 atque
1147 3522 1288 3586 ideo
1336 3522 1458 3586 tibi
1515 3523 1665 3586 dare
1727 3545 1918 3606 quam
1980 3522 2151 3587 domi
2214 3544 2429 3586 assare
2488 3522 2735 3591 maluit.

470 3607 614 3670 Non
689 3607 885 3688 igitur
953 3607 1108 3671 mihi
1175 3608 1447 3688 gratiam
1519 3608 1738 3685 debeS,
1797 3608 1924 3671 imo
1994 3631 2071 3671 ne
2139 3609 2383 3672 Adamo
2460 3608 2735 3690 quidem,

468 3694 730 3774 quando
776 3715 928 3756 suae
992 3693 1206 3776 potius
1268 3693 1595 3758 socordiae
1652 3715 1843 3775 quam
1906 3697 2056 3758 tuae
2119 3714 2391 3758 mensae·
2442 3693 2734 3758 consulit.

472 3779 564 3840 De
588 3778 868 3842 adventu
904 3781 1119 3862 magni
1154 3779 1355 3862 patris
1386 3780 1669 3843 incertus
1702 3785 1801 3842 est
1830 3777 2094 3842 rumor.⁶
2167 3780 2440 3844 Exsules
2473 3777 2734 3843 Joanni⁷

476 3864 690 3928 favent
737 3868 800 3927 et
846 3864 1030 3928 deum
1078 3865 1352 3928 alienum
1401 3865 1691 3929 adorant.
1776 3864 1901 3928 Sed
1950 3865 2069 3928 hoc
2115 3865 2275 3928 nihil
2320 3865 2399 3928 ad
2446 3887 2566 3929 me.
2644 3864 2736 3927 Ad

473 3954 540 4013 te
585 3949 858 4013 fortasse
897 3951 1244 4032 pe1·†inebit
1275 3951 1623 4032 providere,
1656 3973 1735 4014 ne
1766 3973 1865 4014 res
1897 3949 2257 4032 Georgiana
2290 3951 2733 4013 detrimentum

607 4100 634 4128 a
665 4083 1073 4138 Carthasianum
1113 4085 1262 4138 Tenx.
1403 4089 1432 4128 b
1459 4089 1508 4140 5.
1548 4085 1643 4140 eal.
1686 4085 1836 4138 Temo.
2546 4100 2557 4108 ·

619 4157 632 4186 ¹
670 4151 917 4221 Vg1.'Br.
957 4155 1072 4207 515.
1217 4156 1236 4186 ²
1272 4152 1324 4205 S.
1361 4155 1460 4208 507
1499 4156 1561 4208 A.
1604 4156 1647 4206 1.
1791 4155 1811 4185 ³
1845 4153 1953 4207 Der
1997 4153 2252 4207 Weinber
2286 4153 2545 4207 sverkauf.
2618 4153 2733 4205 Vor.

470 4223 556 4276 Br.
700 4223 718 4254 ⁴
755 4221 805 4275 S.
843 4222 944 4276 407
984 4225 1044 4276 A.
1085 4222 1136 4274 2.
1277 4224 1298 4254 ⁵
1335 4225 1488 4274 Anm.
1531 4224 1581 4278 4.
1653 4223 1761 4276 Der
1794 4222 1939 4276 Hase
1976 4223 2031 4274 in
2064 4222 2153 4276 Br.
2192 4225 2255 4276 51
2299 4265 2309 4276 .
2376 4273 2381 4278 ,
2416 4223 2439 4254 ⁶
2474 4221 2593 4289 Vgl.
2630 4237 2733 4274 vor.

472 4291 557 4344 Br.
701 4292 720 4321 ⁷
757 4289 963 4358 Herzog
996 4291 1028 4343 J
1032 4291 1202 4344 ohann
1241 4306 1346 4343 von
1382 4290 1633 4358 Sachsen‚
1688 4292 1781 4344 der
1817 4291 2025 4344 Bruder
2078 4291 2169 4344 des
2224 4290 2559 4355 Kurfiirsten,
2610 4290 2735 4342 wird

478 4363 625 4411 sonst
660 4361 790 4411 stete
827 4359 995 4411 durch
1031 4359 1132 4410 den
1169 4359 1360 4411 Zusatz
1383 4360 1508 4413 Dux
1535 4359 1809 4412 kenntlioh
1880 4359 2106 4414 emacht.
2165 4359 2453 4412 Vielleioht
2476 4358 2510 4410 J
2512 4361 2735 4414 ohannes

476 4442 584 4482 von
620 4426 784 4494 Liine,
823 4425 1010 4482 Mainz.
1049 4426 1304 4482 Vicedom
1342 4429 1451 4483 und
1486 4427 1807 4498 Naohfolger
1888 4427 2127 4482 ‘telwolfs
2163 4444 2287 4482 vom
2322 4425 2485 4482 Stein.
