3084 4895
1217 431 1426 486 Mutian
1465 447 1534 483 an
1571 431 1769 487 Urban.
2492 436 2612 501 261

371 603 427 656 F
422 619 526 654 rau
573 600 841 653 Eberbaelz
905 600 1004 651 soll
1061 598 1249 651 wieder
1307 598 1408 651 mit
1466 598 1945 668 Heiratsqedankaen
1999 598 2237 669 umyehn.
2350 602 2462 655 Von
2497 606 2625 657 'dem
2701 636 2713 645 .

397 672 612 725 Ιοὶὶίιηεη
649 669 925 737 Aufereten
957 668 1045 721 des
1084 667 1240 721 Abtes
1276 685 1377 720 von
1420 668 1712 723 Olairvauoe
1746 670 1855 737 auf
1871 670 1987 724 dem
2030 671 2242 729 Oonxile
2278 688 2377 726 von
2413 672 2589 742 Pisa.)

529 768 786 819 Urbano
821 767 956 817 viro
993 766 1280 826 sapienti,
1316 767 1388 815 ut
1422 766 1780 825 parcissime
1815 767 2081 828 laudem,
2115 770 2204 820 Μ.
2222 763 2465 821 'Rufum

583 860 646 925 S.
739 860 981 924 Scribis
1027 860 1239 923 omnia
1283 880 1424 923 esse
1469 860 1631 923 bene
1676 862 1999 943 expedita..
2079 862 2295 927 Laudo
2330 868 2393 927 et
2423 864 2625 928 laetor

375 952 442 1011 et
484 948 688 1033 ami-co
733 945 1127 1029 magnifacto
1173 946 1473 1027 gratulor.
1565 946 1635 1009 In
1685 968 1757 1010 eo
1804 948 1968 1011 enim
2016 948 2217 1011 solida
2262 952 2358 1012 est
2390 954 2453 1013 et
2484 973 2623 1033 per-

376 1034 544 1098 fecta
575 1033 840 1111 laetitia,
870 1033 923 1097 si
953 1032 1018 1096 id
1051 1032 1321 1096 solidum
1345 1032 1862 1111 existimandum,
1887 1039 1959 1097 ut
1988 1034 2199 1116 inquit
2226 1034 2619 1114 LactantiuS,

374 1121 475 1184 cui
525 1119 684 1183 nihil
729 1118 1046 1195 decedere,
1096 1118 1160 1181 id
1206 1117 1573 1201 perfectum,
1644 1120 1745 1182 cui
1811 1119 1971 1183 nihil
2037 1122 2243 1203 possit
2307 1122 2618 1187 accedere.

373 1207 514 1270 Duo
546 1205 860 1287 siquidem
896 1205 960 1267 in
994 1205 1128 1267 vita
1161 1210 1524 1287 proponunt
1556 1205 1893 1287 sapienteS‚
1928 1207 2167 1271 lucrum
2204 1212 2267 1271 et
2300 1206 2618 1273 honorem.

373 1291 776 1357 Herebordus
849 1290 1182 1354 lucrosum
1258 1296 1321 1353 et
1393 1312 1536 1355 vere
1612 1292 2085 1372 quaestuarium
2172 1293 2441 1376 adeptus
2526 1308 2623 1359 est

373 1378 841 1459 magistratum,
889 1377 972 1441 ob
1016 1377 1270 1457 insigne
1316 1375 1592 1441 doctoris
1648 1376 1901 1441 nomen¹
1966 1378 2308 1462 pulpitaria
2367 1384 2618 1462 partum

371 1465 590 1547 gloria.
681 1464 898 1527 Placet
941 1462 1096 1526 mihi
1143 1463 1335 1527 etiam
1385 1463 1612 1526 mirum
1659 1463 1723 1529 in
1752 1458 2045 1543 modum,
2092 1466 2261 1547 quod
2307 1465 2617 1531 Gerlacus

371 1551 501 1616 sibi
532 1548 1001 1633 Aperbaccham
1029 1548 1448 1631 conjunxerit,
1473 1548 1661 1613 homo
1686 1550 1921 1631 primae
1954 1552 2311 1615 nobilitatis
2343 1552 2617 1635 puellam

371 1636 892 1701 honestissimam
940 1656 1068 1699 non
1114 1636 1250 1699 sine
1305 1635 1530 1717 dap-sili
1592 1634 1755 1699 dote.
1848 1634 1950 1700 Sit
2006 1636 2158 1701 felix
2218 1639 2615 1720 conjugium!

371 1724 579 1787 Audio
641 1721 925 1786 fabulam
968 1742 1096 1785 non
1145 1722 1400 1785 omnino
1465 1722 1822 1803 pessimam,
1890 1723 2016 1786 imo
2083 1724 2294 1801 talem,
2342 1724 2616 1807 ,qualem

372 1810 546 1892 leges
620 1809 906 1891 probent,
982 1807 1312 1889 nupturire
1378 1807 1622 1871 scilicet
1684 1812 1947 1872 matrem
2020 1808 2615 1891 Aperbacchorum.²

372 1895 600 1959 Melius
673 1900 770 1959 est
843 1893 1096 1971 nubere,
1174 1914 1361 1975 quam
1437 1894 1627 1957 nimis
1699 1894 1815 1957 uri.
1935 1894 2075 1959 Non
2154 1918 2391 1979 paucae
2465 1901 2617 1961 sunt

371 1986 718 2059 matronae,
765 2002 928 2062 quae
971 1980 1198 2043 vulvae
1243 1979 1420 2043 cultu
1466 1980 1754 2062 neglecto
1786 1985 2120 2063 aegrotant
2151 1988 2214 2046 et
2245 1984 2615 2047 moriuntur.

375 2068 607 2132 Sciunt
652 2068 713 2130 id
760 2066 1005 2131 medici.
1091 2064 1354 2129 Cunnus
1384 2066 1482 2130 uti
1514 2065 1751 2130 fundus
1784 2072 1899 2143 est,
1933 2089 2117 2149 quem
2152 2069 2273 2133 nisi
2307 2092 2615 2148 exerceaS,
2652 2072 2657 2078 ’

371 2154 692 2237 torpescit.
821 2152 1185 2217 Admittant
1256 2151 1452 2233 igitur
1526 2152 1696 2216 docti
1768 2153 1991 2217 fratres
2078 2176 2203 2218 non
2292 2155 2615 2219 indoctum

373 2241 668 2305 vitricum
713 2242 1040 2303 maternae
1081 2238 1464 2302 valetudinis
1493 2238 1741 2302 ratione
1769 2238 2011 2303 habita.
2104 2239 2172 2304 Si
2204 2241 2306 2305 ille
2339 2241 2617 2305 delectus

373 2336 490 2403 est,
537 2348 722 2409 quern
772 2325 941 2389 fama
985 2324 1288 2406 loquitur,
1357 2324 1641 2407 profecto
1704 2326 1909 2389 bonus
1954 2326 2067 2403 vir,
2129 2332 2433 2409 quantum
2500 2350 2615 2409 ego

367 2414 652 2497 judicare
697 2433 976 2496 possum,
1027 2411 1276 2476 beatam
1322 2411 1578 2476 viduam
1628 2412 1896 2477 curabit.
1986 2412 2066 2477 Et
2098 2413 2175 2478 de
2218 2413 2317 2477 his
2364 2413 2613 2495 quidem

373 2501 701 2564 hactenus
791 2499 990 2562 Incidi
1026 2498 1089 2562 in
1121 2521 1221 2562 res
1265 2497 1522 2563 Italicas
1555 2520 1751 2581 nuper
1782 2503 2011 2580 gestas
2093 2499 2246 2564 Cum
2282 2501 2614 2564 concilium

375 2588 677 2652 Pisanum
737 2584 1080 2649 Mediolani
1142 2584 1368 2648 fuisset
1433 2583 1808 2668 inceptum,⁸
1874 2585 2074 2650 abbas
2140 2586 2359 2651 Clarae
2426 2587 2615 2650 Vallis

375 2673 790 2738 concionatus
859 2675 955 2734 est
1017 2671 1080 2734 in
1143 2671 1384 2734 Julium
1439 2670 1512 2733 II.
1586 2675 1650 2734 et
1692 2671 1991 2735 ecclesiae
2056 2693 2349 2737 romanae
2414 2695 2615 2737 mores

373 2759 834 2842 perditissimos
880 2759 1182 2821 acerrima
1239 2757 1514 2821 dictione
1572 2756 1917 2822 laceravit.⁴
2004 2757 2165 2822 Ecce
2223 2759 2318 2822 tui
2378 2761 2615 2822 ordinis

374 2850 554 2927 pater
622 2848 687 2907 et
756 2843 1056 2907 Bernardi
1129 2864 1454 2906 successor
1520 2841 1817 2907 facundia
1885 2843 2133 2918 enituit,
2202 2853 2274 2908 ut
2340 2845 2609 2926 elogium

374 2932 532 2995 illud
573 2931 712 3012 jure
758 2935 1038 3012 repetas:
1116 2928 1374 3010 „Clarae
1433 2933 1585 2992 sunt
1646 2929 1866 3012 Valles,
1914 2929 2021 2992 sed
2070 2930 2269 2994 Claris
2331 2931 2612 2996 Vallibus

369 3017 576 3082 abbas
623 3015 861 3079 Clarior
920 3016 1020 3079 his
1073 3015 1308 3078 clarum
1377 3035 1604 3078 nomen
1653 3015 1716 3078 in
1764 3016 1971 3079 orbe²
2032 3017 2261 3080 dedit.“
2356 3016 2504 3080 Vale
2550 3023 2612 3081 et

369 3104 594 3168 titulos
639 3102 938 3166 librorum
985 3100 1285 3164 remitte.⁵
1375 3100 1565 3164 Festo
1611 3101 1866 3164 Martini
1914 3103 2208 3186 episcopi.

676 3201 797 3258 God.
835 3201 966 3257 me.
1003 3202 1118 3255 249.

374 3358 606 3429 (Gotha.)
1416 3341 1559 3405 207.
2175 3360 2251 3413 11.
2288 3359 2421 3411 Nov.
2462 3359 2609 3412 1512.

1117 3449 1409 3520 Mutian
1455 3471 1551 3519 an
1596 3450 1870 3520 Urban.

374 3563 505 3630 (Hal
550 3563 667 3615 dem
722 3563 908 3616 Orotus
953 3563 1050 3614 das
1095 3561 1399 3628 Jciyerhom
1436 3562 1553 3614 dem
1590 3562 1839 3630 Spalatin
1872 3563 1970 3615 den
2010 3564 2191 3616 Storch
2226 3564 2307 3616 als
2352 3562 2610 3631 Wappen-

371 3631 584 3686 michan
613 3631 854 3700 qeqebem
887 3649 947 3685 so
980 3630 1248 3698 emprinyt
1295 3631 1474 3684 Urbem
1494 3631 1628 3698 jetxt
1661 3632 1759 3684 das
1795 3631 1942 3684 halbe
1965 3632 2113 3696 Rad;
2150 3632 2385 3700 xuqleieh
2407 3633 2611 3686 schenkt
2652 3629 2659 3636 '

1063 3715 1120 3751 er
1152 3699 1268 3752 ihm
1301 3699 1391 3752 ein
1425 3700 1675 3753 silbernes
1714 3699 1917 3768 S‘c'eyel.)

498 3797 581 3848 H.
617 3796 876 3848 Urbano
913 3796 1221 3847 sacerdoti
1255 3798 1358 3857 pio
1395 3800 1459 3847 et
1495 3797 1738 3848 erudito
1775 3801 1838 3848 et
1870 3798 2225 3858 magisterio
2261 3798 2490 3860 insigni

1240 3895 1350 3932 suo
1384 3883 1472 3932 Μ.
1507 3883 1729 3934 Rufus.

579 3975 642 4040 S.
733 3973 926 4040 Croto
973 3977 1258 4041 venatori
1303 3977 1657 4042 Musarum⁶
1704 3977 1951 4058 erogavi
1985 3998 2179 4041 cornu
2224 3979 2322 4042 sui
2368 3978 2609 4043 decoris

369 4066 433 4128 et
507 4061 1029 4142 honorificentiae
1101 4067 1316 4127 notam
1393 4064 1823 4148 spectabilem,
1908 4063 2303 4144 Spalatinum
2392 4065 2599 4128 officio

509 4213 536 4241 a
560 4198 617 4250 in
651 4199 774 4252 orbe
807 4214 1010 4254 nomen.

514 4269 528 4298 ¹
565 4267 666 4320 Die
699 4267 998 4320 Promotion
1031 4268 1176 4320 hatte
1213 4283 1298 4320 am
1331 4268 1380 4320 8.
1417 4269 1553 4322 Nov.
1590 4269 1989 4336 stattgefunden.
2026 4267 2112 4321 ΒΓ.
2152 4268 2266 4320 202.
2384 4269 2404 4299 2
2440 4268 2607 4336 Georg

371 4336 660 4404 Eberbach,
712 4336 798 4388 ihr
846 4335 1021 4402 Mann,
1075 4352 1184 4388 war
1237 4337 1368 4390 1507
1423 4338 1709 4405 gestorben.
1852 4339 1873 4369 ³
1907 4338 2011 4389 Am
2048 4338 2092 4388 1.
2132 4336 2269 4403 Sept.
2321 4338 2468 4400 1511,
2518 4353 2606 4404 ge-

375 4405 643 4459 schlossen
677 4420 764 4459 am
799 4405 880 4458 21.
918 4403 1064 4472 April
1103 4405 1247 4457 1512.
1389 4407 1410 4438 ⁴
1452 4407 1759 4459 Edmundus
1796 4407 1860 4456 de
1896 4405 2142 4457 Sedeloco
2180 4405 2507 4476 (1509—52).

365 4476 390 4508 ¹⁵
432 4473 542 4542 Das
575 4474 744 4530 sehon
775 4473 832 4526 in
871 4473 957 4530 Br.
979 4474 1079 4528 203
1115 4473 1379 4542 verlangte
1412 4475 1711 4544 Regestum.
1852 4475 1874 4507 ⁶
1906 4473 2005 4530 Mit
2022 4474 2350 4544 Anspielung
2384 4475 2475 4527 auf
2506 4474 2605 4527 den
