3084 4895
474 411 598 488 146
1249 409 1424 477 Brinta
1461 438 1565 478 von
1606 408 1958 478 isos-1509.

473 595 778 659 adversus
823 594 1171 670 stimulum,
1221 615 1305 656 ne
1349 593 1609 675 collegis
1654 593 2011 656 resistendo
2054 594 2187 659 sive
2216 597 2581 660 coaetaneis
2612 599 2751 662 sive

475 685 632 743 natu
680 679 1030 760 majoribus
1073 683 1404 760 captemus
1449 685 1679 742 ventos
1724 678 1988 744 retibus..
2036 681 2232 743 nimio
2266 701 2547 744 moerore
2594 703 2751 744 con-

475 765 899 827 tabescentes,
992 764 1137 827 Vita
1201 765 1368 826 enim
1418 765 1630 826 vitalis
1697 784 1837 825 cum
1903 763 2223 827 hilaritate
2285 767 2570 846 degenda
2619 773 2735 830 est.

477 850 713 914 Iterum
766 850 905 985 vglg
950 854 1024 984 (ἐξ
1053 849 1202 983 pig}
1251 869 1476 929 meque
1524 848 1716 928 dilige
1760 849 2087 911 mutuiter.
2178 849 2259 912 M.
2308 850 2381 913 D.
2429 851 2536 913 IX.

829 947 862 986 0
905 971 915 983 .
1024 946 1091 985 c.
1198 971 1209 983 .

473 1083 704 1154 (Gotha.)
1533 1067 1676 1129 117.
2228 1084 2367 1152 (Ans.
2402 1084 2531 1136 Juni
2569 1084 2745 1154 1509.)

1233 1173 1525 1244 Mutian
1570 1193 1669 1244 an
1712 1174 1993 1245 Urban.

475 1284 841 1353 (Neuiyloeiben
856 1303 874 1336 .·
923 1284 1015 1350 dgr
1049 1283 1371 1352 Priipositus
1406 1285 1495 1336 des
1529 1283 1975 1336 Nonnenklosters
2010 1284 2084 1336 ist
2116 1285 2181 1337 vin
2214 1285 2315 1337 den
2356 1285 2529 1339 Orden
2572 1289 2745 1354 ethyo-

476 1359 651 1418 breten,
706 1352 878 1420 einiye
931 1352 1100 1406 Acker
1149 1352 1278 1404 saud
1326 1353 1599 1420 valuwen,
1653 1353 1717 1404 in
1769 1351 1965 1418 Erfurt
2014 1353 2107 1406 kat
2158 1353 2250 1405 der
2300 1354 2410 1406 Rat
2459 1355 2745 1408 Bemlcemtl

416 1424 421 1429 “
471 1421 726 1491 ycmaelzt.
801 1421 986 1474 Sentiet
1019 1420 1192 1488 eim’ye
1235 1421 1477 1474 Gedichte
1511 1421 1640 1474 ‘iiber
1660 1420 1747 1472 dic
1770 1419 2039 1484 Psacmen‚
2065 1422 2302 1474 wien-seht
2324 1423 2409 1476 die
2431 1423 2747 1476 Promotion

475 1508 608 1543 xum
657 1489 918 1557 Maqister
968 1489 1085 1541 und
1136 1487 1410 1543 Betreiben
1454 1489 1547 1541 der
1593 1489 1787 1556 yriech.
1844 1489 2067 1541 Studien
2118 1495 2275 1542 unter
2325 1491 2443 1543 dem
2488 1491 2745 1558 yelelcrten

1231 1556 1490 1624 Physiker
1532 1556 1975 1625 Okmzstopkmw.)

681 1652 1048 1703 Venerabili
1081 1653 1163 1703 Η.
1199 1653 1456 1704 Urbano
1503 1653 1793 1704 doctrina
1829 1658 1893 1704 et
1926 1653 2227 1714 relig-ione
2263 1655 2510 1715 insigni,
2544 1656 2743 1705 amico

1147 1749 1344 1798 prope
1380 1738 1687 1799 singulari
1720 1738 1809 1788 M.
1845 1736 2068 1788 Rufus.

682 1830 747 1895 S.
838 1830 1122 1894 Libitum
1194 1836 1291 1894 est
1356 1831 1753 1895 excolentem
1821 1834 1885 1895 te
1954 1831 2186 1894 studiis
2254 1837 2317 1894 et
2384 1833 2450 1895 in
2513 1832 2744 1896 exedra

475 1916 762 1999 quietum
811 1916 1112 1994 excitare,
1156 1921 1230 1980 ut
1273 1917 1521 1980 eliciam
1569 1916 1725 1980 mihi
1772 1915 1988 1979 literas
2032 1920 2202 1994 tuas,
2248 1937 2410 1998 quas
2450 1919 2739 1999 equidem

478 2002 586 2064 diu
633 2001 985 2065 desideravi
1031 2005 1255 2082 utpote
1301 2002 1671 2066 amicissimi
1706 2006 1771 2063 et.
1801 2002 2134 2064 tersis-simi
2179 2000 2475 2065 hominis.
2554 2004 2743 2066 Prae-

475 2087 726 2170 positus
761 2087 1129 2164 Vestalium,
1166 2087 1260 2150 vir
1291 2089 1635 2151 sanctitate
1672 2087 1767 2149 vel
1800 2088 2014 2168 potius
2046 2087 2458 2169 simplicitate
2492 2089 2739 2166 nobilis,

476 2175 541 2236 in
589 2173 873 2235 ordinem
921 2193 958 2234 a
1002 2176 1182 2254 patre
1227 2178 1488 2235 coactus
1533 2178 1649 2250 est,
1712 2194 1839 2234 non
1904 2177 2115 2234 tamen
2177 2173 2453 2253 gregalis
2515 2173 2741 2250 factae,

477 2258 586 2321 sed
662 2257 1042 2320 honestatus
1119 2257 1295 2320 chori
1369 2258 1645 2337 quadarn
1722 2256 2137 2338 praefectura.
2259 2257 2411 2339 Agri
2497 2259 2747 2339 aliquot

475 2343 784 2425 grandine
851 2342 1103 2406 excussi
1169 2348 1321 2406 sunt
1385 2345 1450 2404 in
1518 2343 1638 2405 hac
1703 2344 1975 2423 regione.
2086 2342 2461 2406 Audivimus
2528 2343 2743 2426 frigidi

475 2430 682 2493 minas
750 2427 1012 2493 Saturni
1082 2431 1148 2491 et
1215 2432 1440 2492 ventos
1509 2428 1631 2492 diri
1697 2427 2053 2492 murmuris.
2169 2425 2289 2491 Tui
2359 2452 2483 2492 non
2551 2435 2741 2511 egent

475 2514 930 2591 consolatione,
1005 2513 1260 2595 plenum
1331 2519 1429 2577 est
1499 2513 1800 2576 frumenti
1875 2514 2261 2595 granarium,
2341 2515 2527 2595 plena
2590 2520 2743 2579 sunt

474 2601 718 2675 horrea,
791 2599 1033 2662 habent
1094 2620 1242 2662 suas
1304 2599 1577 2677 delitias,
1640 2620 1799 2680 quas
1846 2600 1911 2661 in
1957 2598 2078 2661 hac
2122 2600 2487 2663 calamitate
2555 2605 2744 2682 poeta

476 2685 768 2748 Tibullus
815 2683 1216 2763 efflagitaret.
1311 2684 1444 2747 Hoc
1486 2685 1689 2767 ipsius
1739 2706 1988 2747 carmen
2038 2689 2158 2748 est:

716 2768 953 2851 „Glans
1001 2770 1163 2833 aluit
1207 2774 1452 2833 veteres
1499 2775 1565 2833 et
1610 2770 1844 2851 passim
1894 2791 2138 2850 semper
2184 2776 2498 2834 amarunt.

816 2854 982 2931 Quid
1028 2855 1248 2918 nocuit
1293 2856 1502 2919 sulcos
1551 2877 1674 2918 non
1726 2856 2024 2918 habuisse
2070 2855 2290 2917 satos?

715 2938 876 3003 Tum
926 2940 1160 3021 quibus
1207 2942 1536 3021 aspirabat
1583 2961 1777 3017 amor,
1826 2940 2175 3021 praebebat
2219 2945 2437 3021 aperte

814 3026 990 3088 mitis
1035 3026 1101 3087 in
1147 3028 1447 3089 umbrosa
1490 3026 1725 3107 gaudia
1771 3025 1933 3088 valle
1982 3026 2207 3089 Venus,

712 3108 942 3173 Nullus
988 3115 1404 3187 erat-custOS,
1455 3111 1631 3175 nulla
1677 3112 2011 3174 exclusura
2054 3109 2343 3173 dolentes

811 3196 1028 3277 janua.
1121 3194 1189 3259 Si
1237 3196 1333 3259 fas
1379 3201 1496 3273 est,
1544 3218 1681 3259 mos
1728 3218 1945 3279 precor
1991 3196 2096 3258 ille
2140 3192 2363 3259 redi.“'

691 3280 886 3363 „Tum
941 3282 1148 3344 Venus
1195 3282 1258 3345 in
1307 3281 1547 3359 silvis“,
1593 3287 1666 3344 ut
1713 3282 1924 3364 inquit
1980 3282 2333 3356 Lucretius,
2398 3278 2745 3361 „jungebat

477 3387 742 3447 corpora
775 3366 1199 3431 amantum.“²
1277 3366 1416 3430 Non
1451 3368 1823 3448 gaudebant
1854 3367 2161 3430 divitibus
2194 3364 2458 3447 puellae.
2544 3362 2741 3445 „Nam

476 3453 749 3533 pretium
813 3453 1078 3533 glandes
1138 3457 1332 3532 atque
1390 3454 1621 3523 arbuta
1690 3453 1788 3515 vel
1858 3454 1992 3535 pira
2058 3448 2315 3515 lecta.“³
2405 3450 2476 3512 Id
2542 3469 2745 3530 genus

478 3560 740 3601 munera
812 3539 1043 3601 dantur
1105 3538 1165 3599 in
1233 3538 1406 3601 Valle
1467 3541 1582 3600 tua
1646 3538 1921 3601 silvestri
1980 3538 2199 3601 amice.
2292 3534 2474 3599 Unde
2532 3536 2625 3609 fit,
2672 3538 2745 3596 ut

479 3630 766 3686 extrema
836 3624 1199 3686 calamitate
1267 3624 1478 3686 minus
1536 3628 1915 3687 moveantur
1968 3622 2371 3685 Herebordus
2416 3620 2637 3683 doctor
2682 3622 2746 3682 et

485 3708 834 3791 discipuli.⁴
924 3707 1088 3784 Quid
1134 3709 1282 3771 novi
1332 3708 1528 3771 habes
1576 3709 1651 3770 de
1697 3708 1862 3772 bello
1923 3707 2211 3771 Veneto?
2302 3704 2747 3787 Erphurdiana

481 3794 709 3856 civitas
762 3793 1209 3857 tumultuatur.
1302 3792 1409 3855 Fit
1463 3795 1741 3874 impetus
1785 3794 1851 3855 in
1898 3793 2068 3856 fures
2129 3792 2374 3857 aerarii.
2466 3789 2743 3853 Senatus

480 3876 786 3943 decoxit.⁸
909 3878 1073 3954 Quid
1146 3878 1456 3943 novitatis
1547 3878 1890 3960 exponitur
1961 3879 2028 3941 in
2105 3874 2537 3957 bibliopoliis‘?
2653 3873 2747 3937 De

481 3963 868 4027 lectionibus
914 3967 979 4026 et
1024 3964 1466 4026 auditionibus
1511 3965 1643 4025 tuis
1689 3964 1848 4027 nihil
1886 3964 2178 4040 scribam,
2212 3969 2545 4044 propterea
2574 3958 2745 4038 quod

488 4052 613 4113 ista
659 4049 1001 4129 garrulitas
1047 4051 1299 4112 inanem
1348 4048 1637 4112 umbram
1687 4049 2046 4130 praetendit
2092 4052 2155 4110 et
2198 4047 2435 4130 pellicit
2480 4047 2545 4108 in
2592 4044 2744 4108 ridi-

623 4186 638 4215 ¹
673 4183 781 4235 Tib.
830 4181 973 4249 Eleg.
1024 4181 1094 4247 II,
1143 4182 1191 4248 3,
1230 4181 1449 4237 72—77.
1594 4182 1613 4213 ²
1650 4182 1729 4233 De
1764 4197 1860 4233 rer.
1900 4183 2005 4235 nat.
2054 4181 2119 4247 V,
2173 4180 2289 4233 959.
2434 4180 2455 4211 ³
2487 4179 2639 4233 Lucr.
2680 4180 2744 4247 V,

479 4250 595 4305 962.
739 4252 762 4283 ⁴
797 4249 1035 4302 Herbord
1073 4265 1183 4302 war
1217 4248 1416 4301 Lehrer
1462 4250 1517 4301 in
1568 4248 1933 4317 Georgenthal.
2074 4250 2096 4281 ⁶
2130 4248 2227 4301 Die
2261 4248 2626 4316 Bewegungen
2653 4248 2749 4301 des

480 4319 675 4371 Volkes
711 4334 878 4387 gegen
912 4317 1014 4369 den
1049 4317 1152 4369 Rat
1186 4318 1460 4385 begannen
1495 4320 1615 4370 Anf.
1652 4318 1782 4370 Juui
1821 4318 1969 4371 1509.
2042 4320 2142 4369 Am
2174 4316 2253 4369 12.
2278 4316 2405 4368 Juni
2440 4317 2621 4368 wurde
2653 4316 2749 4368 der

479 4387 732 4439 Vierherr
774 4386 840 4437 H.
889 4385 1086 4438 Kelner
1194 4386 1382 4453 fangen
1431 4387 1646 4454 gesetzt.
1718 4385 1951 4438 Burkh
1967 4386 2135 4451 ardt,
2184 4386 2279 4439 das
2326 4384 2450 4437 tolle
2504 4384 2636 4437 Jahr
2679 4402 2749 4437 zu

479 4455 676 4507 Erfurt.
743 4454 870 4521 Lpz.
911 4452 1060 4509 1874.
1129 4400 1214 4506 {en
1249 4453 1452 4507 Archiv
1486 4454 1572 4505 fiir
1607 4454 1786 4507 Sachs.
1825 4452 2013 4508 Gesch.
2051 4452 2176 4507 XII.
2214 4452 2264 4507 S.
2304 4452 2594 4506 337—426.
