<?xml version="1.0" encoding="UTF-8"?>
<!DOCTYPE html PUBLIC "-//W3C//DTD XHTML 1.0 Transitional//EN"
    "http://www.w3.org/TR/xhtml1/DTD/xhtml1-transitional.dtd">
<html xmlns="http://www.w3.org/1999/xhtml" xml:lang="en" lang="en">
 <head>
  <title>
</title>
<meta http-equiv="Content-Type" content="text/html;charset=utf-8" />
  <meta name='ocr-system' content='tesseract 3.04.00' />
  <meta name='ocr-capabilities' content='ocr_page ocr_carea ocr_par ocr_line ocrx_word'/>
</head>
<body>
  <div class='ocr_page' id='page_1' title='image "./derbriefwechsel02kraugoog_0496.png"; bbox 0 0 3084 4895; ppageno 0'>
   <div class='ocr_carea' id='block_1_1' title="bbox 502 419 1909 486">
    <p class='ocr_par' dir='ltr' id='par_1_1' title="bbox 502 419 1909 486">
     <span class='ocr_line' id='line_1_1' title="bbox 502 419 1909 486; baseline -0.002 -2"><span class='ocrx_word' id='word_1_1' title='bbox 502 419 632 486; x_wconf 82' lang='grc'>410</span> <span class='ocrx_word' id='word_1_2' title='bbox 1332 421 1507 478; x_wconf 81' lang='lat' dir='ltr'>Briefe</span> <span class='ocrx_word' id='word_1_3' title='bbox 1525 423 1637 478; x_wconf 65' lang='lat' dir='ltr'>”des</span> <span class='ocrx_word' id='word_1_4' title='bbox 1673 425 1721 480; x_wconf 88' lang='lat' dir='ltr'>J.</span> <span class='ocrx_word' id='word_1_5' title='bbox 1764 423 1909 481; x_wconf 76' lang='lat'>1514.</span> 
     </span>
    </p>
   </div>
   <div class='ocr_carea' id='block_1_2' title="bbox 494 586 2756 1794">
    <p class='ocr_par' dir='ltr' id='par_1_2' title="bbox 494 586 2756 1794">
     <span class='ocr_line' id='line_1_2' title="bbox 504 586 2756 674; baseline 0.005 -22"><span class='ocrx_word' id='word_1_6' title='bbox 504 586 903 672; x_wconf 77' lang='lat' dir='ltr'>Erphurdia.&#39;</span> <span class='ocrx_word' id='word_1_7' title='bbox 995 589 1259 656; x_wconf 85' lang='lat' dir='ltr'>Manere</span> <span class='ocrx_word' id='word_1_8' title='bbox 1304 593 1467 656; x_wconf 82' lang='lat' dir='ltr'>enim</span> <span class='ocrx_word' id='word_1_9' title='bbox 1516 593 1756 658; x_wconf 87' lang='lat' dir='ltr'>diutius</span> <span class='ocrx_word' id='word_1_10' title='bbox 1817 595 2142 674; x_wconf 82' lang='lat' dir='ltr'>debueras,</span> <span class='ocrx_word' id='word_1_11' title='bbox 2189 602 2254 660; x_wconf 90' lang='lat' dir='ltr'>et</span> <span class='ocrx_word' id='word_1_12' title='bbox 2298 598 2566 662; x_wconf 77' lang='lat' dir='ltr'><strong>studiosi</strong></span> <span class='ocrx_word' id='word_1_13' title='bbox 2625 600 2756 663; x_wconf 88' lang='lat' dir='ltr'>ele-</span> 
     </span>
     <span class='ocr_line' id='line_1_3' title="bbox 506 675 2751 767; baseline 0.004 -29"><span class='ocrx_word' id='word_1_14' title='bbox 506 676 763 755; x_wconf 81' lang='lat' dir='ltr'>gantiae</span> <span class='ocrx_word' id='word_1_15' title='bbox 797 675 1032 741; x_wconf 79' lang='lat' dir='ltr'>latinae</span> <span class='ocrx_word' id='word_1_16' title='bbox 1063 678 1361 760; x_wconf 85' lang='lat' dir='ltr'>majorem</span> <span class='ocrx_word' id='word_1_17' title='bbox 1396 679 1469 742; x_wconf 89' lang='lat' dir='ltr'>de</span> <span class='ocrx_word' id='word_1_18' title='bbox 1500 683 1614 744; x_wconf 86' lang='lat' dir='ltr'>tua</span> <span class='ocrx_word' id='word_1_19' title='bbox 1645 681 2000 746; x_wconf 86' lang='lat' dir='ltr'>eruditione</span> <span class='ocrx_word' id='word_1_20' title='bbox 2031 682 2302 747; x_wconf 85' lang='lat' dir='ltr'>fructum</span> <span class='ocrx_word' id='word_1_21' title='bbox 2337 685 2751 767; x_wconf 76' lang='lat' dir='ltr'>perciperent.</span> 
     </span>
     <span class='ocr_line' id='line_1_4' title="bbox 504 760 2755 852; baseline 0.004 -28"><span class='ocrx_word' id='word_1_22' title='bbox 504 760 691 828; x_wconf 88' lang='lat' dir='ltr'>Nunc</span> <span class='ocrx_word' id='word_1_23' title='bbox 749 766 812 826; x_wconf 86' lang='lat' dir='ltr'>te</span> <span class='ocrx_word' id='word_1_24' title='bbox 876 764 1108 826; x_wconf 86' lang='lat' dir='ltr'>amisso</span> <span class='ocrx_word' id='word_1_25' title='bbox 1156 765 1253 844; x_wconf 90' lang='lat' dir='ltr'>(ut</span> <span class='ocrx_word' id='word_1_26' title='bbox 1312 765 1678 848; x_wconf 79' lang='lat' dir='ltr'>planissime</span> <span class='ocrx_word' id='word_1_27' title='bbox 1739 767 1966 848; x_wconf 80' lang='lat' dir='ltr'>dicam)</span> <span class='ocrx_word' id='word_1_28' title='bbox 2029 773 2092 831; x_wconf 90' lang='lat' dir='ltr'>et</span> <span class='ocrx_word' id='word_1_29' title='bbox 2150 771 2200 832; x_wconf 89' lang='lat' dir='ltr'>si</span> <span class='ocrx_word' id='word_1_30' title='bbox 2262 769 2520 844; x_wconf 87' lang='lat' dir='ltr'>habent,</span> <span class='ocrx_word' id='word_1_31' title='bbox 2587 791 2755 852; x_wconf 86' lang='lat' dir='ltr'>quos</span> 
     </span>
     <span class='ocr_line' id='line_1_5' title="bbox 512 850 2755 939; baseline 0.004 -29"><span class='ocrx_word' id='word_1_32' title='bbox 512 852 876 930; x_wconf 79' lang='lat' dir='ltr'>sequantur,</span> <span class='ocrx_word' id='word_1_33' title='bbox 924 850 1303 914; x_wconf 76' lang='lat' dir='ltr'>auctoritate</span> <span class='ocrx_word' id='word_1_34' title='bbox 1348 850 1614 916; x_wconf 81' lang='lat' dir='ltr'>fortasse</span> <span class='ocrx_word' id='word_1_35' title='bbox 1659 872 1857 934; x_wconf 82' lang='lat' dir='ltr'>pares,</span> <span class='ocrx_word' id='word_1_36' title='bbox 1905 853 2234 938; x_wconf 83' lang='lat' dir='ltr'>diligentia</span> <span class='ocrx_word' id='word_1_37' title='bbox 2263 858 2471 918; x_wconf 81' lang='lat' dir='ltr'>tamen</span> <span class='ocrx_word' id='word_1_38' title='bbox 2506 855 2568 919; x_wconf 88' lang='lat' dir='ltr'>in</span> <span class='ocrx_word' id='word_1_39' title='bbox 2603 877 2755 939; x_wconf 87' lang='lat' dir='ltr'>pro-</span> 
     </span>
     <span class='ocr_line' id='line_1_6' title="bbox 502 933 2756 1024; baseline 0.005 -29"><span class='ocrx_word' id='word_1_40' title='bbox 502 933 756 998; x_wconf 87' lang='lat' dir='ltr'>fitendis</span> <span class='ocrx_word' id='word_1_41' title='bbox 803 933 1003 998; x_wconf 83' lang='lat' dir='ltr'>literis</span> <span class='ocrx_word' id='word_1_42' title='bbox 1047 935 1374 1017; x_wconf 68' lang='lat' dir='ltr'>‘aequalem</span> <span class='ocrx_word' id='word_1_43' title='bbox 1420 959 1612 1020; x_wconf 84' lang='lat' dir='ltr'>prope</span> <span class='ocrx_word' id='word_1_44' title='bbox 1657 939 1987 1003; x_wconf 86' lang='lat' dir='ltr'>neminem.</span> <span class='ocrx_word' id='word_1_45' title='bbox 2081 941 2216 1004; x_wconf 91' lang='lat' dir='ltr'>Hoc</span> <span class='ocrx_word' id='word_1_46' title='bbox 2274 941 2514 1024; x_wconf 77' lang='lat' dir='ltr'>ipsum,</span> <span class='ocrx_word' id='word_1_47' title='bbox 2545 943 2756 1006; x_wconf 81' lang='lat' dir='ltr'>crebri</span> 
     </span>
     <span class='ocr_line' id='line_1_7' title="bbox 501 1020 2754 1110; baseline 0.005 -28"><span class='ocrx_word' id='word_1_48' title='bbox 501 1020 825 1084; x_wconf 86' lang='lat' dir='ltr'>doctorum</span> <span class='ocrx_word' id='word_1_49' title='bbox 893 1042 1211 1086; x_wconf 84' lang='lat' dir='ltr'>sermones</span> <span class='ocrx_word' id='word_1_50' title='bbox 1275 1024 1404 1086; x_wconf 86' lang='lat' dir='ltr'>tuis</span> <span class='ocrx_word' id='word_1_51' title='bbox 1463 1024 1678 1087; x_wconf 84' lang='lat' dir='ltr'>referti</span> <span class='ocrx_word' id='word_1_52' title='bbox 1742 1024 2038 1088; x_wconf 82' lang='lat' dir='ltr'>laudibus</span> <span class='ocrx_word' id='word_1_53' title='bbox 2105 1025 2444 1110; x_wconf 81' lang='lat' dir='ltr'>declarant.</span> <span class='ocrx_word' id='word_1_54' title='bbox 2533 1027 2754 1093; x_wconf 89' lang='lat' dir='ltr'>Motus</span> 
     </span>
     <span class='ocr_line' id='line_1_8' title="bbox 499 1105 2755 1191; baseline 0.005 -24"><span class='ocrx_word' id='word_1_55' title='bbox 499 1106 688 1169; x_wconf 86' lang='lat' dir='ltr'>etiam</span> <span class='ocrx_word' id='word_1_56' title='bbox 751 1106 866 1170; x_wconf 91' lang='lat' dir='ltr'>hac</span> <span class='ocrx_word' id='word_1_57' title='bbox 924 1112 1035 1170; x_wconf 78' lang='lat' dir='ltr'>tua</span> <span class='ocrx_word' id='word_1_58' title='bbox 1074 1105 1275 1188; x_wconf 88' lang='lat' dir='ltr'>gloria</span> <span class='ocrx_word' id='word_1_59' title='bbox 1322 1109 1414 1172; x_wconf 89' lang='lat' dir='ltr'>vir</span> <span class='ocrx_word' id='word_1_60' title='bbox 1464 1109 1770 1191; x_wconf 77' lang='lat' dir='ltr'>imprimis</span> <span class='ocrx_word' id='word_1_61' title='bbox 1827 1117 2051 1175; x_wconf 85' lang='lat' dir='ltr'>acutus</span> <span class='ocrx_word' id='word_1_62' title='bbox 2097 1115 2160 1175; x_wconf 88' lang='lat' dir='ltr'>et</span> <span class='ocrx_word' id='word_1_63' title='bbox 2208 1113 2496 1176; x_wconf 80' lang='lat' dir='ltr'>literatus</span> <span class='ocrx_word' id='word_1_64' title='bbox 2555 1115 2755 1178; x_wconf 90' lang='lat' dir='ltr'>Hein-</span> 
     </span>
     <span class='ocr_line' id='line_1_9' title="bbox 499 1191 2752 1277; baseline 0.004 -23"><span class='ocrx_word' id='word_1_65' title='bbox 499 1191 667 1255; x_wconf 87' lang='lat' dir='ltr'>ricus</span> <span class='ocrx_word' id='word_1_66' title='bbox 731 1192 1019 1259; x_wconf 85' lang='lat' dir='ltr'>Urbanus</span> <span class='ocrx_word' id='word_1_67' title='bbox 1076 1194 1173 1258; x_wconf 78' lang='lat' dir='ltr'>tui</span> <span class='ocrx_word' id='word_1_68' title='bbox 1232 1194 1836 1260; x_wconf 81' lang='lat' dir='ltr'>observantissimus</span> <span class='ocrx_word' id='word_1_69' title='bbox 1881 1199 2082 1260; x_wconf 88' lang='lat' dir='ltr'>mittit</span> <span class='ocrx_word' id='word_1_70' title='bbox 2131 1199 2194 1262; x_wconf 91' lang='lat' dir='ltr'>in</span> <span class='ocrx_word' id='word_1_71' title='bbox 2255 1199 2471 1262; x_wconf 86' lang='lat' dir='ltr'>ludum</span> <span class='ocrx_word' id='word_1_72' title='bbox 2540 1205 2752 1277; x_wconf 86' lang='lat' dir='ltr'>tuum,</span> 
     </span>
     <span class='ocr_line' id='line_1_10' title="bbox 501 1278 2752 1367; baseline 0.004 -27"><span class='ocrx_word' id='word_1_73' title='bbox 501 1278 611 1359; x_wconf 88' lang='lat' dir='ltr'>qui</span> <span class='ocrx_word' id='word_1_74' title='bbox 656 1278 1095 1343; x_wconf 86' lang='lat' dir='ltr'>celeberrimus</span> <span class='ocrx_word' id='word_1_75' title='bbox 1140 1301 1277 1342; x_wconf 82' lang='lat' dir='ltr'>esse</span> <span class='ocrx_word' id='word_1_76' title='bbox 1324 1281 1572 1359; x_wconf 85' lang='lat' dir='ltr'>dicitur,</span> <span class='ocrx_word' id='word_1_77' title='bbox 1620 1287 1692 1344; x_wconf 87' lang='lat' dir='ltr'>ut</span> <span class='ocrx_word' id='word_1_78' title='bbox 1735 1283 2002 1346; x_wconf 83' lang='lat' dir='ltr'>fideliter</span> <span class='ocrx_word' id='word_1_79' title='bbox 2047 1285 2436 1356; x_wconf 76' lang='lat' dir='ltr'>instituatur,</span> <span class='ocrx_word' id='word_1_80' title='bbox 2481 1283 2752 1367; x_wconf 83' lang='lat' dir='ltr'>Nepoti-</span> 
     </span>
     <span class='ocr_line' id='line_1_11' title="bbox 504 1361 2751 1452; baseline 0.004 -26"><span class='ocrx_word' id='word_1_81' title='bbox 504 1361 745 1441; x_wconf 82' lang='lat' dir='ltr'>anum,²</span> <span class='ocrx_word' id='word_1_82' title='bbox 792 1366 1025 1429; x_wconf 86' lang='lat' dir='ltr'>sororis</span> <span class='ocrx_word' id='word_1_83' title='bbox 1068 1366 1287 1442; x_wconf 84' lang='lat' dir='ltr'>filium,</span> <span class='ocrx_word' id='word_1_84' title='bbox 1334 1371 1398 1430; x_wconf 86' lang='lat' dir='ltr'>et</span> <span class='ocrx_word' id='word_1_85' title='bbox 1442 1368 1592 1430; x_wconf 88' lang='lat' dir='ltr'>item</span> <span class='ocrx_word' id='word_1_86' title='bbox 1643 1367 1950 1432; x_wconf 85' lang='lat' dir='ltr'>Adamum</span> <span class='ocrx_word' id='word_1_87' title='bbox 1988 1369 2483 1452; x_wconf 79' lang='lat' dir='ltr'>Asciburgium,³</span> <span class='ocrx_word' id='word_1_88' title='bbox 2516 1391 2751 1452; x_wconf 85' lang='lat' dir='ltr'>pueros</span> 
     </span>
     <span class='ocr_line' id='line_1_12' title="bbox 502 1449 2748 1536; baseline 0.004 -24"><span class='ocrx_word' id='word_1_89' title='bbox 502 1449 882 1531; x_wconf 79' lang='lat' dir='ltr'>ingeniosos,</span> <span class='ocrx_word' id='word_1_90' title='bbox 978 1451 1171 1515; x_wconf 83' lang='lat' dir='ltr'>Dabis</span> <span class='ocrx_word' id='word_1_91' title='bbox 1217 1453 1413 1533; x_wconf 83' lang='lat' dir='ltr'>igitur</span> <span class='ocrx_word' id='word_1_92' title='bbox 1456 1475 1712 1536; x_wconf 86' lang='lat' dir='ltr'>operam</span> <span class='ocrx_word' id='word_1_93' title='bbox 1761 1453 1840 1532; x_wconf 85' lang='lat' dir='ltr'>(si</span> <span class='ocrx_word' id='word_1_94' title='bbox 1886 1475 1982 1518; x_wconf 87' lang='lat' dir='ltr'>me</span> <span class='ocrx_word' id='word_1_95' title='bbox 2025 1455 2248 1536; x_wconf 80' lang='lat' dir='ltr'>amas),</span> <span class='ocrx_word' id='word_1_96' title='bbox 2295 1462 2370 1520; x_wconf 87' lang='lat' dir='ltr'>ut</span> <span class='ocrx_word' id='word_1_97' title='bbox 2411 1457 2524 1520; x_wconf 82' lang='lat' dir='ltr'>fiat</span> <span class='ocrx_word' id='word_1_98' title='bbox 2568 1463 2748 1522; x_wconf 81' lang='lat' dir='ltr'>uter-</span> 
     </span>
     <span class='ocr_line' id='line_1_13' title="bbox 496 1539 2751 1621; baseline 0.004 -22"><span class='ocrx_word' id='word_1_99' title='bbox 496 1557 619 1620; x_wconf 88' lang='lat' dir='ltr'>que</span> <span class='ocrx_word' id='word_1_100' title='bbox 663 1540 727 1600; x_wconf 84' lang='lat' dir='ltr'>te</span> <span class='ocrx_word' id='word_1_101' title='bbox 774 1543 1175 1620; x_wconf 72' lang='lat' dir='ltr'>praeceptore</span> <span class='ocrx_word' id='word_1_102' title='bbox 1220 1539 1465 1616; x_wconf 86' lang='lat' dir='ltr'>cultior,</span> <span class='ocrx_word' id='word_1_103' title='bbox 1512 1539 1682 1621; x_wconf 91' lang='lat' dir='ltr'>quod</span> <span class='ocrx_word' id='word_1_104' title='bbox 1729 1539 1984 1604; x_wconf 85' lang='lat' dir='ltr'>Urbano</span> <span class='ocrx_word' id='word_1_105' title='bbox 2031 1546 2246 1606; x_wconf 82' lang='lat' dir='ltr'>nostro</span> <span class='ocrx_word' id='word_1_106' title='bbox 2296 1542 2523 1606; x_wconf 87' lang='lat' dir='ltr'>nedum</span> <span class='ocrx_word' id='word_1_107' title='bbox 2585 1543 2751 1608; x_wconf 87' lang='lat' dir='ltr'>mihi</span> 
     </span>
     <span class='ocr_line' id='line_1_14' title="bbox 494 1623 2750 1707; baseline 0.004 -22"><span class='ocrx_word' id='word_1_108' title='bbox 494 1623 923 1702; x_wconf 83' lang='lat' dir='ltr'>gratissimum</span> <span class='ocrx_word' id='word_1_109' title='bbox 997 1624 1132 1687; x_wconf 83' lang='lat' dir='ltr'>erit.</span> <span class='ocrx_word' id='word_1_110' title='bbox 1228 1624 1317 1687; x_wconf 88' lang='lat' dir='ltr'>De</span> <span class='ocrx_word' id='word_1_111' title='bbox 1362 1647 1459 1690; x_wconf 88' lang='lat' dir='ltr'>me</span> <span class='ocrx_word' id='word_1_112' title='bbox 1507 1626 1740 1707; x_wconf 81' lang='lat' dir='ltr'>poteris</span> <span class='ocrx_word' id='word_1_113' title='bbox 1801 1626 1922 1690; x_wconf 90' lang='lat' dir='ltr'>tibi</span> <span class='ocrx_word' id='word_1_114' title='bbox 1969 1628 2184 1692; x_wconf 87' lang='lat' dir='ltr'>omnia</span> <span class='ocrx_word' id='word_1_115' title='bbox 2249 1633 2614 1693; x_wconf 77' lang='lat' dir='ltr'>constanter</span> <span class='ocrx_word' id='word_1_116' title='bbox 2669 1635 2750 1694; x_wconf 81' lang='lat' dir='ltr'>ut</span> 
     </span>
     <span class='ocr_line' id='line_1_15' title="bbox 504 1707 2674 1794; baseline 0.002 -21"><span class='ocrx_word' id='word_1_117' title='bbox 504 1707 583 1773; x_wconf 90' lang='lat' dir='ltr'>de</span> <span class='ocrx_word' id='word_1_118' title='bbox 626 1710 1007 1773; x_wconf 87' lang='lat' dir='ltr'>amicissimo</span> <span class='ocrx_word' id='word_1_119' title='bbox 1054 1708 1348 1792; x_wconf 89' lang='lat' dir='ltr'>polliceri.</span> <span class='ocrx_word' id='word_1_120' title='bbox 1440 1711 1640 1778; x_wconf 83' lang='lat' dir='ltr'>Nonis</span> <span class='ocrx_word' id='word_1_121' title='bbox 1685 1711 2008 1794; x_wconf 82' lang='lat' dir='ltr'>Aprilibus</span> <span class='ocrx_word' id='word_1_122' title='bbox 2055 1712 2375 1778; x_wconf 88' lang='lat' dir='ltr'><strong>MDVIXX</strong></span> <span class='ocrx_word' id='word_1_123' title='bbox 2421 1714 2674 1780; x_wconf 86' lang='lat' dir='ltr'>Gothai.</span> 
     </span>
    </p>
   </div>
   <div class='ocr_carea' id='block_1_3' title="bbox 806 1808 1248 1868">
    <p class='ocr_par' dir='ltr' id='par_1_3' title="bbox 806 1808 1248 1868">
     <span class='ocr_line' id='line_1_16' title="bbox 806 1808 1248 1868; baseline -0.009 0"><span class='ocrx_word' id='word_1_124' title='bbox 806 1809 927 1868; x_wconf 81' lang='lat' dir='ltr'>cod.</span> <span class='ocrx_word' id='word_1_125' title='bbox 963 1808 1095 1866; x_wconf 82' lang='lat' dir='ltr'>Frcf.</span> <span class='ocrx_word' id='word_1_126' title='bbox 1134 1811 1248 1867; x_wconf 84' lang='lat'>290.</span> 
     </span>
    </p>
   </div>
   <div class='ocr_carea' id='block_1_4' title="bbox 494 1987 2743 2072">
    <p class='ocr_par' dir='ltr' id='par_1_4' title="bbox 494 1987 2743 2072">
     <span class='ocr_line' id='line_1_17' title="bbox 494 1987 2743 2072; baseline 0.001 -18"><span class='ocrx_word' id='word_1_127' title='bbox 494 1999 679 2055; x_wconf 67' lang='lat' dir='ltr'>eotha.</span> <span class='ocrx_word' id='word_1_128' title='bbox 1154 2007 1160 2012; x_wconf 95' lang='lat'><em>·</em></span> <span class='ocrx_word' id='word_1_129' title='bbox 1536 1987 1680 2054; x_wconf 85' lang='lat'>338.</span> <span class='ocrx_word' id='word_1_130' title='bbox 2313 2005 2360 2058; x_wconf 87' lang='lat'>5.</span> <span class='ocrx_word' id='word_1_131' title='bbox 2401 2003 2551 2072; x_wconf 78' lang='lat' dir='ltr'>Apnu</span> <span class='ocrx_word' id='word_1_132' title='bbox 2587 2004 2743 2058; x_wconf 82' lang='lat'>1514.</span> 
     </span>
    </p>
   </div>
   <div class='ocr_carea' id='block_1_5' title="bbox 1174 2115 2064 2205">
    <p class='ocr_par' dir='ltr' id='par_1_5' title="bbox 1174 2115 2064 2205">
     <span class='ocr_line' id='line_1_18' title="bbox 1174 2115 2064 2205; baseline 0.001 -19"><span class='ocrx_word' id='word_1_133' title='bbox 1174 2116 1457 2188; x_wconf 84' lang='lat' dir='ltr'>Mutian</span> <span class='ocrx_word' id='word_1_134' title='bbox 1504 2139 1604 2190; x_wconf 84' lang='lat' dir='ltr'>an</span> <span class='ocrx_word' id='word_1_135' title='bbox 1649 2115 2064 2205; x_wconf 55' lang='lat' dir='ltr'>Agricola!</span> 
     </span>
    </p>
   </div>
   <div class='ocr_carea' id='block_1_6' title="bbox 487 2203 2738 2716">
    <p class='ocr_par' dir='ltr' id='par_1_6' title="bbox 487 2203 2738 2716">
     <span class='ocr_line' id='line_1_19' title="bbox 499 2203 2738 2312; baseline 0.002 -19"><span class='ocrx_word' id='word_1_136' title='bbox 499 2203 927 2312; x_wconf 54' lang='lat' dir='ltr'>(Wwderkolussnq</span> <span class='ocrx_word' id='word_1_137' title='bbox 960 2245 1052 2297; x_wconf 77' lang='lat' dir='ltr'>der</span> <span class='ocrx_word' id='word_1_138' title='bbox 1082 2244 1305 2312; x_wconf 65' lang='lat' dir='ltr'>frimam</span> <span class='ocrx_word' id='word_1_139' title='bbox 1338 2245 1489 2310; x_wconf 61' lang='lat' dir='ltr'>Bitu,</span> <span class='ocrx_word' id='word_1_140' title='bbox 1525 2263 1602 2300; x_wconf 81' lang='lat' dir='ltr'>an</span> <span class='ocrx_word' id='word_1_141' title='bbox 1617 2245 1891 2308; x_wconf 73' lang='lat' dir='ltr'>Reuehlin,</span> <span class='ocrx_word' id='word_1_142' title='bbox 1927 2245 2026 2298; x_wconf 76' lang='lat' dir='ltr'>das</span> <span class='ocrx_word' id='word_1_143' title='bbox 2073 2245 2306 2298; x_wconf 69' lang='lat' dir='ltr'>Wunder</span> <span class='ocrx_word' id='word_1_144' title='bbox 2337 2244 2738 2307; x_wconf 69' lang='lat' dir='ltr'>Deutscldands‚</span> 
     </span>
     <span class='ocr_line' id='line_1_20' title="bbox 487 2311 2738 2383; baseline 0.001 -20"><span class='ocrx_word' id='word_1_145' title='bbox 487 2327 565 2364; x_wconf 72' lang='lat' dir='ltr'>m</span> <span class='ocrx_word' id='word_1_146' title='bbox 608 2311 887 2366; x_wconf 76' lang='lat' dir='ltr'>schreibm.</span> <span class='ocrx_word' id='word_1_147' title='bbox 958 2313 1233 2377; x_wconf 72' lang='lat' dir='ltr'>Reuohzin,</span> <span class='ocrx_word' id='word_1_148' title='bbox 1276 2315 1457 2370; x_wconf 73' lang='lat' dir='ltr'>desam</span> <span class='ocrx_word' id='word_1_149' title='bbox 1499 2315 1722 2368; x_wconf 69' lang='lat' dir='ltr'>Prome</span> <span class='ocrx_word' id='word_1_150' title='bbox 1757 2316 1820 2369; x_wconf 74' lang='lat' dir='ltr'>in</span> <span class='ocrx_word' id='word_1_151' title='bbox 1857 2315 2038 2383; x_wconf 65' lang='lat' dir='ltr'>speie·-</span> <span class='ocrx_word' id='word_1_152' title='bbox 2082 2314 2312 2377; x_wconf 78' lang='lat' dir='ltr'>scluoebt,</span> <span class='ocrx_word' id='word_1_153' title='bbox 2348 2314 2444 2366; x_wconf 75' lang='lat' dir='ltr'>hat</span> <span class='ocrx_word' id='word_1_154' title='bbox 2486 2312 2550 2365; x_wconf 75' lang='lat' dir='ltr'>in</span> <span class='ocrx_word' id='word_1_155' title='bbox 2595 2313 2738 2374; x_wconf 79' lang='lat' dir='ltr'>Rom</span> 
     </span>
     <span class='ocr_line' id='line_1_21' title="bbox 488 2379 2734 2452; baseline 0 -18"><span class='ocrx_word' id='word_1_156' title='bbox 488 2379 617 2434; x_wconf 69' lang='lat' dir='ltr'>viole</span> <span class='ocrx_word' id='word_1_157' title='bbox 662 2380 885 2445; x_wconf 62' lang='lat' dir='ltr'>Gonner,</span> <span class='ocrx_word' id='word_1_158' title='bbox 921 2383 1061 2436; x_wconf 72' lang='lat' dir='ltr'>auch</span> <span class='ocrx_word' id='word_1_159' title='bbox 1092 2383 1168 2436; x_wconf 87' lang='lat' dir='ltr'>M.</span> <span class='ocrx_word' id='word_1_160' title='bbox 1202 2384 1295 2437; x_wconf 74' lang='lat' dir='ltr'>hat</span> <span class='ocrx_word' id='word_1_161' title='bbox 1328 2383 1443 2438; x_wconf 77' lang='lat' dir='ltr'>eine</span> <span class='ocrx_word' id='word_1_162' title='bbox 1474 2384 1750 2438; x_wconf 72' lang='lat' dir='ltr'>streitbare</span> <span class='ocrx_word' id='word_1_163' title='bbox 1782 2383 2128 2452; x_wconf 75' lang='lat' dir='ltr'>Manmckaft</span> <span class='ocrx_word' id='word_1_164' title='bbox 2159 2383 2254 2452; x_wconf 73' lang='lat' dir='ltr'>fiir</span> <span class='ocrx_word' id='word_1_165' title='bbox 2288 2383 2388 2436; x_wconf 69' lang='lat' dir='ltr'>ihu</span> <span class='ocrx_word' id='word_1_166' title='bbox 2413 2383 2734 2451; x_wconf 74' lang='lat' dir='ltr'>yasammelt.</span> 
     </span>
     <span class='ocr_line' id='line_1_22' title="bbox 1212 2452 2019 2523; baseline -0.002 -16"><span class='ocrx_word' id='word_1_167' title='bbox 1212 2452 1558 2523; x_wconf 72' lang='lat' dir='ltr'>Etnpfehluny</span> <span class='ocrx_word' id='word_1_168' title='bbox 1593 2454 1680 2507; x_wconf 70' lang='lat' dir='ltr'>des</span> <span class='ocrx_word' id='word_1_169' title='bbox 1715 2452 2019 2523; x_wconf 76' lang='lat' dir='ltr'>Nepotian.)</span> 
     </span>
     <span class='ocr_line' id='line_1_23' title="bbox 586 2564 2637 2633; baseline -0.001 -16"><span class='ocrx_word' id='word_1_170' title='bbox 586 2564 887 2629; x_wconf 73' lang='lat' dir='ltr'>Gregorio</span> <span class='ocrx_word' id='word_1_171' title='bbox 920 2568 1249 2630; x_wconf 68' lang='lat' dir='ltr'>Agricolae</span> <span class='ocrx_word' id='word_1_172' title='bbox 1284 2570 1415 2621; x_wconf 74' lang='lat' dir='ltr'>aive</span> <span class='ocrx_word' id='word_1_173' title='bbox 1450 2568 1789 2633; x_wconf 70' lang='lat' dir='ltr'>Lengsfelt..</span> <span class='ocrx_word' id='word_1_174' title='bbox 1823 2568 2099 2631; x_wconf 71' lang='lat' dir='ltr'>praetori</span> <span class='ocrx_word' id='word_1_175' title='bbox 2134 2578 2470 2625; x_wconf 76' lang='lat' dir='ltr'>sacrorum,</span> <span class='ocrx_word' id='word_1_176' title='bbox 2501 2565 2637 2620; x_wconf 75' lang='lat' dir='ltr'>viro</span> 
     </span>
     <span class='ocr_line' id='line_1_24' title="bbox 992 2652 2230 2716; baseline -0.002 -11"><span class='ocrx_word' id='word_1_177' title='bbox 992 2652 1357 2715; x_wconf 70' lang='lat' dir='ltr'>clarissimo,</span> <span class='ocrx_word' id='word_1_178' title='bbox 1386 2656 1586 2707; x_wconf 69' lang='lat' dir='ltr'>amico</span> <span class='ocrx_word' id='word_1_179' title='bbox 1619 2656 1851 2716; x_wconf 76' lang='lat' dir='ltr'>optimo</span> <span class='ocrx_word' id='word_1_180' title='bbox 1885 2655 1974 2705; x_wconf 74' lang='lat' dir='ltr'>M.</span> <span class='ocrx_word' id='word_1_181' title='bbox 2009 2652 2230 2705; x_wconf 69' lang='lat' dir='ltr'>Rufus.</span> 
     </span>
    </p>
   </div>
   <div class='ocr_carea' id='block_1_7' title="bbox 486 2760 2738 3966">
    <p class='ocr_par' dir='ltr' id='par_1_7' title="bbox 486 2760 2738 3966">
     <span class='ocr_line' id='line_1_25' title="bbox 697 2760 2730 2847; baseline -0.001 -20"><span class='ocrx_word' id='word_1_182' title='bbox 697 2762 759 2827; x_wconf 89' lang='lat' dir='ltr'>S.</span> <span class='ocrx_word' id='word_1_183' title='bbox 856 2764 943 2828; x_wconf 89' lang='lat' dir='ltr'>De</span> <span class='ocrx_word' id='word_1_184' title='bbox 987 2764 1235 2829; x_wconf 82' lang='lat' dir='ltr'>Joanne</span> <span class='ocrx_word' id='word_1_185' title='bbox 1304 2766 1630 2842; x_wconf 86' lang='lat' dir='ltr'>Reuchlin,</span> <span class='ocrx_word' id='word_1_186' title='bbox 1677 2786 1908 2847; x_wconf 86' lang='lat' dir='ltr'>magno</span> <span class='ocrx_word' id='word_1_187' title='bbox 1967 2763 2350 2828; x_wconf 84' lang='lat' dir='ltr'>Germaniae</span> <span class='ocrx_word' id='word_1_188' title='bbox 2410 2760 2730 2835; x_wconf 82' lang='lat' dir='ltr'>miraculo,</span> 
     </span>
     <span class='ocr_line' id='line_1_26' title="bbox 488 2848 2728 2934; baseline -0.001 -21"><span class='ocrx_word' id='word_1_189' title='bbox 488 2849 710 2932; x_wconf 86' lang='lat' dir='ltr'>scripsi</span> <span class='ocrx_word' id='word_1_190' title='bbox 776 2851 853 2914; x_wconf 89' lang='lat' dir='ltr'>ad</span> <span class='ocrx_word' id='word_1_191' title='bbox 915 2855 978 2915; x_wconf 89' lang='lat' dir='ltr'>te</span> <span class='ocrx_word' id='word_1_192' title='bbox 1010 2851 1224 2916; x_wconf 77' lang='lat' dir='ltr'>-alias⁸</span> <span class='ocrx_word' id='word_1_193' title='bbox 1294 2856 1358 2915; x_wconf 90' lang='lat' dir='ltr'>et</span> <span class='ocrx_word' id='word_1_194' title='bbox 1427 2852 1610 2915; x_wconf 87' lang='lat' dir='ltr'>credo</span> <span class='ocrx_word' id='word_1_195' title='bbox 1679 2872 1788 2934; x_wconf 90' lang='lat' dir='ltr'>pro</span> <span class='ocrx_word' id='word_1_196' title='bbox 1857 2856 2072 2915; x_wconf 75' lang='lat' dir='ltr'>nostra</span> <span class='ocrx_word' id='word_1_197' title='bbox 2137 2849 2566 2913; x_wconf 82' lang='lat' dir='ltr'>familiaritate</span> <span class='ocrx_word' id='word_1_198' title='bbox 2635 2848 2728 2911; x_wconf 88' lang='lat' dir='ltr'>vel</span> 
     </span>
     <span class='ocr_line' id='line_1_27' title="bbox 488 2933 2738 3018; baseline -0.002 -18"><span class='ocrx_word' id='word_1_199' title='bbox 488 2936 704 3018; x_wconf 85' lang='lat' dir='ltr'>potius</span> <span class='ocrx_word' id='word_1_200' title='bbox 747 2936 1029 3001; x_wconf 84' lang='lat' dir='ltr'>fraterna</span> <span class='ocrx_word' id='word_1_201' title='bbox 1074 2938 1407 3003; x_wconf 84' lang='lat' dir='ltr'>concordia</span> <span class='ocrx_word' id='word_1_202' title='bbox 1451 2938 1766 3016; x_wconf 85' lang='lat' dir='ltr'>mandavi,</span> <span class='ocrx_word' id='word_1_203' title='bbox 1799 2944 1871 3001; x_wconf 89' lang='lat' dir='ltr'>ut</span> <span class='ocrx_word' id='word_1_204' title='bbox 1902 2938 2082 3001; x_wconf 83' lang='lat' dir='ltr'>dares</span> <span class='ocrx_word' id='word_1_205' title='bbox 2113 2936 2194 3000; x_wconf 87' lang='lat' dir='ltr'>ad</span> <span class='ocrx_word' id='word_1_206' title='bbox 2226 2956 2364 2999; x_wconf 87' lang='lat' dir='ltr'>eum</span> <span class='ocrx_word' id='word_1_207' title='bbox 2401 2933 2738 3016; x_wconf 25' lang='lat' dir='ltr'>epistolam*</span> 
     </span>
     <span class='ocr_line' id='line_1_28' title="bbox 487 3021 2731 3107; baseline -0.002 -20"><span class='ocrx_word' id='word_1_208' title='bbox 487 3027 551 3087; x_wconf 89' lang='lat' dir='ltr'>et</span> <span class='ocrx_word' id='word_1_209' title='bbox 610 3022 1007 3104; x_wconf 77' lang='lat' dir='ltr'>promitteres</span> <span class='ocrx_word' id='word_1_210' title='bbox 1052 3024 1237 3088; x_wconf 84' lang='lat' dir='ltr'>fidem</span> <span class='ocrx_word' id='word_1_211' title='bbox 1298 3029 1363 3087; x_wconf 88' lang='lat' dir='ltr'>et</span> <span class='ocrx_word' id='word_1_212' title='bbox 1422 3024 1878 3107; x_wconf 80' lang='lat' dir='ltr'>adjumentum,</span> <span class='ocrx_word' id='word_1_213' title='bbox 1947 3027 2256 3104; x_wconf 86' lang='lat' dir='ltr'>quantum</span> <span class='ocrx_word' id='word_1_214' title='bbox 2313 3021 2378 3083; x_wconf 88' lang='lat' dir='ltr'>in</span> <span class='ocrx_word' id='word_1_215' title='bbox 2435 3026 2500 3083; x_wconf 87' lang='lat' dir='ltr'>te</span> <span class='ocrx_word' id='word_1_216' title='bbox 2545 3024 2731 3096; x_wconf 86' lang='lat' dir='ltr'>esset,</span> 
     </span>
     <span class='ocr_line' id='line_1_29' title="bbox 486 3106 2730 3191; baseline -0.001 -20"><span class='ocrx_word' id='word_1_217' title='bbox 486 3109 787 3172; x_wconf 80' lang='lat' dir='ltr'>adversus</span> <span class='ocrx_word' id='word_1_218' title='bbox 832 3108 1094 3191; x_wconf 86' lang='lat' dir='ltr'>palliata</span> <span class='ocrx_word' id='word_1_219' title='bbox 1140 3107 1633 3175; x_wconf 80' lang='lat' dir='ltr'>mendicabula.⁸</span> <span class='ocrx_word' id='word_1_220' title='bbox 1722 3109 1792 3174; x_wconf 83' lang='lat' dir='ltr'>Si</span> <span class='ocrx_word' id='word_1_221' title='bbox 1822 3111 1885 3174; x_wconf 89' lang='lat' dir='ltr'>id</span> <span class='ocrx_word' id='word_1_222' title='bbox 1919 3109 2195 3173; x_wconf 86' lang='lat' dir='ltr'>nondum</span> <span class='ocrx_word' id='word_1_223' title='bbox 2245 3106 2484 3180; x_wconf 52' lang='lat' dir='ltr'>feceris</span> <span class='ocrx_word' id='word_1_224' title='bbox 2518 3110 2730 3169; x_wconf 83' lang='lat' dir='ltr'>tamen</span> 
     </span>
     <span class='ocr_line' id='line_1_30' title="bbox 487 3190 2732 3290; baseline -0.002 -31"><span class='ocrx_word' id='word_1_225' title='bbox 487 3194 800 3261; x_wconf 86' lang='lat' dir='ltr'>facturum</span> <span class='ocrx_word' id='word_1_226' title='bbox 844 3199 909 3259; x_wconf 84' lang='lat' dir='ltr'>te</span> <span class='ocrx_word' id='word_1_227' title='bbox 954 3196 1221 3259; x_wconf 80' lang='lat' dir='ltr'>confido,</span> <span class='ocrx_word' id='word_1_228' title='bbox 1309 3196 1517 3261; x_wconf 85' lang='lat' dir='ltr'>Instat</span> <span class='ocrx_word' id='word_1_229' title='bbox 1561 3200 1624 3259; x_wconf 90' lang='lat' dir='ltr'>et</span> <span class='ocrx_word' id='word_1_230' title='bbox 1670 3200 1851 3276; x_wconf 81' lang='lat' dir='ltr'>urget</span> <span class='ocrx_word' id='word_1_231' title='bbox 1884 3196 2141 3277; x_wconf 88' lang='lat' dir='ltr'>quidam</span> <span class='ocrx_word' id='word_1_232' title='bbox 2173 3190 2504 3290; x_wconf 75' lang='lat' dir='ltr'>Jacobu3‚⁷</span> <span class='ocrx_word' id='word_1_233' title='bbox 2537 3196 2732 3273; x_wconf 87' lang='lat' dir='ltr'>caput</span> 
     </span>
     <span class='ocr_line' id='line_1_31' title="bbox 486 3276 2730 3364; baseline -0.003 -19"><span class='ocrx_word' id='word_1_234' title='bbox 486 3282 738 3345; x_wconf 88' lang='lat' dir='ltr'>barbari</span> <span class='ocrx_word' id='word_1_235' title='bbox 801 3282 1029 3364; x_wconf 57' lang='lat' dir='ltr'>gregis„</span> <span class='ocrx_word' id='word_1_236' title='bbox 1091 3303 1233 3345; x_wconf 88' lang='lat' dir='ltr'>cum</span> <span class='ocrx_word' id='word_1_237' title='bbox 1280 3283 1413 3346; x_wconf 85' lang='lat' dir='ltr'>suis</span> <span class='ocrx_word' id='word_1_238' title='bbox 1458 3282 1823 3346; x_wconf 86' lang='lat' dir='ltr'>theobardis</span> <span class='ocrx_word' id='word_1_239' title='bbox 1869 3287 1934 3345; x_wconf 86' lang='lat' dir='ltr'>et</span> <span class='ocrx_word' id='word_1_240' title='bbox 1979 3276 2510 3355; x_wconf 78' lang='lat' dir='ltr'>Arnobardi·stls,⁸</span> <span class='ocrx_word' id='word_1_241' title='bbox 2571 3298 2730 3359; x_wconf 88' lang='lat' dir='ltr'>quos</span> 
     </span>
     <span class='ocr_line' id='line_1_32' title="bbox 486 3364 2731 3450; baseline -0.002 -19"><span class='ocrx_word' id='word_1_242' title='bbox 486 3368 813 3431; x_wconf 87' lang='lat' dir='ltr'>universos</span> <span class='ocrx_word' id='word_1_243' title='bbox 862 3368 955 3432; x_wconf 91' lang='lat' dir='ltr'>uti</span> <span class='ocrx_word' id='word_1_244' title='bbox 1001 3367 1283 3450; x_wconf 81' lang='lat' dir='ltr'>singulos</span> <span class='ocrx_word' id='word_1_245' title='bbox 1344 3390 1579 3449; x_wconf 87' lang='lat' dir='ltr'>susque</span> <span class='ocrx_word' id='word_1_246' title='bbox 1639 3369 1838 3450; x_wconf 87' lang='lat' dir='ltr'>deque</span> <span class='ocrx_word' id='word_1_247' title='bbox 1896 3366 2091 3430; x_wconf 85' lang='lat' dir='ltr'>habet</span> <span class='ocrx_word' id='word_1_248' title='bbox 2149 3364 2434 3447; x_wconf 83' lang='lat' dir='ltr'>Capnion</span> <span class='ocrx_word' id='word_1_249' title='bbox 2499 3368 2731 3440; x_wconf 85' lang='lat' dir='ltr'>noster,</span> 
     </span>
     <span class='ocr_line' id='line_1_33' title="bbox 486 3451 2726 3537; baseline -0.003 -19"><span class='ocrx_word' id='word_1_250' title='bbox 486 3454 699 3535; x_wconf 89' lang='lat' dir='ltr'>magni</span> <span class='ocrx_word' id='word_1_251' title='bbox 768 3453 861 3517; x_wconf 88' lang='lat' dir='ltr'>vir</span> <span class='ocrx_word' id='word_1_252' title='bbox 926 3454 1123 3518; x_wconf 88' lang='lat' dir='ltr'>animi</span> <span class='ocrx_word' id='word_1_253' title='bbox 1182 3459 1247 3517; x_wconf 90' lang='lat' dir='ltr'>et</span> <span class='ocrx_word' id='word_1_254' title='bbox 1302 3454 1485 3518; x_wconf 88' lang='lat' dir='ltr'>fortis</span> <span class='ocrx_word' id='word_1_255' title='bbox 1540 3459 1605 3519; x_wconf 93' lang='lat' dir='ltr'>et</span> <span class='ocrx_word' id='word_1_256' title='bbox 1660 3458 1914 3537; x_wconf 86' lang='lat' dir='ltr'>propter</span> <span class='ocrx_word' id='word_1_257' title='bbox 1980 3451 2306 3515; x_wconf 88' lang='lat' dir='ltr'>hebraicas</span> <span class='ocrx_word' id='word_1_258' title='bbox 2362 3453 2428 3513; x_wconf 89' lang='lat' dir='ltr'>et</span> <span class='ocrx_word' id='word_1_259' title='bbox 2469 3470 2726 3531; x_wconf 85' lang='lat' dir='ltr'>graecas</span> 
     </span>
     <span class='ocr_line' id='line_1_34' title="bbox 486 3535 2734 3623; baseline -0.003 -19"><span class='ocrx_word' id='word_1_260' title='bbox 486 3540 720 3620; x_wconf 85' lang='lat' dir='ltr'>literas,</span> <span class='ocrx_word' id='word_1_261' title='bbox 766 3540 830 3602; x_wconf 89' lang='lat' dir='ltr'>in</span> <span class='ocrx_word' id='word_1_262' title='bbox 879 3540 1113 3623; x_wconf 85' lang='lat' dir='ltr'>quibus</span> <span class='ocrx_word' id='word_1_263' title='bbox 1179 3540 1554 3604; x_wconf 86' lang='lat' dir='ltr'>mirabiliter</span> <span class='ocrx_word' id='word_1_264' title='bbox 1623 3538 1892 3617; x_wconf 85' lang='lat' dir='ltr'>excellit,</span> <span class='ocrx_word' id='word_1_265' title='bbox 1959 3539 2182 3601; x_wconf 87' lang='lat' dir='ltr'>merito</span> <span class='ocrx_word' id='word_1_266' title='bbox 2244 3535 2624 3599; x_wconf 81' lang='lat' dir='ltr'>venerabilis</span> <span class='ocrx_word' id='word_1_267' title='bbox 2667 3541 2734 3597; x_wconf 87' lang='lat' dir='ltr'>et</span> 
     </span>
     <span class='ocr_line' id='line_1_35' title="bbox 490 3624 2729 3719; baseline -0.003 -29"><span class='ocrx_word' id='word_1_268' title='bbox 490 3626 808 3690; x_wconf 87' lang='lat' dir='ltr'>colendus.</span> <span class='ocrx_word' id='word_1_269' title='bbox 896 3624 1004 3689; x_wconf 85' lang='lat' dir='ltr'>Lis</span> <span class='ocrx_word' id='word_1_270' title='bbox 1049 3626 1115 3689; x_wconf 94' lang='lat' dir='ltr'>in</span> <span class='ocrx_word' id='word_1_271' title='bbox 1162 3646 1359 3691; x_wconf 83' lang='lat' dir='ltr'>causa</span> <span class='ocrx_word' id='word_1_272' title='bbox 1402 3624 1849 3708; x_wconf 84' lang='lat' dir='ltr'>appellationis</span> <span class='ocrx_word' id='word_1_273' title='bbox 1899 3626 2066 3689; x_wconf 84' lang='lat' dir='ltr'>inter</span> <span class='ocrx_word' id='word_1_274' title='bbox 2109 3628 2448 3705; x_wconf 84' lang='lat' dir='ltr'>utramque</span> <span class='ocrx_word' id='word_1_275' title='bbox 2491 3625 2729 3719; x_wconf 80' lang='lat' dir='ltr'>partem</span> 
     </span>
     <span class='ocr_line' id='line_1_36' title="bbox 489 3708 2733 3805; baseline -0.003 -29"><span class='ocrx_word' id='word_1_276' title='bbox 489 3712 718 3776; x_wconf 89' lang='lat' dir='ltr'>oborta</span> <span class='ocrx_word' id='word_1_277' title='bbox 762 3712 993 3794; x_wconf 87' lang='lat' dir='ltr'>pendet</span> <span class='ocrx_word' id='word_1_278' title='bbox 1038 3711 1277 3795; x_wconf 87' lang='lat' dir='ltr'>Spirae.</span> <span class='ocrx_word' id='word_1_279' title='bbox 1368 3710 1568 3775; x_wconf 87' lang='lat' dir='ltr'>Favet</span> <span class='ocrx_word' id='word_1_280' title='bbox 1601 3708 1909 3793; x_wconf 85' lang='lat' dir='ltr'>Capnioni</span> <span class='ocrx_word' id='word_1_281' title='bbox 1945 3709 2529 3793; x_wconf 88' lang='lat' dir='ltr'>praestantissimus</span> <span class='ocrx_word' id='word_1_282' title='bbox 2560 3728 2733 3805; x_wconf 63' lang='lat' dir='ltr'>quis-</span> 
     </span>
     <span class='ocr_line' id='line_1_37' title="bbox 492 3794 2732 3881; baseline -0.003 -19"><span class='ocrx_word' id='word_1_283' title='bbox 492 3820 633 3881; x_wconf 90' lang='lat' dir='ltr'>que.</span> <span class='ocrx_word' id='word_1_284' title='bbox 744 3794 953 3861; x_wconf 82' lang='lat' dir='ltr'>Habet</span> <span class='ocrx_word' id='word_1_285' title='bbox 1024 3798 1127 3862; x_wconf 90' lang='lat' dir='ltr'>hic</span> <span class='ocrx_word' id='word_1_286' title='bbox 1194 3798 1287 3862; x_wconf 88' lang='lat' dir='ltr'>vir</span> <span class='ocrx_word' id='word_1_287' title='bbox 1353 3798 1634 3881; x_wconf 89' lang='lat' dir='ltr'>optimus</span> <span class='ocrx_word' id='word_1_288' title='bbox 1701 3802 1766 3861; x_wconf 86' lang='lat' dir='ltr'>et</span> <span class='ocrx_word' id='word_1_289' title='bbox 1830 3796 2250 3878; x_wconf 86' lang='lat' dir='ltr'>undecunque</span> <span class='ocrx_word' id='word_1_290' title='bbox 2325 3794 2732 3859; x_wconf 72' lang='lat' dir='ltr'>doctisfflmus</span> 
     </span>
     <span class='ocr_line' id='line_1_38' title="bbox 492 3878 2730 3966; baseline -0.004 -18"><span class='ocrx_word' id='word_1_291' title='bbox 492 3884 685 3949; x_wconf 88' lang='lat' dir='ltr'>etiam</span> <span class='ocrx_word' id='word_1_292' title='bbox 751 3883 988 3948; x_wconf 84' lang='lat' dir='ltr'>Romae</span> <span class='ocrx_word' id='word_1_293' title='bbox 1054 3888 1355 3966; x_wconf 89' lang='lat' dir='ltr'>patronos</span> <span class='ocrx_word' id='word_1_294' title='bbox 1420 3884 1792 3966; x_wconf 84' lang='lat' dir='ltr'>amplissimi</span> <span class='ocrx_word' id='word_1_295' title='bbox 1859 3881 2098 3947; x_wconf 87' lang='lat' dir='ltr'>ordinis</span> <span class='ocrx_word' id='word_1_296' title='bbox 2166 3886 2296 3945; x_wconf 83' lang='lat' dir='ltr'>tres</span> <span class='ocrx_word' id='word_1_297' title='bbox 2363 3878 2730 3945; x_wconf 73' lang='lat' dir='ltr'>cardinales,</span> 
     </span>
    </p>
   </div>
   <div class='ocr_carea' id='block_1_8' title="bbox 490 4008 853 4015">
    <p class='ocr_par' dir='ltr' id='par_1_8' title="bbox 490 4008 853 4015">
     <span class='ocr_line' id='line_1_39' title="bbox 490 4008 853 4015; baseline 0 880"><span class='ocrx_word' id='word_1_298' title='bbox 490 4008 853 4015; x_wconf 95' lang='lat' dir='ltr'> </span> 
     </span>
    </p>
   </div>
   <div class='ocr_carea' id='block_1_9' title="bbox 486 4046 2736 4461">
    <p class='ocr_par' dir='ltr' id='par_1_9' title="bbox 627 4046 2729 4126">
     <span class='ocr_line' id='line_1_40' title="bbox 627 4046 2729 4126; baseline -0.003 -20"><span class='ocrx_word' id='word_1_299' title='bbox 627 4055 643 4084; x_wconf 82' lang='lat'>¹</span> <span class='ocrx_word' id='word_1_300' title='bbox 678 4048 932 4106; x_wconf 78' lang='lat' dir='ltr'>Kaumlei·</span> <span class='ocrx_word' id='word_1_301' title='bbox 964 4054 1146 4106; x_wconf 79' lang='lat' dir='ltr'>kehlte</span> <span class='ocrx_word' id='word_1_302' title='bbox 1181 4070 1279 4108; x_wconf 81' lang='lat' dir='ltr'>von</span> <span class='ocrx_word' id='word_1_303' title='bbox 1317 4052 1493 4105; x_wconf 86' lang='lat' dir='ltr'>Erfurt</span> <span class='ocrx_word' id='word_1_304' title='bbox 1526 4054 1664 4105; x_wconf 89' lang='lat' dir='ltr'>nach</span> <span class='ocrx_word' id='word_1_305' title='bbox 1697 4048 1920 4105; x_wconf 80' lang='lat' dir='ltr'>Breslau</span> <span class='ocrx_word' id='word_1_306' title='bbox 1955 4052 2166 4105; x_wconf 79' lang='lat' dir='ltr'>zuriick.</span> <span class='ocrx_word' id='word_1_307' title='bbox 2241 4049 2358 4119; x_wconf 87' lang='lat' dir='ltr'>Vgl.</span> <span class='ocrx_word' id='word_1_308' title='bbox 2385 4047 2436 4101; x_wconf 82' lang='lat' dir='ltr'>S.</span> <span class='ocrx_word' id='word_1_309' title='bbox 2465 4046 2566 4126; x_wconf 61' lang='grc'>292</span> <span class='ocrx_word' id='word_1_310' title='bbox 2593 4048 2654 4099; x_wconf 81' lang='lat' dir='ltr'>A.</span> <span class='ocrx_word' id='word_1_311' title='bbox 2681 4048 2729 4101; x_wconf 81' lang='lat'>7.</span> 
     </span>
    </p>

    <p class='ocr_par' dir='ltr' id='par_1_10' title="bbox 492 4115 2735 4195">
     <span class='ocr_line' id='line_1_41' title="bbox 492 4115 2735 4195; baseline -0.002 -22"><span class='ocrx_word' id='word_1_312' title='bbox 492 4122 513 4155; x_wconf 72' lang='lat'><em>2</em></span> <span class='ocrx_word' id='word_1_313' title='bbox 546 4121 666 4190; x_wconf 87' lang='lat' dir='ltr'>Vgl.</span> <span class='ocrx_word' id='word_1_314' title='bbox 700 4122 786 4176; x_wconf 89' lang='lat' dir='ltr'>Br.</span> <span class='ocrx_word' id='word_1_315' title='bbox 826 4123 939 4177; x_wconf 88' lang='lat'>335.</span> <span class='ocrx_word' id='word_1_316' title='bbox 1082 4124 1103 4155; x_wconf 75' lang='lat'>³</span> <span class='ocrx_word' id='word_1_317' title='bbox 1137 4122 1276 4175; x_wconf 85' lang='lat' dir='ltr'>Zwei</span> <span class='ocrx_word' id='word_1_318' title='bbox 1328 4122 1497 4175; x_wconf 87' lang='lat' dir='ltr'>Adam</span> <span class='ocrx_word' id='word_1_319' title='bbox 1553 4120 1854 4189; x_wconf 85' lang='lat' dir='ltr'>Ascheberg</span> <span class='ocrx_word' id='word_1_320' title='bbox 1888 4122 2096 4173; x_wconf 82' lang='lat' dir='ltr'>werden</span> <span class='ocrx_word' id='word_1_321' title='bbox 2139 4120 2290 4172; x_wconf 88' lang='lat' dir='ltr'>nebst</span> <span class='ocrx_word' id='word_1_322' title='bbox 2335 4118 2596 4195; x_wconf 68' lang='lat' dir='ltr'>Nepotlan</span> <span class='ocrx_word' id='word_1_323' title='bbox 2645 4115 2735 4193; x_wconf 75' lang='lat' dir='ltr'>be-</span> 
     </span>
    </p>

    <p class='ocr_par' dir='ltr' id='par_1_11' title="bbox 486 4186 2736 4328">
     <span class='ocr_line' id='line_1_42' title="bbox 486 4186 2736 4266; baseline -0.004 -21"><span class='ocrx_word' id='word_1_324' title='bbox 486 4190 615 4245; x_wconf 87' lang='lat' dir='ltr'>reits</span> <span class='ocrx_word' id='word_1_325' title='bbox 648 4191 724 4243; x_wconf 90' lang='lat' dir='ltr'>im</span> <span class='ocrx_word' id='word_1_326' title='bbox 760 4190 845 4244; x_wconf 88' lang='lat' dir='ltr'>Br.</span> <span class='ocrx_word' id='word_1_327' title='bbox 885 4208 936 4245; x_wconf 75' lang='lat' dir='ltr'>v,</span> <span class='ocrx_word' id='word_1_328' title='bbox 974 4190 1053 4244; x_wconf 78' lang='lat'>25.</span> <span class='ocrx_word' id='word_1_329' title='bbox 1092 4191 1233 4243; x_wconf 71' lang='lat' dir='ltr'>Mara</span> <span class='ocrx_word' id='word_1_330' title='bbox 1272 4192 1403 4245; x_wconf 80' lang='lat'>1513</span> <span class='ocrx_word' id='word_1_331' title='bbox 1441 4190 1552 4259; x_wconf 82' lang='lat' dir='ltr'>(Nr.</span> <span class='ocrx_word' id='word_1_332' title='bbox 1591 4190 1713 4258; x_wconf 77' lang='lat'>235)</span> <span class='ocrx_word' id='word_1_333' title='bbox 1751 4192 1992 4257; x_wconf 73' lang='lat' dir='ltr'>genennt.</span> <span class='ocrx_word' id='word_1_334' title='bbox 2064 4186 2469 4257; x_wconf 72' lang='lat' dir='ltr'>Eigentiimhch,</span> <span class='ocrx_word' id='word_1_335' title='bbox 2493 4186 2644 4266; x_wconf 36' lang='lat' dir='ltr'>,dass</span> <span class='ocrx_word' id='word_1_336' title='bbox 2679 4202 2736 4236; x_wconf 89' lang='lat' dir='ltr'>m</span> 
     </span>
     <span class='ocr_line' id='line_1_43' title="bbox 489 4254 2593 4328; baseline -0.002 -16"><span class='ocrx_word' id='word_1_337' title='bbox 489 4261 589 4313; x_wconf 87' lang='lat' dir='ltr'>den</span> <span class='ocrx_word' id='word_1_338' title='bbox 626 4260 744 4328; x_wconf 88' lang='lat' dir='ltr'>folg.</span> <span class='ocrx_word' id='word_1_339' title='bbox 783 4260 913 4313; x_wconf 83' lang='lat' dir='ltr'>zwei</span> <span class='ocrx_word' id='word_1_340' title='bbox 948 4259 1155 4313; x_wconf 78' lang='lat' dir='ltr'>Briefen</span> <span class='ocrx_word' id='word_1_341' title='bbox 1196 4276 1294 4311; x_wconf 83' lang='lat' dir='ltr'>nur·</span> <span class='ocrx_word' id='word_1_342' title='bbox 1326 4259 1588 4327; x_wconf 87' lang='lat' dir='ltr'>Nepotian</span> <span class='ocrx_word' id='word_1_343' title='bbox 1623 4258 1920 4327; x_wconf 86' lang='lat' dir='ltr'>empfohlen</span> <span class='ocrx_word' id='word_1_344' title='bbox 1955 4257 2101 4311; x_wconf 76' lang='lat' dir='ltr'>wir-d.</span> <span class='ocrx_word' id='word_1_345' title='bbox 2241 4257 2264 4289; x_wconf 80' lang='lat'><strong>⁴</strong></span> <span class='ocrx_word' id='word_1_346' title='bbox 2296 4255 2381 4309; x_wconf 87' lang='lat' dir='ltr'>Br.</span> <span class='ocrx_word' id='word_1_347' title='bbox 2422 4256 2523 4307; x_wconf 77' lang='lat'>330</span> <span class='ocrx_word' id='word_1_348' title='bbox 2558 4254 2593 4307; x_wconf 90' lang='lat' dir='ltr'>f.</span> 
     </span>
    </p>

    <p class='ocr_par' dir='ltr' id='par_1_12' title="bbox 558 4320 2736 4402">
     <span class='ocr_line' id='line_1_44' title="bbox 558 4320 2736 4402; baseline -0.003 -22"><span class='ocrx_word' id='word_1_349' title='bbox 558 4332 579 4361; x_wconf 79' lang='lat'>⁵</span> <span class='ocrx_word' id='word_1_350' title='bbox 614 4328 798 4381; x_wconf 88' lang='lat' dir='ltr'>Dieser</span> <span class='ocrx_word' id='word_1_351' title='bbox 831 4328 918 4383; x_wconf 94' lang='lat' dir='ltr'>Br.</span> <span class='ocrx_word' id='word_1_352' title='bbox 958 4328 1028 4397; x_wconf 89' lang='lat' dir='ltr'>(v.</span> <span class='ocrx_word' id='word_1_353' title='bbox 1066 4328 1207 4381; x_wconf 68' lang='lat' dir='ltr'>Mar-z</span> <span class='ocrx_word' id='word_1_354' title='bbox 1244 4328 1399 4397; x_wconf 86' lang='lat'>1513)</span> <span class='ocrx_word' id='word_1_355' title='bbox 1436 4328 1508 4382; x_wconf 87' lang='lat' dir='ltr'>ist</span> <span class='ocrx_word' id='word_1_356' title='bbox 1540 4326 1794 4380; x_wconf 85' lang='lat' dir='ltr'>verloren.</span> <span class='ocrx_word' id='word_1_357' title='bbox 1847 4326 1964 4394; x_wconf 82' lang='lat' dir='ltr'>Vgl.</span> <span class='ocrx_word' id='word_1_358' title='bbox 2003 4326 2054 4379; x_wconf 76' lang='lat' dir='ltr'>S.</span> <span class='ocrx_word' id='word_1_359' title='bbox 2092 4326 2192 4379; x_wconf 82' lang='lat'>294</span> <span class='ocrx_word' id='word_1_360' title='bbox 2228 4327 2287 4378; x_wconf 88' lang='lat' dir='ltr'>A.</span> <span class='ocrx_word' id='word_1_361' title='bbox 2324 4326 2392 4402; x_wconf 50' lang='lat'>5„</span> <span class='ocrx_word' id='word_1_362' title='bbox 2477 4324 2500 4355; x_wconf 79' lang='lat'><strong>⁶</strong></span> <span class='ocrx_word' id='word_1_363' title='bbox 2533 4320 2736 4375; x_wconf 86' lang='lat' dir='ltr'>Bettel-</span> 
     </span>
    </p>

    <p class='ocr_par' dir='ltr' id='par_1_13' title="bbox 490 4390 2736 4461">
     <span class='ocr_line' id='line_1_45' title="bbox 490 4390 2736 4461; baseline -0.001 -13"><span class='ocrx_word' id='word_1_364' title='bbox 490 4398 730 4450; x_wconf 66' lang='lat' dir='ltr'>monche.</span> <span class='ocrx_word' id='word_1_365' title='bbox 801 4397 1006 4450; x_wconf 85' lang='lat' dir='ltr'>Ebenso</span> <span class='ocrx_word' id='word_1_366' title='bbox 1062 4398 1115 4449; x_wconf 87' lang='lat' dir='ltr'>in</span> <span class='ocrx_word' id='word_1_367' title='bbox 1162 4396 1248 4450; x_wconf 90' lang='lat' dir='ltr'>Br.</span> <span class='ocrx_word' id='word_1_368' title='bbox 1302 4398 1417 4453; x_wconf 88' lang='lat'>343.</span> <span class='ocrx_word' id='word_1_369' title='bbox 1561 4396 1581 4429; x_wconf 85' lang='lat'>⁷</span> <span class='ocrx_word' id='word_1_370' title='bbox 1615 4395 1978 4451; x_wconf 81' lang='lat' dir='ltr'>Hochstratcn.</span> <span class='ocrx_word' id='word_1_371' title='bbox 2121 4396 2142 4425; x_wconf 64' lang='grc' dir='ltr'><strong>Β</strong></span> <span class='ocrx_word' id='word_1_372' title='bbox 2176 4392 2460 4448; x_wconf 85' lang='lat' dir='ltr'>Rcuchlms</span> <span class='ocrx_word' id='word_1_373' title='bbox 2513 4390 2736 4461; x_wconf 85' lang='lat' dir='ltr'>Gegner.</span> 
     </span>
    </p>
   </div>
   <div class='ocr_carea' id='block_1_10' title="bbox 3009 2323 3017 4489">
    <p class='ocr_par' dir='ltr' id='par_1_14' title="bbox 3009 2323 3017 4489">
     <span class='ocr_line' id='line_1_46' title="bbox 3009 2323 3017 4489; baseline 0 0"><span class='ocrx_word' id='word_1_374' title='bbox 3009 2323 3017 4489; x_wconf 95' lang='lat' dir='ltr'> </span> 
     </span>
    </p>
   </div>
  </div>
 </body>
</html>
