3084 4895
533 376 660 443 306
1359 374 1532 435 Briefe
1570 374 1663 435 des
1698 374 1749 435 J.
1790 376 1936 435 1513.

535 550 692 631 quin
740 552 803 612 et
846 551 960 613 tua
1005 548 1342 632 prudentia
1390 550 1538 615 novi
1584 550 1889 633 quiddam
1937 554 2125 614 emat.
2216 550 2557 615 Balborum
2592 568 2811 631 opera

535 657 664 699 non
697 634 985 717 equidem
1021 637 1278 701 omnino
1311 637 1609 718 despicio,
1642 637 1751 701 sed
1785 637 1996 700 nescio
2028 637 2347 719 quomodo
2378 637 2806 701 doctissimus

535 722 806 803 quisque
838 722 1202 785 contemnit.
1277 720 1623 800 Musard0,¹
1662 722 2039 805 philosopho
2071 744 2197 785 non
2231 722 2495 804 vulgari,
2528 728 2801 803 gratum

540 808 754 883 facite,
817 805 1009 869 facies
1068 813 1299 885 autem,
1347 809 1400 871 si
1450 809 1663 872 literas
1718 831 1892 871 meas
1958 810 2401 873 transmiseris
2491 806 2801 873 Sabbato

533 915 660 960 non
707 893 1024 957 affuerunt
1068 896 1277 958 vestri.
1369 893 1707 973 Mandasti,
1740 898 1814 957 ut
1850 894 2356 977 Engelmannum
2402 896 2797 959 invocarem.

534 978 889 1063 Imploravi‚
939 982 1004 1042 et
1047 980 1198 1061 quia
1243 1002 1369 1043 non
1415 982 1653 1045 recedit
1696 1002 1735 1043 a
1779 980 1954 1061 vulgi
1999 981 2428 1063 opinionibuS,
2490 981 2798 1063 vulgaria

531 1070 784 1129 tantum
849 1065 1171 1129 succincte
1239 1067 1505 1144 narravi,
1569 1067 1741 1148 quod
1806 1071 1973 1131 esset
2038 1090 2288 1131 summa
2354 1069 2591 1148 negotii
2655 1069 2794 1131 tibi

529 1151 724 1233 probe
769 1148 1073 1231 cognita.²
1163 1152 1326 1229 Quid
1372 1152 1629 1216 Lotiani
1676 1157 1939 1233 egerunt
1974 1154 2040 1216 in
2073 1152 2499 1217 hoekirchen‘?
2527 1164 2555 1193 ὃ
2632 1152 2793 1233 „Sic

529 1238 694 1301 mala
738 1236 979 1301 radices
1024 1238 1216 1301 altius
1261 1238 1447 1303 arbor
1491 1238 1683 1321 agit.“
1709 1236 1732 1269 ³
1822 1238 1957 1301 Tua
2014 1240 2295 1321 dignitas
2340 1240 2501 1304 belle
2546 1240 2785 1303 valeat..

837 1334 960 1392 eod.
997 1337 1130 1392 Frcf.
1170 1338 1286 1395 184.

530 1526 760 1595 (ootha.)
1574 1513 1719 1578 249.
2556 1528 2711 1598 (1513
2726 1528 2781 1599 ἱ»)

1219 1640 1507 1711 Mutian
1552 1660 1650 1711 an
1693 1640 2061 1712 Herbord.

523 1766 827 1835 (Vonm'c‘rfe
861 1768 988 1821 iiber
1016 1770 1251 1837 qemeina
1285 1769 1557 1823 Hahsueht
1590 1770 1677 1823 des
1710 1770 1963 1825 Juristen.
2034 1770 2203 1837 Frayt
2235 1768 2498 1837 spattisek,
2525 1784 2636 1821 was
2659 1767 2778 1819 eine-

532 1836 898 1889 Consultation
947 1838 1096 1902 kuste,
1133 1839 1249 1891 und
1280 1840 1377 1906 leyt
1410 1840 1560 1892 daun
1605 1840 1759 1893 einen
1804 1840 2183 1893 Rechtshandel
2226 1856 2329 1891 zur
2376 1837 2777 1904 Beyutaelztunq

522 1922 628 1968 vor,
666 1922 762 1957 um
796 1906 894 1959 den
930 1906 1231 1975 brieflieken
1277 1908 1965 2044 Verkehrzxalqllgsgeybords
2000 1908 2258 1977 Beispziele
2280 1906 2427 1960 nieht
2450 1904 2777 1973 eimeklafm

601 2137 604 2139 ,
655 2088 1019 2142 Herebordo
1048 2088 1207 2149 juris
1243 2090 1577 2151 venditori,
1610 2090 1732 2141 imo
1770 2090 2033 2150 doctori,
2065 2090 2188 2139 imo
2223 2089 2535 2141 venditori
2570 2088 2633 2139 et

1188 2174 1428 2227 doctori
1461 2176 1720 2228 mirifico
1756 2178 1845 2227 M·
1879 2176 2101 2229 Rufus.

726 2280 792 2346 S.
881 2282 1168 2349 Servium
1217 2284 1590 2369 Sulpicium,
1638 2286 1740 2351 cui
1786 2286 2059 2369 cont-igit
2101 2284 2501 2368 eloquentiae
2545 2284 2769 2355 virtus,

521 2368 891 2451 priusquam
943 2370 1048 2452 jus
1103 2372 1284 2435 civile
1339 2373 1686 2447 didicisset,
1751 2395 1881 2437 rem
1936 2373 2016 2436 ad
2070 2373 2353 2456 privatas
2420 2392 2645 2433 causas
2704 2375 2773 2433 et

520 2455 599 2518 ad
674 2457 944 2521 oratoris
1016 2459 1416 2540 prudentiam
1494 2461 1773 2524 maxime
1846 2460 2283 2536 necessariam,
2359 2457 2766 2540 objurgatum
2832 2495 2836 2498 -

519 2540 718 2604 fuisse
763 2543 1030 2624 legimus
1073 2567 1113 2608 a
1157 2545 1396 2622 Quinto
1441 2545 1663 2624 Muti0,
1712 2547 1821 2629 qui
1855 2546 1936 2610 ad
1970 2546 2319 2626 legitimam
2366 2544 2769 2625 disciplinam

518 2649 703 2690 omne
771 2651 954 2692 suurn
1031 2632 1312 2695 studium
1381 2637 1444 2696 et
1505 2654 1690 2696 usum
1768 2633 2141 2707 contulerat,
2212 2630 2385 2694 hisce
2454 2630 2519 2692 ni
2582 2629 2771 2693 fallor

518 2713 760 2778 verbis:
831 2720 1014 2798 turpe
1079 2718 1330 2798 quidem
1391 2740 1534 2784 esse
1588 2718 1787 2781 nobili
1836 2723 1898 2782 et
1942 2719 2208 2800 patricio
2256 2718 2387 2780 viro
2435 2721 2499 2780 et
2543 2736 2769 2780 causas

519 2800 736 2880 agenti
773 2801 899 2882 juS,
948 2803 1013 2866 in
1061 2823 1187 2884 quo
1247 2809 1553 2882 versatur,
1614 2805 1923 2885 ignorare.
2013 2804 2247 2868 Eodem
2306 2803 2475 2866 dicto
2530 2805 2595 2866 te
2652 2801 2766 2864 ob-

510 2885 766 2967 jurgare
811 2908 935 2951 non
991 2909 1270 2971 possum,
1330 2911 1470 2953 cum
1518 2895 1583 2954 et
1627 2891 1897 2955 oratoris
1942 2893 2007 2954 et
2046 2888 2486 2971 jurisconsulti
2554 2887 2765 2952 officio

517 2973 673 3036 satis
734 2973 888 3036 mihi
945 2973 1146 3038 facere
1209 2976 1499 3050 videariS,
1547 2976 1671 3039 nisi
1718 2977 1887 3058 quod
1936 2999 2001 3040 es
2046 2975 2305 3040 honoris
2352 2979 2415 3038 et
2458 2975 2763 3056 pecuniae

515 3058 704 3140 paulo
771 3060 1014 3124 avidior
1061 3066 1126 3124 et
1167 3063 1349 3142 quasi
1413 3065 1837 3126 mercenarius
1890 3063 2130 3126 rabula.
2221 3062 2445 3142 Itaque
2500 3062 2765 3124 mutatis

519 3144 726 3208 verb-is
772 3147 864 3209 ita
907 3151 972 3210 te
1017 3147 1196 3210 affari
1243 3147 1417 3212 licet:
1465 3152 1649 3230 turpe
1696 3149 1949 3232 quidem
1990 3169 2127 3212 esse
2174 3148 2373 3210 nobili
2403 3151 2467 3210 et
2496 3147 2763 3228 patricio

520 3231 880 3296 Herebordo
928 3238 991 3297 et
1037 3255 1259 3298 causas
1325 3236 1539 3317 agenti
1580 3235 1703 3316 juS,
1752 3236 1815 3298 in
1864 3256 1991 3316 quo
2038 3239 2341 3308 versatur,
2408 3233 2762 3296 divendere.

517 3317 724 3398 Atque
772 3325 844 3381 ut
889 3320 1258 3383 omittamus
1325 3323 1388 3383 in
1457 3321 1621 3384 hanc
1688 3323 2069 3385 sententiam
2137 3321 2341 3384 multa
2408 3320 2763 3386 memoriter

513 3425 586 3466 ac
651 3405 924 3468 dilucide
985 3405 1318 3492 proferret,
1359 3407 1512 3487 quid
1571 3408 1754 3488 pretii
1818 3407 2105 3489 postulas
2162 3427 2273 3489 pro
2333 3407 2762 3488 responsione,

517 3511 704 3570 quam
753 3491 1022 3572 flagito?
1109 3491 1179 3554 Si
1229 3493 1386 3556 bene
1432 3496 1497 3556 te
1546 3493 1710 3570 novi,
1760 3493 1957 3556 dices:
2012 3492 2337 3574 „Mutiano
2368 3493 2587 3572 gratiS‚
2622 3491 2762 3554 aliis

513 3577 769 3640 minime
837 3573 966 3642 tam
1038 3578 1382 3642 liberaliter
1450 3580 1861 3660 respondebO.
1974 3578 2293 3642 Centenos
2366 3599 2589 3641 aureos
2658 3579 2764 3640 det

510 3665 1036 3744 oportet‚qui1ne
1069 3665 1387 3729 causidico
1411 3665 1686 3747 judicem
1714 3665 2004 3728 aditurus
2030 3663 2182 3729 est.“
2234 3665 2407 3728 Esto.
2458 3665 2761 3745 Emunge‚

512 3770 680 3830 rape,
747 3751 938 3826 aufer,
1009 3751 1195 3815 modo
1264 3772 1486 3832 parcas
1552 3753 1773 3814 amicO.
1888 3751 2051 3826 Quid
2120 3750 2369 3814 sentis?
2477 3750 2760 3813 Narrabo

510 3832 659 3898 facti
729 3837 1020 3916 speciem.
1153 3837 1359 3900 Titius
1433 3837 1851 3902 hereditatem
1919 3838 2135 3900 liberis
2200 3837 2412 3900 Menio
2482 3840 2546 3899 et
2612 3835 2760 3917 Sejo

509 3920 790 4002 reliquit3
879 3923 924 3984 ii
999 3943 1128 3986 non
1227 3928 1623 3988 recesserunt
1696 3947 1735 3986 a
1810 3925 2255 3987 communione
2356 3921 2757 3987 hereditaria.

643 4137 670 4224 ἲ
696 4125 998 4250 ἓῗθξίἒοᾞι..
1022 4194 1069 4247 6.
1210 4195 1230 4226 ²
1264 4194 1363 4248 Die
1397 4193 2065 4262 Hausbauangelegenheit.
2136 4193 2459 4262 Engelmann
2486 4192 2643 4244 stand
2669 4191 2763 4244 auf

505 4259 681 4314 Seiten
701 4264 794 4316 der
815 4264 1004 4333 Menge
1043 4263 1090 4316 d.
1128 4262 1180 4314 h.
1219 4264 1310 4316 der
1344 4263 1553 4329 Vikare,
1592 4264 1675 4316 die
1711 4264 1913 4318 Mutian
1952 4281 2075 4316 zum
2111 4263 2293 4316 Baueu
2330 4264 2453 4316 oder
2490 4279 2584 4314 zur
2626 4261 2756 4312 Auf—

505 4330 636 4397 gabe
672 4333 763 4387 des
797 4333 1006 4386 Hauses
1041 4332 1172 4384 zwin
1211 4349 1274 4384 en
1310 4331 1535 4385 wollten.
1608 4332 1658 4385 S.
1698 4333 1796 4385 283
1833 4335 1893 4387 A.
1936 4334 1993 4384 1:
2030 4331 2399 4400 »Coquinarius
2435 4329 2581 4398 vulgi
2644 4329 2753 4396 opi-

504 4399 713 4450 nionem
747 4401 982 4482 probate
1109 4403 1129 4431 ³
1207 4401 1314 4456 vid.
1350 4401 1500 4456 Rem.
1537 4417 1639 4454 am.
1681 4402 1793 4454 106.
