3084 4895
1241 429 1452 490 Mutian
1488 454 1559 513 au
1596 427 1798 493 Urban.
2522 432 2645 506 173

389 611 543 674 hero
591 607 938 690 opulentiis
984 607 1394 671 suffarcinato
1442 608 1617 671 dede.
1712 607 1915 688 Aptus
1948 608 2067 670 erit
2113 629 2237 670 non
2275 610 2496 689 paucis
2528 613 2645 675 mi-

390 695 690 758 nisteriis,
783 694 1094 756 Accurate
1139 692 1380 770 scribit,
1443 693 1601 755 scite
1651 693 2065 755 ratiocinatur
2114 693 2339 773 positis
2385 695 2645 759 calculis

386 787 460 843 ut
507 779 705 842 solers
751 779 1152 860 dispensator
1198 778 1286 839 rei
1320 776 1667 840 familiaris
1742 779 1787 839 A
1826 778 2202 840 Biermosto'
2244 787 2643 861 praeceptum

386 871 503 942 est,
551 869 624 926 ut
671 866 904 927 mensis
951 865 1158 945 spatio
1192 867 1560 942 cunctetur3
1608 862 1840 926 dubiae
1885 863 2323 944 promissionis
2368 867 2647 929 incertus

391 955 490 1013 est
535 953 821 1012 eventus
912 949 1054 1012 Non
1103 947 1402 1010 existimo
1450 949 1608 1010 adeo
1656 948 1824 1010 cives
1856 945 2029 1010 illos²
2076 953 2445 1012 attenuatos
2492 974 2647 1026 esse,

393 1039 467 1099 ut
497 1035 663 1098 alere
696 1034 866 1097 domi
899 1032 1419 1096 scholasticulum
1453 1037 1569 1094 tua
1599 1034 1981 1096 auctoritate
2014 1031 2426 1098 favorabilem
2458 1058 2650 1117 grave

389 1121 514 1183 sibi
559 1122 880 1182 censeant.
972 1117 1204 1182 Audivi
1252 1115 1611 1180 Benedicti³
1658 1116 2046 1180 relationem.
2138 1115 2225 1178 Mi
2256 1117 2529 1197 Urbane,
2578 1125 2650 1185 tu

387 1205 657 1286 requiris
714 1203 1136 1279 licentiatum‚
1200 1208 1274 1266 ut
1334 1209 1581 1265 vocant.
1675 1200 1848 1264 Satis
1902 1202 2272 1265 licentiosus
2318 1209 2415 1267 est
2459 1205 2651 1268 Here-

394 1289 651 1354 borduS.
743 1289 943 1351 Nemo
989 1287 1114 1350 tibi
1180 1293 1533 1370 praeponat
1589 1287 2113 1351 consuetudinem
2174 1288 2413 1351 ordinis
2460 1291 2653 1372 juris-

389 1375 757 1458 peritorum.
850 1373 965 1435 His
1011 1373 1303 1454 procellis
1350 1371 1528 1434 favor
1575 1371 1779 1454 plebis
1838 1371 2039 1454 legem
2085 1372 2353 1436 obtinet.
2446 1375 2653 1439 Habet

389 1458 764 1534 consulem,⁸
818 1458 1013 1520 habet
1057 1457 1454 1534 Martinum‚⁵
1488 1456 1692 1519 claros
1724 1457 2013 1538 gentiles
2079 1457 2406 1538 Impetrari
2438 1466 2653 1542 potest

399 1547 537 1606 sine
582 1544 800 1606 labore
855 1544 1172 1606 successio
1235 1539 1538 1605 Cerberi.⁰
1629 1542 1988 1612 Descendat
2032 1543 2093 1605 in
2144 1545 2417 1620 comitia,
2475 1551 2654 1627 petat

398 1630 868 1709 magistratum,
916 1627 1119 1708 plebis
1165 1627 1468 1708 suffragia
1513 1647 1638 1690 non
1676 1628 1958 1689 deerunt.
2029 1627 2355 1708 Cogantur
2401 1635 2654 1694 contra-

393 1715 686 1777 dictores
779 1713 1010 1776 Omnia
1053 1717 1323 1795 possunt
1367 1712 1749 1792 Moguntini.
1841 1711 1972 1792 Ego
2018 1735 2157 1774 sum
2204 1712 2410 1776 factus
2454 1717 2658 1779 ambi-

393 1801 620 1874 tiosuS‚
667 1802 741 1862 ut
783 1799 890 1861 ille
939 1803 1152 1860 noster
1197 1801 1582 1878 promoveat.
1675 1795 1899 1861 Scribo
1944 1796 2022 1860 ad
2072 1796 2511 1879 Signiferum,⁷
2560 1803 2654 1865 vel

392 1885 609 1966 potius
653 1883 866 1947 ambio
913 1887 979 1944 et
1022 1881 1302 1947 favorem
1348 1903 1646 1963 aucupor.
1738 1881 1987 1944 Adhibe
2032 1886 2145 1946 tua
2190 1884 2381 1947 etiam
2428 1909 2655 1950 exora-

397 1970 566 2033 bula.
633 1967 985 2030 Plurimum
1017 1966 1228 2046 refert,
1261 1968 1513 2050 qualem
1549 1967 1692 2047 quis
1724 1967 1962 2030 habeat
1992 1969 2408 2032 occasionem.
2466 1972 2655 2035 Prae-

393 2059 575 2118 sente
619 2050 992 2134 Hennigno⁸
1038 2053 1218 2117 labor
1263 2056 1431 2116 esset
1475 2052 1711 2115 irritus
1782 2051 1873 2115 Eo
1907 2052 2172 2116 absente
2217 2051 2514 2135 Signifer,
2563 2059 2657 2120 vir

397 2139 664 2214 amicuS,
711 2153 838 2202 nori
883 2137 1235 2218 vulgariter
1281 2137 1539 2200 excellit
1586 2142 1650 2200 et
1693 2139 2076 2202 auctoritate
2108 2143 2172 2200 et
2203 2142 2510 2220 potentia.
2561 2141 2654 2204 Tu

400 2224 614 2289 forsan
664 2224 912 2296 vereriS,
963 2245 1044 2286 ne
1088 2228 1236 2305 post
1278 2244 1594 2285 recessum
1652 2222 1999 2286 Herebordi
2044 2224 2405 2287 revoceris.⁹
2494 2227 2658 2290 Huic

398 2310 748 2392 suspicioni
821 2309 1188 2372 resistemus
1257 2314 1321 2371 et
1375 2308 1571 2370 alium
1637 2311 2106 2389 praeceptorem
2177 2312 2655 2375 constituemus

404 2394 472 2459 Si
507 2395 734 2477 placet,
782 2399 1142 2457 accersatur
1186 2394 1609 2468 Herebordus,
1657 2398 1728 2456 ut
1759 2415 2055 2475 praesens
2091 2394 2484 2477 Moguntinis
2517 2419 2658 2480 pro-

400 2481 650 2544 ceribus
713 2480 1048 2560 supplicet.
1138 2478 1250 2541 Est
1299 2484 1466 2541 certe
1510 2479 1693 2541 valde
1738 2480 2041 2542 eximium
2089 2486 2153 2542 et
2184 2483 2557 2563 speciosum,
2606 2486 2659 2547 si

403 2570 622 2629 nostro
696 2565 961 2628 consilio
1031 2565 1404 2627 canonicum
1475 2568 1538 2626 et
1602 2564 2015 2645 professorem
2080 2564 2241 2646 juris
2307 2567 2657 2633 fecerimus

395 2650 670 2713 ValebiS.
767 2651 982 2713 Bonus
1043 2652 1162 2714 erit
1219 2650 1585 2719 emissarius
1641 2654 1705 2712 et
1748 2671 1965 2714 cursor
2023 2650 2089 2712 in
2152 2651 2271 2715 hac
2327 2676 2412 2732 re,
2469 2677 2657 2738 quem

403 2737 482 2799 ad
529 2740 594 2799 te
639 2736 804 2810 misi,
851 2734 1133 2818 Apollus.

709 2817 831 2870 Cod.
867 2816 1002 2870 Frcf.
1037 2817 1122 2871 86.

400 2918 633 2988 (cotha.)
1454 2903 1597 2967 137.
2180 2920 2262 2975 25.
2296 2923 2423 2977 Juni
2460 2926 2656 2997 (1510).

1143 3011 1435 3080 Mutian
1479 3032 1578 3081 an
1624 3010 1903 3081 Urban.

400 3120 588 3187 (Klaye
631 3121 760 3173 ‘aher
804 3121 889 3172 die
939 3120 1326 3188 Schleehtiykeit
1371 3122 1463 3173 der
1509 3121 1685 3173 Erben
1739 3121 1826 3173 des
1873 3122 2015 3174 alten
2066 3123 2425 3190 Rhodemann,
2479 3130 2661 3183 welche

403 3191 587 3241 dessen
621 3190 713 3241 der
747 3189 1137 3241 Marimkireke
1169 3190 1486 3242 vermaehtes
1523 3190 1685 3256 Leyat
1706 3207 1807 3241 von
1842 3192 1911 3241 10
1953 3191 2033 3243 Ol.
2058 3194 2457 3261 unterscklayen
2477 3198 2657 3250 haben.

401 3258 804 3324 Ermunteruny
838 3275 943 3310 zur
977 3256 1196 3311 Lektic‘re
1229 3258 1320 3309 der
1353 3258 1676 3310 leirehlichen
1723 3258 2001 3323 Schriften,
2051 3260 2215 3313 denen
2258 3264 2396 3315 auch
2442 3264 2660 3318 Mutian

397 3326 543 3377 scine
600 3325 823 3377 Studien
875 3326 1158 3377 auwenden
1210 3327 1335 3378 will.
1418 3326 1526 3377 Der
1596 3326 1814 3377 Wandel
1858 3328 1949 3377 der
1994 3327 2227 3380 Priester
2270 3332 2371 3382 soll
2413 3332 2477 3383 ‘in
2522 3334 2663 3385 allen

403 3395 630 3446 Stic'clcen
675 3393 796 3446 rein
837 3394 967 3445 sein.
1038 3394 1206 3446 Picus
1253 3395 1342 3446 ein
1397 3394 1614 3446 Vorbild
1645 3395 1708 3445 in
1741 3395 1833 3445 der
1878 3395 2177 3463 Verehruny
2210 3398 2303 3449 der
2334 3398 2403 3451 hl.
2442 3401 2661 3467 Sebrift.

814 3461 952 3514 Eine
985 3462 1284 3529 unrichtiye
1318 3462 1484 3514 Notix
1515 3463 1644 3515 iiber
1677 3462 1775 3514 ilm
1809 3462 1892 3513 bez·
1925 3463 2251 3531 Mar-silius.)

1154 3558 1237 3608 H.
1272 3558 1529 3608 Urbano
1566 3559 1657 3609 M.
1692 3556 1916 3608 Rufus.

611 3648 674 3712 S.
745 3649 1136 3714 Venerabilis
1168 3650 1440 3713 domine.
1511 3649 1748 3713 Servus
1773 3651 2138 3714 sanctitatis
2163 3656 2309 3715 tuae
2334 3651 2661 3720 Mutianus

406 3740 552 3815 post
620 3735 896 3797 officium
964 3737 1349 3799 matutinum
1429 3736 1618 3800 hodie
1696 3736 2087 3816 persolutum
2162 3738 2227 3799 in
2295 3744 2659 3807 sanctuario

543 3870 561 3899 ¹
599 3869 651 3921 S.
690 3884 797 3921 vor.
837 3868 922 3920 Br.
1041 3870 1061 3901 ²
1094 3869 1212 3921 Von
1249 3868 1615 3936 Georgenthal.
1735 3870 1755 3899 ³
1790 3868 1960 3921 Rufin.
1994 3868 2045 3921 S.
2082 3869 2116 3919 4
2152 3871 2213 3921 A.
2254 3872 2298 3924 1.
2416 3873 2438 3903 4
2473 3872 2669 3927 Rudolf

411 3954 514 3989 von
551 3938 644 3989 der
677 3936 1009 4003 Margariten.
1046 3937 1190 3988 einer
1227 3938 1320 3988 der
1339 3937 1667 3989 Achtherren
1710 3938 1802 3987 des
1838 3935 2073 3989 Erfurter
2100 3936 2261 3990 Rates
2301 3940 2445 3993 1510.
2484 3940 2660 3993 Hun-

407 4006 630 4071 dorph,
667 4004 883 4057 Encom.
920 4004 1129 4058 Erffurt.
1172 4006 1318 4057 1651.
1358 4008 1403 4056 A
1441 4006 1474 4056 3
1498 4005 1547 4057 b.
1602 4004 1845 4057 Sicherer
1880 4005 2269 4071 Anhaltspunkt
2316 4024 2411 4059 zur
2444 4009 2660 4063 Jahres-

404 4073 763 4139 bestimmung
805 4073 897 4124 des
935 4072 1150 4125 Briefes.
1258 4076 1279 4104 ὃ
1303 4072 1422 4140 Vgl.
1461 4072 1511 4125 S.
1554 4075 1646 4124 131
1690 4074 1749 4125 A.
1795 4075 1837 4123 l.
1944 4073 2083 4123 8Εἰῐι
2118 4073 2353 4126 Erfurter
2387 4076 2569 4143 Jurist,
2606 4080 2661 4129 in

407 4142 502 4192 den
541 4145 781 4209 spiiteren
818 4140 1026 4192 Briefen
1063 4141 1198 4193 noch
1233 4141 1364 4192 'oster
1401 4141 1661 4191 erwahnt:
1714 4140 1803 4191 Dr.
1844 4140 2111 4207 (Valentin
2146 4142 2506 4209 Jungeimann
2541 4148 2658 4213 aus)

406 4208 613 4275 Zerbst3
649 4210 830 4261 wurde
868 4208 955 4260 Dr.
971 4208 1072 4275 jur.
1095 4209 1244 4269 1506,
1282 4208 1475 4261 Rektor
1504 4210 1633 4260 1513
1672 4208 2284 4274 (Motschmann,E1·f.
2309 4210 2440 4263 liter.
2468 4214 2657 4268 contin.

407 4293 452 4343 p.
495 4278 593 4329 165
629 4292 681 4328 u.
719 4278 921 4328 ebenda
955 4277 994 4328 I.
1034 4276 1247 4328 Samml.
1287 4294 1335 4343 p.
1374 4276 1512 4340 364).
1588 4276 1790 4327 Mutian
1827 4276 1955 4327 liebt
1990 4292 2046 4328 es
2093 4278 2237 4329 seine
2275 4278 2661 4333 Scheinnamen

411 4361 474 4396 an
515 4346 599 4395 die
637 4344 944 4395 wirklichen
978 4345 1182 4397 Namen
1221 4344 1497 4411 anklingen
1539 4360 1607 4395 zu
1642 4344 1812 4396 lassen
1853 4344 1918 4411 (z.
1941 4343 2002 4397 B.
2029 4344 2260 4397 Vulscus
2297 4377 2363 4393 ⁷-
2402 4348 2657 4414 Voltzke).

409 4414 427 4443 ⁷
459 4413 578 4466 Joh.
618 4412 960 4479 Sommering.
1033 4414 1054 4444 ⁸
1089 4412 1277 4478 Goede,
1315 4413 1416 4464 seit
1455 4413 1587 4464 1509
1623 4412 1676 4462 in
1716 4412 2061 4479 Wit‘tenberg.
2100 4413 2149 4464 S.
2176 4415 2241 4465 73
2283 4418 2338 4465 A.
2369 4418 2413 4466 1.
2487 4417 2510 4448 ⁹
2546 4420 2657 4468 Aus

409 4480 584 4533 Erfurt
619 4481 757 4534 nach
793 4480 1156 4548 Georgenthal.
