3084 4895
492 443 573 507 22
1163 439 1337 501 Briefe
1373 438 1455 492 bis
1492 453 1609 492 zum
1645 437 1847 494 Herbst
1887 437 2033 493 1505.

491 615 851 695 ovigerulus
893 613 1131 677 Ilianus
1196 611 1511 688 brochus,‚¹
1578 612 1704 674 imo
1765 611 1967 688 labeo,
2031 611 2158 674 imo
2217 613 2514 676 dentatus
2573 634 2724 676 one-

489 703 723 766 randus
757 700 1008 783 quidem
1055 705 1153 762 est
1195 699 1516 762 literarum
1550 697 1884 761 fasciculis.
1977 699 2138 761 Huic
2175 719 2284 762 vos
2317 699 2723 779 epistolarum

490 793 812 870 tamquam
836 799 863 826 ⁸
908 786 1161 849 vitrario
1195 785 1520 848 clitellario
1554 785 1861 847 sarcinam
1896 784 2254 865 imponatis,
2345 784 2485 848 Non
2534 787 2727 848 inter-

490 876 705 957 ponite
725 874 1107 957 prolationes
1134 894 1300 934 more
1325 870 1704 951 tabularum,
1723 870 1954 950 quibus
1977 871 2461 954 procrastinatio
2489 872 2517 910 ¹²
2539 871 2725 951 litigii

489 963 661 1024 lucro
721 964 836 1036 est,
908 960 1016 1022 sed
1078 980 1277 1040 usque
1332 961 1395 1020 et
1440 979 1641 1038 usque
1708 957 2052 1038 depromite
2119 958 2336 1021 vinum
2408 957 2723 1020 Minervae

496 1069 791 1111 romanae
837 1068 915 1108 ex
962 1045 1117 1108 cella
1166 1044 1421 1120 musica,
1471 1065 1657 1124 quarn
1707 1064 1823 1123 ego
1868 1043 2007 1120 tibi,
2055 1043 2324 1122 Urbane,
2359 1067 2481 1107 non
2519 1045 2726 1106 minus

491 1156 679 1216 quam
728 1132 1039 1214 publicam
1088 1129 1326 1195 ordinis
1372 1128 1794 1192 concreditam
1843 1151 1978 1192 esse
2026 1128 2186 1200 volo,
2234 1135 2307 1193 ut
2350 1130 2614 1193 salutem
2663 1139 2726 1193 te

490 1219 676 1283 latini
742 1217 996 1300 penoris
1070 1237 1354 1298 promum
1426 1219 1489 1277 et
1555 1214 1895 1278 cellarium.
2014 1215 2185 1279 Dedo
2255 1238 2352 1278 me
2417 1216 2482 1278 in
2550 1221 2744 1298 tuam*

492 1305 815 1370 ditionem.
906 1303 1001 1366 Ex
1048 1301 1259 1366 Gotha
1304 1300 1451 1365 stilo
1497 1300 1827 1364 subitario

800 1403 921 1457 Cod.
959 1401 1091 1457 Frcf.
1133 1402 1214 1456 25.

492 1558 722 1627 (Gotha.)
1557 1539 1656 1602 20.
2147 1555 2264 1623 (vor
2296 1555 2344 1608 8.
2381 1555 2518 1623 sept.
2559 1556 2728 1623 1505.)

1226 1667 1516 1737 Mutian
1565 1687 1661 1736 an
1705 1665 1979 1737 Urban.

836 1798 1073 1868 (Mutian
1107 1797 1219 1850 will
1250 1797 1365 1850 eine
1398 1797 1612 1866 Prediyt
1644 1796 1739 1865 fiir
1792 1796 1972 1850 Urbem
2009 1796 2377 1863 ausarbeiten.)

625 1913 1032 1964 Benevolenti
1068 1925 1178 1963 suo
1214 1913 1295 1963 Η.
1331 1912 1605 1971 UrbanO,
1639 1912 1775 1961 viro
1809 1911 2189 1972 per-literato,
2226 1911 2314 1960 M.
2349 1909 2568 1960 Rufus·

696 2025 758 2090 S.
858 2024 1111 2108 Appetit
1156 2024 1291 2087 dies
1334 2022 1658 2086 Marianae
1713 2022 2037 2103 partionis,
2127 2021 2280 2102 Eg0‚
2347 2022 2496 2102 quia
2555 2043 2730 2084 meus

490 2133 555 2173 es
600 2112 995 2187 auxiliariu8‚
1042 2111 1271 2174 nedum
1336 2109 1754 2185 consiliarius,
1818 2109 1982 2172 dabo
2047 2130 2395 2172 sermonem
2443 2131 2480 2170 a
2522 2113 2588 2170 te
2635 2107 2729 2171 di-

490 2197 777 2261 cendum.
786 2195 808 2229 ²
898 2162 1155 2262 Utinam
1193 2198 1291 2260 die
1337 2196 1525 2260 lunae
1570 2196 1921 2258 nuntium⁰
1974 2195 2290 2258 haberem.
2381 2194 2538 2256 Nam
2597 2216 2732 2256 cras

492 2288 641 2366 post
704 2284 1021 2348 meridiem
1080 2284 1377 2365 incipiam
1443 2304 1833 2365 componere.
1927 2285 2086 2346 Ama
2145 2303 2274 2345 rem
2333 2281 2618 2356 latinam,
2667 2281 2732 2342 in

490 2391 619 2451 qua
663 2391 883 2434 omnes
928 2371 1133 2434 bonae
1178 2371 1398 2433 insunt
1443 2372 1629 2445 arteS,
1677 2374 1857 2432 extra
1902 2391 2088 2452 quam
2139 2368 2427 2451 quisquis
2473 2370 2588 2445 est,
2622 2389 2734 2451 pu-

489 2458 665 2523 tidus
712 2462 809 2523 est
855 2464 917 2522 et
962 2457 1270 2521 barbarus
1317 2461 1379 2521 et
1424 2419 1696 2568 nugator
1740 2456 2029 2537 ignavus„
2120 2455 2286 2518 Vale.

800 2558 921 2614 Cod.
958 2558 1091 2614 Frcf.
1126 2558 1209 2613 44.

492 2712 721 2783 (Gotha.)
1559 2696 1659 2759 21.
2048 2710 2200 2779 (Aug.
2239 2711 2320 2765 od.
2357 2710 2498 2779 Sept.
2539 2707 2736 2777 1505.)³

1233 2824 1519 2895 Mutian
1565 2845 1661 2894 an
1707 2822 1983 2894 Urban.

491 2954 637 3022 (Pesc
689 2953 752 3007 in
802 2952 1009 3021 Erfurt.
1093 2954 1307 3007 Urbans·
1356 2953 1888 3091 erfhehszffi'tcstn
1931 2953 2016 3007 die
2065 2952 2285 3021 Fuqqer.
2372 2914 2734 3019 Wappenbuch

1433 3042 1499 3077 ur
1771 3064 1780 3075 .

558 3139 638 3189 Η.
674 3139 927 3189 ‘Urbano
966 3151 1293 3189 oeconomo
1331 3140 1395 3189 et
1426 3140 1596 3199 patri
1629 3138 1895 3189 familias
1929 3137 2411 3195 coenobitarum,
2447 3135 2640 3185 amico

1234 3224 1616 3284 suavissime,
1650 3225 1738 3275 M.
1773 3222 1992 3274 Rufus.

692 3333 755 3398 S.
847 3334 993 3398 Scio
1040 3340 1103 3399 et
1145 3340 1217 3399 tu
1262 3336 1404 3413 scis,
1452 3338 1538 3399 mi
1570 3336 1842 3412 Urbane,
1899 3356 2085 3417 quam
2121 3334 2358 3397 invitus
2391 3332 2638 3398 senecio
2667 3331 2734 3372 ‘¹⁸

492 3422 760 3485 recedet.
854 3420 977 3485 Sed
1044 3444 1223 3505 spero
1308 3423 1628 3486 dominum
1699 3422 1993 3484 abbatem
2063 3442 2425 3484 mansurum
2480 3420 2547 3481 in
2591 3420 2732 3496 fide,

492 3508 771 3589 alioquin
822 3507 1188 3589 Spalatinus
1234 3530 1464 3589 magna
1509 3508 1937 3571 sollicitudine
1981 3507 2352 3571 afficeretur.
2433 3505 2626 3583 Jussi,
2663 3510 2735 3570 ut

492 3594 901 3676 Erphordiam
972 3595 1347 3677 relinqueret
1392 3601 1455 3658 et
1506 3595 1673 3677 apud
1738 3616 1834 3657 me
1893 3594 1974 3657 ad
2037 3594 2337 3657 sollemne
2403 3590 2732 3656 Michaelis

495 3681 822 3743 desideret.
912 3680 1071 3743 Nam
1119 3682 1264 3744 istic
1296 3680 1626 3763 pestiferae
1659 3680 1861 3743 febres
1893 3686 1956 3743 et
1989 3679 2242 3743 hulcera
2275 3678 2736 3743 carbunculata

492 3767 791 3847 plurimos
849 3768 1240 3830 interimunt.
1340 3768 1471 3830 Nos
1532 3768 1806 3830 clemens
1851 3767 2052 3830 ambit
2097 3774 2221 3829 aer.
2315 3767 2510 3847 Spero
2557 3771 2620 3827 et
2668 3765 2732 3827 in

494 3852 903 3916 Convallibus
962 3854 1090 3916 tuis
1146 3853 1399 3917 sufflare
1459 3854 1793 3934 benignam
1852 3875 2086 3917 auram.
2195 3851 2287 3914 Tu
2336 3852 2510 3914 cibos
2556 3855 2734 3915 aceto

496 3938 809 4019 perfunde.
906 3938 1167 4002 Acetum
1220 3939 1510 4003 humores
1559 3961 1684 4002 non
1733 3940 1973 4021 patitur
2021 3937 2205 4002 coire.
2299 3937 2622 4001 Habeatur
2668 3938 2732 3999 in

626 4110 944 4175 atanquam.
1083 4114 1110 4150 b
1140 4108 1552 4175 procrastinacio.
1695 4108 2016 4161 cnuncium.
2158 4110 2187 4147 d
2215 4106 2428 4159 senetiO.

632 4178 646 4207 ¹
686 4176 817 4227 llian
857 4177 1216 4241 »Bleckzahn«
1255 4179 1345 4229 der
1381 4178 1546 4245 Geor
1530 4176 1787 4228 menthalm
1822 4176 1967 4230 Bote.
2109 4178 2128 4207 ‘²
2169 4176 2214 4226 V
2221 4176 2288 4243 g.l
2327 4175 2376 4228 S.
2415 4177 2446 4228 3
2485 4178 2545 4229 A
2585 4178 2630 4228 3.

562 4245 581 4275 ³
614 4245 720 4297 Das
755 4246 886 4297 Ja'hr
918 4246 1045 4313 [olgt
1080 4247 1176 4298 mit
1204 4196 1546 4299 Sioherheitb
1538 4262 1632 4297 aus
1683 4247 1773 4297 der
1819 4246 2152 4312 Erwahnung
2198 4247 2290 4297 dei
2338 4245 2474 4308 Pest
2535 4244 2735 4297 welche

489 4314 563 4365 im
602 4314 844 4367 Sommer
882 4315 1011 4369 1505
1055 4315 1109 4367 in
1156 4316 1332 4367 Erfurt
1375 4317 1584 4367 wfitete.
1657 4314 1859 4367 Mutian
1906 4316 2179 4379 fiirchtete
2236 4315 2328 4366 der
2379 4286 2484 4367 Abt
2527 4314 2736 4366 mochte

490 4382 829 4507 ginsilcgitlich
868 4386 959 4437 der
993 4384 1259 4453 Berufung
1293 4384 1552 4452 Spalatins
1589 4382 1782 4436 wieder
1817 4384 2168 4436 schwankend
2205 4383 2427 4436 werden.
2560 4384 2580 4415 ⁴
2615 4382 2734 4449 Vgl.

535 4469 561 4505 r
