<?xml version="1.0" encoding="UTF-8"?>
<!DOCTYPE html PUBLIC "-//W3C//DTD XHTML 1.0 Transitional//EN"
    "http://www.w3.org/TR/xhtml1/DTD/xhtml1-transitional.dtd">
<html xmlns="http://www.w3.org/1999/xhtml" xml:lang="en" lang="en">
 <head>
  <title>
</title>
<meta http-equiv="Content-Type" content="text/html;charset=utf-8" />
  <meta name='ocr-system' content='tesseract 3.04.00' />
  <meta name='ocr-capabilities' content='ocr_page ocr_carea ocr_par ocr_line ocrx_word'/>
</head>
<body>
  <div class='ocr_page' id='page_1' title='image "./derbriefwechsel02kraugoog_0286.png"; bbox 0 0 3084 4895; ppageno 0'>
   <div class='ocr_carea' id='block_1_1' title="bbox 431 333 1917 415">
    <p class='ocr_par' dir='ltr' id='par_1_1' title="bbox 431 333 1917 415">
     <span class='ocr_line' id='line_1_1' title="bbox 431 333 1917 415; baseline 0 -24"><span class='ocrx_word' id='word_1_1' title='bbox 431 333 562 415; x_wconf 74' lang='lat'>200</span> <span class='ocrx_word' id='word_1_2' title='bbox 1209 335 1385 390; x_wconf 82' lang='lat' dir='ltr'>Briefe</span> <span class='ocrx_word' id='word_1_3' title='bbox 1420 353 1522 391; x_wconf 80' lang='lat' dir='ltr'>von</span> <span class='ocrx_word' id='word_1_4' title='bbox 1562 337 1917 392; x_wconf 81' lang='lat'>1509—1511.</span> 
     </span>
    </p>
   </div>
   <div class='ocr_carea' id='block_1_2' title="bbox 433 507 2709 3319">
    <p class='ocr_par' dir='ltr' id='par_1_2' title="bbox 433 507 2709 2534">
     <span class='ocr_line' id='line_1_2' title="bbox 435 507 2705 591; baseline 0 -19"><span class='ocrx_word' id='word_1_5' title='bbox 435 508 788 572; x_wconf 86' lang='lat' dir='ltr'>nobialium</span> <span class='ocrx_word' id='word_1_6' title='bbox 834 507 1230 591; x_wconf 87' lang='lat' dir='ltr'>amplissima</span> <span class='ocrx_word' id='word_1_7' title='bbox 1273 509 1531 574; x_wconf 87' lang='lat' dir='ltr'>clarum.</span> <span class='ocrx_word' id='word_1_8' title='bbox 1624 509 1807 586; x_wconf 82' lang='lat' dir='ltr'>Quod</span> <span class='ocrx_word' id='word_1_9' title='bbox 1838 512 2053 575; x_wconf 90' lang='lat' dir='ltr'>autem</span> <span class='ocrx_word' id='word_1_10' title='bbox 2098 533 2497 574; x_wconf 87' lang='lat' dir='ltr'>communem</span> <span class='ocrx_word' id='word_1_11' title='bbox 2544 509 2705 572; x_wconf 85' lang='lat' dir='ltr'>ami-</span> 
     </span>
     <span class='ocr_line' id='line_1_3' title="bbox 433 593 2700 678; baseline 0 -21"><span class='ocrx_word' id='word_1_12' title='bbox 433 594 601 658; x_wconf 75' lang='lat' dir='ltr'>cum¹</span> <span class='ocrx_word' id='word_1_13' title='bbox 637 598 752 657; x_wconf 93' lang='lat' dir='ltr'>tua</span> <span class='ocrx_word' id='word_1_14' title='bbox 783 593 1136 676; x_wconf 79' lang='lat' dir='ltr'>diligentia,</span> <span class='ocrx_word' id='word_1_15' title='bbox 1169 593 1312 672; x_wconf 87' lang='lat' dir='ltr'>fide,</span> <span class='ocrx_word' id='word_1_16' title='bbox 1348 615 1540 678; x_wconf 88' lang='lat' dir='ltr'>opera</span> <span class='ocrx_word' id='word_1_17' title='bbox 1570 595 1903 660; x_wconf 87' lang='lat' dir='ltr'>sublevare</span> <span class='ocrx_word' id='word_1_18' title='bbox 1932 596 2162 678; x_wconf 82' lang='lat' dir='ltr'>pergis,</span> <span class='ocrx_word' id='word_1_19' title='bbox 2194 596 2261 659; x_wconf 87' lang='lat' dir='ltr'>id</span> <span class='ocrx_word' id='word_1_20' title='bbox 2292 599 2356 660; x_wconf 87' lang='lat' dir='ltr'>te</span> <span class='ocrx_word' id='word_1_21' title='bbox 2386 595 2700 678; x_wconf 88' lang='lat' dir='ltr'>optimum</span> 
     </span>
     <span class='ocr_line' id='line_1_4' title="bbox 433 678 2703 761; baseline 0 -18"><span class='ocrx_word' id='word_1_22' title='bbox 433 683 496 743; x_wconf 87' lang='lat' dir='ltr'>et</span> <span class='ocrx_word' id='word_1_23' title='bbox 541 683 785 761; x_wconf 87' lang='lat' dir='ltr'>patrem</span> <span class='ocrx_word' id='word_1_24' title='bbox 830 678 1256 742; x_wconf 85' lang='lat' dir='ltr'>venerabilem</span> <span class='ocrx_word' id='word_1_25' title='bbox 1289 702 1427 743; x_wconf 89' lang='lat' dir='ltr'>esse</span> <span class='ocrx_word' id='word_1_26' title='bbox 1473 683 1767 745; x_wconf 87' lang='lat' dir='ltr'>testatur.</span> <span class='ocrx_word' id='word_1_27' title='bbox 1858 681 2072 745; x_wconf 85' lang='lat' dir='ltr'>Mirari</span> <span class='ocrx_word' id='word_1_28' title='bbox 2117 703 2266 746; x_wconf 90' lang='lat' dir='ltr'>vero</span> <span class='ocrx_word' id='word_1_29' title='bbox 2298 703 2427 746; x_wconf 90' lang='lat' dir='ltr'>non</span> <span class='ocrx_word' id='word_1_30' title='bbox 2460 681 2703 744; x_wconf 91' lang='lat' dir='ltr'>medio-</span> 
     </span>
     <span class='ocr_line' id='line_1_5' title="bbox 437 763 2706 842; baseline -0 -14"><span class='ocrx_word' id='word_1_31' title='bbox 437 764 624 828; x_wconf 88' lang='lat' dir='ltr'>criter</span> <span class='ocrx_word' id='word_1_32' title='bbox 669 763 891 842; x_wconf 82' lang='lat' dir='ltr'>fateor,</span> <span class='ocrx_word' id='word_1_33' title='bbox 937 786 1050 827; x_wconf 91' lang='lat' dir='ltr'>cur</span> <span class='ocrx_word' id='word_1_34' title='bbox 1094 763 1491 830; x_wconf 84' lang='lat' dir='ltr'>Matthaeus²</span> <span class='ocrx_word' id='word_1_35' title='bbox 1539 766 1731 830; x_wconf 89' lang='lat' dir='ltr'>ditior</span> <span class='ocrx_word' id='word_1_36' title='bbox 1776 765 2042 830; x_wconf 87' lang='lat' dir='ltr'>Alcinoo</span> <span class='ocrx_word' id='word_1_37' title='bbox 2087 765 2207 829; x_wconf 90' lang='lat' dir='ltr'>XX</span> <span class='ocrx_word' id='word_1_38' title='bbox 2233 771 2489 830; x_wconf 80' lang='lat' dir='ltr'>tantum</span> <span class='ocrx_word' id='word_1_39' title='bbox 2521 787 2706 829; x_wconf 86' lang='lat' dir='ltr'>num-</span> 
     </span>
     <span class='ocr_line' id='line_1_6' title="bbox 435 848 2705 932; baseline 0 -20"><span class='ocrx_word' id='word_1_40' title='bbox 435 871 570 912; x_wconf 90' lang='lat' dir='ltr'>mos</span> <span class='ocrx_word' id='word_1_41' title='bbox 615 849 1026 932; x_wconf 85' lang='lat' dir='ltr'>praestiterit.</span> <span class='ocrx_word' id='word_1_42' title='bbox 1117 849 1208 913; x_wconf 90' lang='lat' dir='ltr'>De</span> <span class='ocrx_word' id='word_1_43' title='bbox 1253 848 1567 916; x_wconf 82' lang='lat' dir='ltr'>Duronio⁸</span> <span class='ocrx_word' id='word_1_44' title='bbox 1616 872 1742 915; x_wconf 92' lang='lat' dir='ltr'>non</span> <span class='ocrx_word' id='word_1_45' title='bbox 1791 853 1999 929; x_wconf 86' lang='lat' dir='ltr'>miror,</span> <span class='ocrx_word' id='word_1_46' title='bbox 2062 852 2165 917; x_wconf 90' lang='lat' dir='ltr'>cui</span> <span class='ocrx_word' id='word_1_47' title='bbox 2211 853 2415 917; x_wconf 87' lang='lat' dir='ltr'>carior</span> <span class='ocrx_word' id='word_1_48' title='bbox 2458 871 2705 931; x_wconf 88' lang='lat' dir='ltr'>semper</span> 
     </span>
     <span class='ocr_line' id='line_1_7' title="bbox 435 935 2706 1016; baseline 0 -19"><span class='ocrx_word' id='word_1_49' title='bbox 435 935 559 998; x_wconf 87' lang='lat' dir='ltr'>fuit</span> <span class='ocrx_word' id='word_1_50' title='bbox 621 939 848 1016; x_wconf 87' lang='lat' dir='ltr'>patens</span> <span class='ocrx_word' id='word_1_51' title='bbox 916 935 1073 998; x_wconf 83' lang='lat' dir='ltr'>cella</span> <span class='ocrx_word' id='word_1_52' title='bbox 1131 935 1375 998; x_wconf 86' lang='lat' dir='ltr'>vinaria</span> <span class='ocrx_word' id='word_1_53' title='bbox 1441 957 1634 1016; x_wconf 89' lang='lat' dir='ltr'>quam</span> <span class='ocrx_word' id='word_1_54' title='bbox 1696 957 1843 1000; x_wconf 87' lang='lat' dir='ltr'>arca</span> <span class='ocrx_word' id='word_1_55' title='bbox 1896 937 2130 1000; x_wconf 87' lang='lat' dir='ltr'>clausa.</span> <span class='ocrx_word' id='word_1_56' title='bbox 2221 937 2449 1001; x_wconf 87' lang='lat' dir='ltr'>Verum</span> <span class='ocrx_word' id='word_1_57' title='bbox 2508 936 2706 1000; x_wconf 85' lang='lat' dir='ltr'>altius</span> 
     </span>
     <span class='ocr_line' id='line_1_8' title="bbox 434 1019 2703 1102; baseline 0.001 -20"><span class='ocrx_word' id='word_1_58' title='bbox 434 1019 627 1102; x_wconf 87' lang='lat' dir='ltr'>hujus</span> <span class='ocrx_word' id='word_1_59' title='bbox 673 1020 904 1084; x_wconf 86' lang='lat' dir='ltr'>aetatis</span> <span class='ocrx_word' id='word_1_60' title='bbox 951 1041 1156 1082; x_wconf 89' lang='lat' dir='ltr'>mores</span> <span class='ocrx_word' id='word_1_61' title='bbox 1201 1021 1572 1084; x_wconf 80' lang='lat' dir='ltr'>aestimanti</span> <span class='ocrx_word' id='word_1_62' title='bbox 1616 1021 1867 1084; x_wconf 85' lang='lat' dir='ltr'>videtur</span> <span class='ocrx_word' id='word_1_63' title='bbox 1912 1021 2084 1086; x_wconf 88' lang='lat' dir='ltr'>haud</span> <span class='ocrx_word' id='word_1_64' title='bbox 2114 1021 2197 1085; x_wconf 89' lang='lat' dir='ltr'>ab</span> <span class='ocrx_word' id='word_1_65' title='bbox 2233 1045 2301 1086; x_wconf 84' lang='lat' dir='ltr'>re</span> <span class='ocrx_word' id='word_1_66' title='bbox 2332 1023 2573 1086; x_wconf 84' lang='lat' dir='ltr'>factum</span> <span class='ocrx_word' id='word_1_67' title='bbox 2620 1021 2703 1084; x_wconf 88' lang='lat' dir='ltr'>ab</span> 
     </span>
     <span class='ocr_line' id='line_1_9' title="bbox 434 1103 2707 1187; baseline 0.001 -21"><span class='ocrx_word' id='word_1_68' title='bbox 434 1112 727 1184; x_wconf 86' lang='lat' dir='ltr'>utroque.</span> <span class='ocrx_word' id='word_1_69' title='bbox 821 1103 935 1167; x_wconf 91' lang='lat' dir='ltr'>Ille</span> <span class='ocrx_word' id='word_1_70' title='bbox 982 1125 1108 1168; x_wconf 90' lang='lat' dir='ltr'>non</span> <span class='ocrx_word' id='word_1_71' title='bbox 1157 1105 1356 1169; x_wconf 87' lang='lat' dir='ltr'>credit</span> <span class='ocrx_word' id='word_1_72' title='bbox 1402 1107 1540 1168; x_wconf 88' lang='lat' dir='ltr'>sine</span> <span class='ocrx_word' id='word_1_73' title='bbox 1585 1107 1867 1187; x_wconf 89' lang='lat' dir='ltr'>pignore,</span> <span class='ocrx_word' id='word_1_74' title='bbox 1924 1107 2062 1169; x_wconf 79' lang='lat' dir='ltr'>sine</span> <span class='ocrx_word' id='word_1_75' title='bbox 2110 1105 2325 1170; x_wconf 82' lang='lat' dir='ltr'>fenore</span> <span class='ocrx_word' id='word_1_76' title='bbox 2387 1128 2558 1171; x_wconf 90' lang='lat' dir='ltr'>more</span> <span class='ocrx_word' id='word_1_77' title='bbox 2602 1127 2707 1168; x_wconf 85' lang='lat' dir='ltr'>sa-</span> 
     </span>
     <span class='ocr_line' id='line_1_10' title="bbox 437 1188 2708 1272; baseline 0 -21"><span class='ocrx_word' id='word_1_78' title='bbox 437 1189 884 1266; x_wconf 88' lang='lat' dir='ltr'>crificulorum,</span> <span class='ocrx_word' id='word_1_79' title='bbox 932 1188 1038 1252; x_wconf 89' lang='lat' dir='ltr'>hic</span> <span class='ocrx_word' id='word_1_80' title='bbox 1077 1188 1211 1252; x_wconf 90' lang='lat' dir='ltr'>suis</span> <span class='ocrx_word' id='word_1_81' title='bbox 1254 1191 1398 1272; x_wconf 88' lang='lat' dir='ltr'>plus</span> <span class='ocrx_word' id='word_1_82' title='bbox 1443 1190 1591 1253; x_wconf 85' lang='lat' dir='ltr'>dare</span> <span class='ocrx_word' id='word_1_83' title='bbox 1631 1211 1821 1270; x_wconf 90' lang='lat' dir='ltr'>quam</span> <span class='ocrx_word' id='word_1_84' title='bbox 1870 1212 2185 1254; x_wconf 82' lang='lat' dir='ltr'>reservare</span> <span class='ocrx_word' id='word_1_85' title='bbox 2234 1193 2535 1255; x_wconf 81' lang='lat' dir='ltr'>assuevit.</span> <span class='ocrx_word' id='word_1_86' title='bbox 2611 1191 2708 1253; x_wconf 80' lang='lat' dir='ltr'>Ne</span> 
     </span>
     <span class='ocr_line' id='line_1_11' title="bbox 437 1274 2705 1357; baseline 0.001 -21"><span class='ocrx_word' id='word_1_87' title='bbox 437 1296 590 1356; x_wconf 90' lang='lat' dir='ltr'>ergo</span> <span class='ocrx_word' id='word_1_88' title='bbox 636 1274 972 1348; x_wconf 86' lang='lat' dir='ltr'>desideret,</span> <span class='ocrx_word' id='word_1_89' title='bbox 1048 1275 1218 1355; x_wconf 90' lang='lat' dir='ltr'>quod</span> <span class='ocrx_word' id='word_1_90' title='bbox 1276 1275 1342 1338; x_wconf 90' lang='lat' dir='ltr'>in</span> <span class='ocrx_word' id='word_1_91' title='bbox 1389 1297 1540 1338; x_wconf 91' lang='lat' dir='ltr'>suos</span> <span class='ocrx_word' id='word_1_92' title='bbox 1600 1275 2001 1357; x_wconf 83' lang='lat' dir='ltr'>profundat,⁴</span> <span class='ocrx_word' id='word_1_93' title='bbox 2066 1277 2390 1342; x_wconf 84' lang='lat' dir='ltr'>subtrahit</span> <span class='ocrx_word' id='word_1_94' title='bbox 2442 1298 2705 1340; x_wconf 86' lang='lat' dir='ltr'>manum</span> 
     </span>
     <span class='ocr_line' id='line_1_12' title="bbox 433 1359 2708 1442; baseline 0 -19"><span class='ocrx_word' id='word_1_95' title='bbox 433 1361 700 1442; x_wconf 87' lang='lat' dir='ltr'>petenti·</span> <span class='ocrx_word' id='word_1_96' title='bbox 755 1359 1246 1423; x_wconf 88' lang='lat' dir='ltr'>commodatum.</span> <span class='ocrx_word' id='word_1_97' title='bbox 1351 1359 1486 1442; x_wconf 91' lang='lat' dir='ltr'>Ego</span> <span class='ocrx_word' id='word_1_98' title='bbox 1550 1361 1604 1424; x_wconf 91' lang='lat' dir='ltr'>si</span> <span class='ocrx_word' id='word_1_99' title='bbox 1659 1360 1979 1437; x_wconf 88' lang='lat' dir='ltr'>haberem,</span> <span class='ocrx_word' id='word_1_100' title='bbox 2035 1383 2186 1428; x_wconf 84' lang='lat' dir='ltr'>non.</span> <span class='ocrx_word' id='word_1_101' title='bbox 2225 1362 2413 1426; x_wconf 92' lang='lat' dir='ltr'>modo</span> <span class='ocrx_word' id='word_1_102' title='bbox 2466 1361 2528 1424; x_wconf 91' lang='lat' dir='ltr'>X</span> <span class='ocrx_word' id='word_1_103' title='bbox 2594 1361 2708 1424; x_wconf 90' lang='lat' dir='ltr'>sed</span> 
     </span>
     <span class='ocr_line' id='line_1_13' title="bbox 434 1444 2700 1529; baseline 0.001 -22"><span class='ocrx_word' id='word_1_104' title='bbox 434 1448 634 1509; x_wconf 87' lang='lat' dir='ltr'>totam</span> <span class='ocrx_word' id='word_1_105' title='bbox 683 1445 894 1508; x_wconf 87' lang='lat' dir='ltr'>dotem</span> <span class='ocrx_word' id='word_1_106' title='bbox 939 1444 1157 1507; x_wconf 86' lang='lat' dir='ltr'>liberis</span> <span class='ocrx_word' id='word_1_107' title='bbox 1202 1445 1432 1509; x_wconf 88' lang='lat' dir='ltr'>darem.</span> <span class='ocrx_word' id='word_1_108' title='bbox 1523 1444 1644 1509; x_wconf 90' lang='lat' dir='ltr'>Hic</span> <span class='ocrx_word' id='word_1_109' title='bbox 1688 1467 1787 1509; x_wconf 90' lang='lat' dir='ltr'>me</span> <span class='ocrx_word' id='word_1_110' title='bbox 1818 1445 2078 1511; x_wconf 90' lang='lat' dir='ltr'>notabis</span> <span class='ocrx_word' id='word_1_111' title='bbox 2122 1446 2233 1510; x_wconf 90' lang='lat' dir='ltr'>illa</span> <span class='ocrx_word' id='word_1_112' title='bbox 2264 1446 2521 1529; x_wconf 84' lang='lat' dir='ltr'>publica</span> <span class='ocrx_word' id='word_1_113' title='bbox 2553 1468 2700 1510; x_wconf 88' lang='lat' dir='ltr'>cen-</span> 
     </span>
     <span class='ocr_line' id='line_1_14' title="bbox 435 1529 2709 1612; baseline 0 -18"><span class='ocrx_word' id='word_1_114' title='bbox 435 1553 602 1607; x_wconf 91' lang='lat' dir='ltr'>sura,</span> <span class='ocrx_word' id='word_1_115' title='bbox 666 1551 830 1611; x_wconf 87' lang='lat' dir='ltr'>quae</span> <span class='ocrx_word' id='word_1_116' title='bbox 875 1533 1204 1611; x_wconf 87' lang='lat' dir='ltr'>poetarum</span> <span class='ocrx_word' id='word_1_117' title='bbox 1273 1529 1555 1612; x_wconf 89' lang='lat' dir='ltr'>inopiam</span> <span class='ocrx_word' id='word_1_118' title='bbox 1616 1535 1819 1596; x_wconf 86' lang='lat' dir='ltr'>taxat.</span> <span class='ocrx_word' id='word_1_119' title='bbox 1911 1529 1984 1594; x_wconf 85' lang='lat' dir='ltr'>Si</span> <span class='ocrx_word' id='word_1_120' title='bbox 2027 1531 2195 1594; x_wconf 88' lang='lat' dir='ltr'>enim</span> <span class='ocrx_word' id='word_1_121' title='bbox 2249 1533 2346 1597; x_wconf 90' lang='lat' dir='ltr'>uti</span> <span class='ocrx_word' id='word_1_122' title='bbox 2408 1532 2598 1596; x_wconf 88' lang='lat' dir='ltr'>rebus</span> <span class='ocrx_word' id='word_1_123' title='bbox 2642 1535 2709 1595; x_wconf 89' lang='lat' dir='ltr'>et</span> 
     </span>
     <span class='ocr_line' id='line_1_15' title="bbox 433 1615 2708 1699; baseline 0.001 -21"><span class='ocrx_word' id='word_1_124' title='bbox 433 1616 500 1678; x_wconf 90' lang='lat' dir='ltr'>in</span> <span class='ocrx_word' id='word_1_125' title='bbox 552 1615 717 1679; x_wconf 90' lang='lat' dir='ltr'>diem</span> <span class='ocrx_word' id='word_1_126' title='bbox 764 1615 974 1677; x_wconf 87' lang='lat' dir='ltr'>vivere</span> <span class='ocrx_word' id='word_1_127' title='bbox 1021 1620 1270 1695; x_wconf 85' lang='lat' dir='ltr'>poetam</span> <span class='ocrx_word' id='word_1_128' title='bbox 1319 1615 1492 1694; x_wconf 82' lang='lat' dir='ltr'>facit,</span> <span class='ocrx_word' id='word_1_129' title='bbox 1539 1637 1681 1679; x_wconf 87' lang='lat' dir='ltr'>sum</span> <span class='ocrx_word' id='word_1_130' title='bbox 1716 1638 1832 1697; x_wconf 89' lang='lat' dir='ltr'>ego</span> <span class='ocrx_word' id='word_1_131' title='bbox 1866 1617 2184 1680; x_wconf 86' lang='lat' dir='ltr'>maximus</span> <span class='ocrx_word' id='word_1_132' title='bbox 2216 1622 2422 1699; x_wconf 74' lang='lat' dir='ltr'>poeta,</span> <span class='ocrx_word' id='word_1_133' title='bbox 2460 1617 2708 1682; x_wconf 85' lang='lat' dir='ltr'>cautior</span> 
     </span>
     <span class='ocr_line' id='line_1_16' title="bbox 434 1699 2707 1786; baseline 0.001 -22"><span class='ocrx_word' id='word_1_134' title='bbox 434 1706 649 1764; x_wconf 87' lang='lat' dir='ltr'>tamen</span> <span class='ocrx_word' id='word_1_135' title='bbox 697 1699 942 1777; x_wconf 79' lang='lat' dir='ltr'>ceteriS,</span> <span class='ocrx_word' id='word_1_136' title='bbox 991 1700 1102 1780; x_wconf 87' lang='lat' dir='ltr'>qui</span> <span class='ocrx_word' id='word_1_137' title='bbox 1148 1700 1307 1764; x_wconf 91' lang='lat' dir='ltr'>nihil</span> <span class='ocrx_word' id='word_1_138' title='bbox 1351 1701 1596 1764; x_wconf 87' lang='lat' dir='ltr'>habent</span> <span class='ocrx_word' id='word_1_139' title='bbox 1642 1705 1704 1765; x_wconf 89' lang='lat' dir='ltr'>et</span> <span class='ocrx_word' id='word_1_140' title='bbox 1750 1724 1891 1766; x_wconf 90' lang='lat' dir='ltr'>cum</span> <span class='ocrx_word' id='word_1_141' title='bbox 1930 1701 2183 1766; x_wconf 88' lang='lat' dir='ltr'>Tibullo</span> <span class='ocrx_word' id='word_1_142' title='bbox 2230 1708 2531 1767; x_wconf 84' lang='lat' dir='ltr'>cantant:</span> <span class='ocrx_word' id='word_1_143' title='bbox 2586 1702 2707 1786; x_wconf 83' lang='lat' dir='ltr'>„Et</span> 
     </span>
     <span class='ocr_line' id='line_1_17' title="bbox 437 1785 2707 1871; baseline 0.001 -23"><span class='ocrx_word' id='word_1_144' title='bbox 437 1808 652 1866; x_wconf 87' lang='lat' dir='ltr'>regum</span> <span class='ocrx_word' id='word_1_145' title='bbox 703 1807 970 1866; x_wconf 88' lang='lat' dir='ltr'>magnae</span> <span class='ocrx_word' id='word_1_146' title='bbox 999 1797 1027 1825; x_wconf 68' lang='lat'>⁸⁶</span> <span class='ocrx_word' id='word_1_147' title='bbox 1073 1785 1508 1867; x_wconf 83' lang='lat' dir='ltr'>despiciantur</span> <span class='ocrx_word' id='word_1_148' title='bbox 1570 1785 1779 1869; x_wconf 86' lang='lat' dir='ltr'>opes.“</span> <span class='ocrx_word' id='word_1_149' title='bbox 1872 1787 2016 1850; x_wconf 88' lang='lat' dir='ltr'>Non</span> <span class='ocrx_word' id='word_1_150' title='bbox 2065 1789 2231 1851; x_wconf 88' lang='lat' dir='ltr'>enim</span> <span class='ocrx_word' id='word_1_151' title='bbox 2285 1789 2564 1871; x_wconf 89' lang='lat' dir='ltr'>despicio</span> <span class='ocrx_word' id='word_1_152' title='bbox 2610 1789 2707 1851; x_wconf 87' lang='lat' dir='ltr'>fa-</span> 
     </span>
     <span class='ocr_line' id='line_1_18' title="bbox 435 1871 2707 1954; baseline 0 -19"><span class='ocrx_word' id='word_1_153' title='bbox 435 1872 709 1935; x_wconf 88' lang='lat' dir='ltr'>cultates</span> <span class='ocrx_word' id='word_1_154' title='bbox 772 1871 1180 1947; x_wconf 83' lang='lat' dir='ltr'>necessarias,</span> <span class='ocrx_word' id='word_1_155' title='bbox 1235 1871 1344 1934; x_wconf 86' lang='lat' dir='ltr'>sed</span> <span class='ocrx_word' id='word_1_156' title='bbox 1399 1871 1677 1954; x_wconf 88' lang='lat' dir='ltr'>percipio</span> <span class='ocrx_word' id='word_1_157' title='bbox 1738 1872 2132 1953; x_wconf 83' lang='lat' dir='ltr'>cogitatione</span> <span class='ocrx_word' id='word_1_158' title='bbox 2186 1873 2403 1938; x_wconf 87' lang='lat' dir='ltr'>futura</span> <span class='ocrx_word' id='word_1_159' title='bbox 2460 1879 2525 1937; x_wconf 86' lang='lat' dir='ltr'>et</span> <span class='ocrx_word' id='word_1_160' title='bbox 2586 1873 2707 1938; x_wconf 87' lang='lat' dir='ltr'>ali-</span> 
     </span>
     <span class='ocr_line' id='line_1_19' title="bbox 439 1955 2709 2042; baseline 0.002 -23"><span class='ocrx_word' id='word_1_161' title='bbox 439 1957 696 2040; x_wconf 90' lang='lat' dir='ltr'>quando</span> <span class='ocrx_word' id='word_1_162' title='bbox 763 1961 914 2019; x_wconf 89' lang='lat' dir='ltr'>ante</span> <span class='ocrx_word' id='word_1_163' title='bbox 979 1955 1322 2036; x_wconf 83' lang='lat' dir='ltr'>constituO,</span> <span class='ocrx_word' id='word_1_164' title='bbox 1384 1958 1555 2039; x_wconf 87' lang='lat' dir='ltr'>quod</span> <span class='ocrx_word' id='word_1_165' title='bbox 1623 1957 1907 2021; x_wconf 87' lang='lat' dir='ltr'>accidere</span> <span class='ocrx_word' id='word_1_166' title='bbox 1976 1959 2183 2040; x_wconf 85' lang='lat' dir='ltr'>possit</span> <span class='ocrx_word' id='word_1_167' title='bbox 2245 1959 2312 2022; x_wconf 87' lang='lat' dir='ltr'>in</span> <span class='ocrx_word' id='word_1_168' title='bbox 2370 1964 2709 2042; x_wconf 89' lang='lat' dir='ltr'>utramque</span> 
     </span>
     <span class='ocr_line' id='line_1_20' title="bbox 437 2041 2705 2125; baseline 0.001 -19"><span class='ocrx_word' id='word_1_169' title='bbox 437 2047 703 2125; x_wconf 81' lang='lat' dir='ltr'>partem.</span> <span class='ocrx_word' id='word_1_170' title='bbox 759 2041 1020 2105; x_wconf 88' lang='lat' dir='ltr'>Possem</span> <span class='ocrx_word' id='word_1_171' title='bbox 1052 2041 1457 2122; x_wconf 85' lang='lat' dir='ltr'>tergiversari</span> <span class='ocrx_word' id='word_1_172' title='bbox 1489 2046 1556 2106; x_wconf 90' lang='lat' dir='ltr'>et</span> <span class='ocrx_word' id='word_1_173' title='bbox 1586 2043 1819 2107; x_wconf 85' lang='lat' dir='ltr'>dicere:</span> <span class='ocrx_word' id='word_1_174' title='bbox 1856 2043 2142 2122; x_wconf 88' lang='lat' dir='ltr'>aedifico,</span> <span class='ocrx_word' id='word_1_175' title='bbox 2175 2043 2409 2108; x_wconf 89' lang='lat' dir='ltr'>desunt</span> <span class='ocrx_word' id='word_1_176' title='bbox 2440 2045 2705 2108; x_wconf 89' lang='lat' dir='ltr'>nummi.</span> 
     </span>
     <span class='ocr_line' id='line_1_21' title="bbox 435 2125 1176 2210; baseline -0.003 -18"><span class='ocrx_word' id='word_1_177' title='bbox 435 2127 547 2192; x_wconf 88' lang='lat' dir='ltr'>Sic</span> <span class='ocrx_word' id='word_1_178' title='bbox 594 2127 852 2210; x_wconf 89' lang='lat' dir='ltr'>quidam</span> <span class='ocrx_word' id='word_1_179' title='bbox 901 2125 1176 2190; x_wconf 89' lang='lat' dir='ltr'>Gellius:</span> 
     </span>
     <span class='ocr_line' id='line_1_22' title="bbox 691 2211 2375 2295; baseline 0 -19"><span class='ocrx_word' id='word_1_180' title='bbox 691 2211 971 2295; x_wconf 85' lang='lat' dir='ltr'>„Gellius</span> <span class='ocrx_word' id='word_1_181' title='bbox 1017 2212 1314 2276; x_wconf 84' lang='lat' dir='ltr'>aedificat</span> <span class='ocrx_word' id='word_1_182' title='bbox 1358 2235 1624 2295; x_wconf 88' lang='lat' dir='ltr'>semper,</span> <span class='ocrx_word' id='word_1_183' title='bbox 1674 2212 1859 2276; x_wconf 90' lang='lat' dir='ltr'>modo</span> <span class='ocrx_word' id='word_1_184' title='bbox 1905 2213 2127 2276; x_wconf 89' lang='lat' dir='ltr'>limina</span> <span class='ocrx_word' id='word_1_185' title='bbox 2175 2215 2375 2294; x_wconf 89' lang='lat' dir='ltr'>ponit,</span> 
     </span>
     <span class='ocr_line' id='line_1_23' title="bbox 787 2297 2296 2380; baseline 0.001 -20"><span class='ocrx_word' id='word_1_186' title='bbox 787 2319 956 2361; x_wconf 91' lang='lat' dir='ltr'>nunc</span> <span class='ocrx_word' id='word_1_187' title='bbox 1001 2298 1248 2362; x_wconf 86' lang='lat' dir='ltr'>foribus</span> <span class='ocrx_word' id='word_1_188' title='bbox 1295 2298 1502 2362; x_wconf 87' lang='lat' dir='ltr'>claves</span> <span class='ocrx_word' id='word_1_189' title='bbox 1548 2302 1729 2380; x_wconf 87' lang='lat' dir='ltr'>aptat</span> <span class='ocrx_word' id='word_1_190' title='bbox 1776 2297 2059 2380; x_wconf 85' lang='lat' dir='ltr'>emitque</span> <span class='ocrx_word' id='word_1_191' title='bbox 2104 2321 2296 2377; x_wconf 80' lang='lat' dir='ltr'>seraS,</span> 
     </span>
     <span class='ocr_line' id='line_1_24' title="bbox 683 2383 2158 2465; baseline 0 -18"><span class='ocrx_word' id='word_1_192' title='bbox 683 2385 892 2449; x_wconf 84' lang='lat' dir='ltr'>oranti</span> <span class='ocrx_word' id='word_1_193' title='bbox 921 2385 950 2423; x_wconf 73' lang='lat' dir='ltr'>b</span> <span class='ocrx_word' id='word_1_194' title='bbox 995 2404 1290 2447; x_wconf 88' lang='lat' dir='ltr'>nummos</span> <span class='ocrx_word' id='word_1_195' title='bbox 1337 2390 1410 2447; x_wconf 90' lang='lat' dir='ltr'>ut</span> <span class='ocrx_word' id='word_1_196' title='bbox 1455 2383 1661 2447; x_wconf 85' lang='lat' dir='ltr'>dicere</span> <span class='ocrx_word' id='word_1_197' title='bbox 1707 2383 1910 2465; x_wconf 86' lang='lat' dir='ltr'>possit</span> <span class='ocrx_word' id='word_1_198' title='bbox 1952 2383 2158 2449; x_wconf 88' lang='lat' dir='ltr'>amico</span> 
     </span>
     <span class='ocr_line' id='line_1_25' title="bbox 791 2467 2227 2534; baseline 0.001 -2"><span class='ocrx_word' id='word_1_199' title='bbox 791 2492 988 2533; x_wconf 91' lang='lat' dir='ltr'>unum</span> <span class='ocrx_word' id='word_1_200' title='bbox 1034 2470 1190 2532; x_wconf 89' lang='lat' dir='ltr'>illud</span> <span class='ocrx_word' id='word_1_201' title='bbox 1239 2470 1502 2533; x_wconf 88' lang='lat' dir='ltr'>verbum</span> <span class='ocrx_word' id='word_1_202' title='bbox 1552 2467 1822 2532; x_wconf 89' lang='lat' dir='ltr'>Gellius:</span> <span class='ocrx_word' id='word_1_203' title='bbox 1870 2469 2227 2534; x_wconf 85' lang='lat' dir='ltr'>aedifico.“⁵</span> 
     </span>
    </p>

    <p class='ocr_par' dir='ltr' id='par_1_3' title="bbox 435 2552 2709 3319">
     <span class='ocr_line' id='line_1_26' title="bbox 438 2552 2709 2637; baseline 0 -22"><span class='ocrx_word' id='word_1_204' title='bbox 438 2554 699 2617; x_wconf 89' lang='lat' dir='ltr'>Possem</span> <span class='ocrx_word' id='word_1_205' title='bbox 747 2554 983 2618; x_wconf 88' lang='lat' dir='ltr'>dicere:</span> <span class='ocrx_word' id='word_1_206' title='bbox 1045 2576 1170 2618; x_wconf 92' lang='lat' dir='ltr'>non</span> <span class='ocrx_word' id='word_1_207' title='bbox 1211 2554 1340 2637; x_wconf 86' lang='lat' dir='ltr'>jam</span> <span class='ocrx_word' id='word_1_208' title='bbox 1409 2554 1696 2632; x_wconf 86' lang='lat' dir='ltr'>aedific0‚</span> <span class='ocrx_word' id='word_1_209' title='bbox 1764 2554 1875 2617; x_wconf 90' lang='lat' dir='ltr'>sed</span> <span class='ocrx_word' id='word_1_210' title='bbox 1920 2554 2240 2619; x_wconf 88' lang='lat' dir='ltr'>frumenta</span> <span class='ocrx_word' id='word_1_211' title='bbox 2282 2554 2510 2618; x_wconf 90' lang='lat' dir='ltr'>habe0.</span> <span class='ocrx_word' id='word_1_212' title='bbox 2603 2552 2709 2617; x_wconf 89' lang='lat' dir='ltr'>Sic</span> 
     </span>
     <span class='ocr_line' id='line_1_27' title="bbox 437 2639 2701 2722; baseline -0 -20"><span class='ocrx_word' id='word_1_213' title='bbox 437 2639 547 2703; x_wconf 85' lang='lat' dir='ltr'>alii</span> <span class='ocrx_word' id='word_1_214' title='bbox 594 2639 820 2702; x_wconf 80' lang='lat' dir='ltr'>solent.</span> <span class='ocrx_word' id='word_1_215' title='bbox 885 2640 970 2703; x_wconf 87' lang='lat' dir='ltr'>At</span> <span class='ocrx_word' id='word_1_216' title='bbox 998 2640 1214 2703; x_wconf 90' lang='lat' dir='ltr'>fucum</span> <span class='ocrx_word' id='word_1_217' title='bbox 1249 2662 1424 2703; x_wconf 89' lang='lat' dir='ltr'>amor</span> <span class='ocrx_word' id='word_1_218' title='bbox 1459 2644 1672 2703; x_wconf 87' lang='lat' dir='ltr'>noster</span> <span class='ocrx_word' id='word_1_219' title='bbox 1704 2643 1963 2702; x_wconf 87' lang='lat' dir='ltr'>mutuus</span> <span class='ocrx_word' id='word_1_220' title='bbox 1994 2662 2123 2703; x_wconf 91' lang='lat' dir='ltr'>non</span> <span class='ocrx_word' id='word_1_221' title='bbox 2156 2641 2415 2722; x_wconf 85' lang='lat' dir='ltr'>patitur.</span> <span class='ocrx_word' id='word_1_222' title='bbox 2470 2640 2701 2703; x_wconf 88' lang='lat' dir='ltr'>Notum</span> 
     </span>
     <span class='ocr_line' id='line_1_28' title="bbox 435 2721 2708 2807; baseline -0 -18"><span class='ocrx_word' id='word_1_223' title='bbox 435 2724 734 2789; x_wconf 91' lang='lat' dir='ltr'>omnibus</span> <span class='ocrx_word' id='word_1_224' title='bbox 781 2729 986 2805; x_wconf 51' lang='lat' dir='ltr'>est,et</span> <span class='ocrx_word' id='word_1_225' title='bbox 1017 2747 1215 2807; x_wconf 87' lang='lat' dir='ltr'>nuper</span> <span class='ocrx_word' id='word_1_226' title='bbox 1259 2748 1298 2789; x_wconf 89' lang='lat' dir='ltr'>a</span> <span class='ocrx_word' id='word_1_227' title='bbox 1329 2724 1607 2807; x_wconf 88' lang='lat' dir='ltr'>parocho</span> <span class='ocrx_word' id='word_1_228' title='bbox 1657 2729 1873 2789; x_wconf 88' lang='lat' dir='ltr'>nostro</span> <span class='ocrx_word' id='word_1_229' title='bbox 1922 2725 2180 2793; x_wconf 81' lang='lat' dir='ltr'>dictum.</span> <span class='ocrx_word' id='word_1_230' title='bbox 2215 2726 2404 2789; x_wconf 88' lang='lat' dir='ltr'>sicuti</span> <span class='ocrx_word' id='word_1_231' title='bbox 2436 2721 2708 2788; x_wconf 84' lang='lat' dir='ltr'>Paulus⁶</span> 
     </span>
     <span class='ocr_line' id='line_1_29' title="bbox 438 2810 2707 2890; baseline -0.001 -17"><span class='ocrx_word' id='word_1_232' title='bbox 438 2810 596 2873; x_wconf 85' lang='lat' dir='ltr'>mihi</span> <span class='ocrx_word' id='word_1_233' title='bbox 652 2810 902 2873; x_wconf 83' lang='lat' dir='ltr'>retulit:</span> <span class='ocrx_word' id='word_1_234' title='bbox 966 2813 1129 2885; x_wconf 71' lang='lat' dir='ltr'>frume</span> <span class='ocrx_word' id='word_1_235' title='bbox 1193 2812 1373 2885; x_wconf 67' lang='lat' dir='ltr'>teatin</span> <span class='ocrx_word' id='word_1_236' title='bbox 1430 2812 1597 2885; x_wconf 68' lang='lat' dir='ltr'>baben</span> <span class='ocrx_word' id='word_1_237' title='bbox 1656 2812 1825 2883; x_wconf 69' lang='lat' dir='ltr'>menia</span> <span class='ocrx_word' id='word_1_238' title='bbox 1886 2812 2081 2884; x_wconf 65' lang='lat' dir='ltr'>gelbis.</span> <span class='ocrx_word' id='word_1_239' title='bbox 2188 2811 2319 2874; x_wconf 88' lang='lat' dir='ltr'>lste</span> <span class='ocrx_word' id='word_1_240' title='bbox 2371 2811 2707 2890; x_wconf 83' lang='lat' dir='ltr'>theologus</span> 
     </span>
     <span class='ocr_line' id='line_1_30' title="bbox 437 2895 2705 2977; baseline -0 -20"><span class='ocrx_word' id='word_1_241' title='bbox 437 2896 668 2958; x_wconf 84' lang='lat' dir='ltr'>maluit</span> <span class='ocrx_word' id='word_1_242' title='bbox 713 2895 863 2962; x_wconf 88' lang='lat' dir='ltr'>mihi</span> <span class='ocrx_word' id='word_1_243' title='bbox 921 2895 1263 2977; x_wconf 88' lang='lat' dir='ltr'>probitatis</span> <span class='ocrx_word' id='word_1_244' title='bbox 1327 2895 1580 2958; x_wconf 89' lang='lat' dir='ltr'>laudem</span> <span class='ocrx_word' id='word_1_245' title='bbox 1649 2916 1837 2977; x_wconf 90' lang='lat' dir='ltr'>quam</span> <span class='ocrx_word' id='word_1_246' title='bbox 1902 2895 2268 2959; x_wconf 88' lang='lat' dir='ltr'>divitiarum</span> <span class='ocrx_word' id='word_1_247' title='bbox 2336 2896 2705 2959; x_wconf 87' lang='lat' dir='ltr'>attribuere.</span> 
     </span>
     <span class='ocr_line' id='line_1_31' title="bbox 435 2978 2709 3063; baseline 0 -20"><span class='ocrx_word' id='word_1_248' title='bbox 435 2980 539 3043; x_wconf 90' lang='lat' dir='ltr'>Dii</span> <span class='ocrx_word' id='word_1_249' title='bbox 593 2981 886 3062; x_wconf 74' lang='lat' dir='ltr'>‘perdant</span> <span class='ocrx_word' id='word_1_250' title='bbox 944 2981 1116 3044; x_wconf 88' lang='lat' dir='ltr'>hunc</span> <span class='ocrx_word' id='word_1_251' title='bbox 1177 2980 1381 3062; x_wconf 90' lang='lat' dir='ltr'>ipsum</span> <span class='ocrx_word' id='word_1_252' title='bbox 1429 2985 1494 3043; x_wconf 91' lang='lat' dir='ltr'>et</span> <span class='ocrx_word' id='word_1_253' title='bbox 1537 2980 1716 3043; x_wconf 88' lang='lat' dir='ltr'>illum</span> <span class='ocrx_word' id='word_1_254' title='bbox 1766 2978 1983 3043; x_wconf 84' lang='lat' dir='ltr'>Severi</span> <span class='ocrx_word' id='word_1_255' title='bbox 2036 2980 2409 3063; x_wconf 77' lang='lat' dir='ltr'>pai-ochum,</span> <span class='ocrx_word' id='word_1_256' title='bbox 2476 2981 2589 3063; x_wconf 91' lang='lat' dir='ltr'>qui</span> <span class='ocrx_word' id='word_1_257' title='bbox 2630 2980 2709 3043; x_wconf 89' lang='lat' dir='ltr'>ad</span> 
     </span>
     <span class='ocr_line' id='line_1_32' title="bbox 436 3064 2709 3148; baseline -0.001 -19"><span class='ocrx_word' id='word_1_258' title='bbox 436 3087 717 3129; x_wconf 82' lang='lat' dir='ltr'>mensam</span> <span class='ocrx_word' id='word_1_259' title='bbox 767 3066 951 3129; x_wconf 88' lang='lat' dir='ltr'>Pauli</span> <span class='ocrx_word' id='word_1_260' title='bbox 997 3066 1277 3147; x_wconf 89' lang='lat' dir='ltr'>episcopi</span> <span class='ocrx_word' id='word_1_261' title='bbox 1322 3064 1555 3128; x_wconf 84' lang='lat' dir='ltr'>nostri⁷</span> <span class='ocrx_word' id='word_1_262' title='bbox 1608 3065 1774 3129; x_wconf 84' lang='lat' dir='ltr'>dixit</span> <span class='ocrx_word' id='word_1_263' title='bbox 1817 3086 1959 3128; x_wconf 88' lang='lat' dir='ltr'>raro</span> <span class='ocrx_word' id='word_1_264' title='bbox 2003 3088 2104 3129; x_wconf 91' lang='lat' dir='ltr'>me</span> <span class='ocrx_word' id='word_1_265' title='bbox 2136 3066 2447 3129; x_wconf 88' lang='lat' dir='ltr'>obtulisse</span> <span class='ocrx_word' id='word_1_266' title='bbox 2478 3066 2709 3148; x_wconf 86' lang='lat' dir='ltr'>stipem</span> 
     </span>
     <span class='ocr_line' id='line_1_33' title="bbox 438 3150 2705 3233; baseline -0.001 -19"><span class='ocrx_word' id='word_1_267' title='bbox 438 3152 504 3214; x_wconf 92' lang='lat' dir='ltr'>in</span> <span class='ocrx_word' id='word_1_268' title='bbox 554 3150 812 3233; x_wconf 90' lang='lat' dir='ltr'>templo.</span> <span class='ocrx_word' id='word_1_269' title='bbox 903 3150 1002 3214; x_wconf 90' lang='lat' dir='ltr'>Ad</span> <span class='ocrx_word' id='word_1_270' title='bbox 1046 3151 1463 3233; x_wconf 84' lang='lat' dir='ltr'>propositum,</span> <span class='ocrx_word' id='word_1_271' title='bbox 1533 3150 1697 3230; x_wconf 89' lang='lat' dir='ltr'>elige</span> <span class='ocrx_word' id='word_1_272' title='bbox 1756 3150 1857 3213; x_wconf 92' lang='lat' dir='ltr'>cui</span> <span class='ocrx_word' id='word_1_273' title='bbox 1903 3150 2105 3214; x_wconf 88' lang='lat' dir='ltr'>dicas:</span> <span class='ocrx_word' id='word_1_274' title='bbox 2176 3150 2310 3232; x_wconf 86' lang='lat' dir='ltr'>„En</span> <span class='ocrx_word' id='word_1_275' title='bbox 2370 3150 2494 3213; x_wconf 89' lang='lat' dir='ltr'>tibi</span> <span class='ocrx_word' id='word_1_276' title='bbox 2550 3150 2705 3213; x_wconf 90' lang='lat' dir='ltr'>fide-</span> 
     </span>
     <span class='ocr_line' id='line_1_34' title="bbox 439 3234 2709 3319; baseline -0.001 -20"><span class='ocrx_word' id='word_1_277' title='bbox 439 3236 752 3319; x_wconf 87' lang='lat' dir='ltr'>jussorem</span> <span class='ocrx_word' id='word_1_278' title='bbox 811 3234 1228 3300; x_wconf 84' lang='lat' dir='ltr'>Mutianum.“</span> <span class='ocrx_word' id='word_1_279' title='bbox 1335 3234 1535 3317; x_wconf 86' lang='lat' dir='ltr'>Spero</span> <span class='ocrx_word' id='word_1_280' title='bbox 1580 3235 1769 3298; x_wconf 90' lang='lat' dir='ltr'>fidem</span> <span class='ocrx_word' id='word_1_281' title='bbox 1831 3240 2115 3300; x_wconf 84' lang='lat' dir='ltr'>nostram</span> <span class='ocrx_word' id='word_1_282' title='bbox 2173 3257 2302 3300; x_wconf 90' lang='lat' dir='ltr'>non</span> <span class='ocrx_word' id='word_1_283' title='bbox 2364 3236 2709 3313; x_wconf 89' lang='lat' dir='ltr'>decoxisse,</span> 
     </span>
    </p>
   </div>
   <div class='ocr_carea' id='block_1_3' title="bbox 437 3342 850 3349">
    <p class='ocr_par' dir='ltr' id='par_1_4' title="bbox 437 3342 850 3349">
     <span class='ocr_line' id='line_1_35' title="bbox 437 3342 850 3349; baseline 0 0"><span class='ocrx_word' id='word_1_284' title='bbox 437 3342 850 3349; x_wconf 95' lang='lat' dir='ltr'> </span> 
     </span>
    </p>
   </div>
   <div class='ocr_carea' id='block_1_4' title="bbox 435 3385 2713 4412">
    <p class='ocr_par' dir='ltr' id='par_1_5' title="bbox 579 3385 1973 3455">
     <span class='ocr_line' id='line_1_36' title="bbox 579 3385 1973 3455; baseline -0.002 -15"><span class='ocrx_word' id='word_1_285' title='bbox 579 3402 608 3431; x_wconf 76' lang='lat' dir='ltr'>a</span> <span class='ocrx_word' id='word_1_286' title='bbox 635 3388 886 3442; x_wconf 85' lang='lat' dir='ltr'>maxime.</span> <span class='ocrx_word' id='word_1_287' title='bbox 935 3386 1044 3455; x_wconf 75' lang='lat' dir='ltr'>Vyl.</span> <span class='ocrx_word' id='word_1_288' title='bbox 1085 3386 1269 3439; x_wconf 64' lang='lat' dir='ltr'>mbull.</span> <span class='ocrx_word' id='word_1_289' title='bbox 1305 3386 1347 3449; x_wconf 87' lang='lat' dir='ltr'>I,</span> <span class='ocrx_word' id='word_1_290' title='bbox 1385 3387 1436 3449; x_wconf 88' lang='grc'>8,</span> <span class='ocrx_word' id='word_1_291' title='bbox 1473 3387 1562 3439; x_wconf 83' lang='grc'>34.</span> <span class='ocrx_word' id='word_1_292' title='bbox 1701 3390 1730 3427; x_wconf 88' lang='lat' dir='ltr'>b</span> <span class='ocrx_word' id='word_1_293' title='bbox 1756 3385 1973 3453; x_wconf 84' lang='lat' dir='ltr'>roganti.</span> 
     </span>
    </p>

    <p class='ocr_par' dir='ltr' id='par_1_6' title="bbox 435 3451 2713 4412">
     <span class='ocr_line' id='line_1_37' title="bbox 583 3451 2711 3522; baseline -0.002 -12"><span class='ocrx_word' id='word_1_294' title='bbox 583 3458 598 3489; x_wconf 90' lang='lat'>¹</span> <span class='ocrx_word' id='word_1_295' title='bbox 636 3454 1110 3510; x_wconf 87' lang='lat' dir='ltr'>Wahrscheinlich</span> <span class='ocrx_word' id='word_1_296' title='bbox 1143 3456 1235 3509; x_wconf 89' lang='lat' dir='ltr'>der</span> <span class='ocrx_word' id='word_1_297' title='bbox 1269 3454 1494 3508; x_wconf 82' lang='lat' dir='ltr'>hiilflose</span> <span class='ocrx_word' id='word_1_298' title='bbox 1528 3452 1839 3521; x_wconf 89' lang='lat' dir='ltr'>Apollonius</span> <span class='ocrx_word' id='word_1_299' title='bbox 1878 3453 1984 3521; x_wconf 89' lang='lat' dir='ltr'>(Br.</span> <span class='ocrx_word' id='word_1_300' title='bbox 2012 3454 2126 3507; x_wconf 87' lang='lat'>135.</span> <span class='ocrx_word' id='word_1_301' title='bbox 2155 3453 2275 3522; x_wconf 89' lang='lat'>136)</span> <span class='ocrx_word' id='word_1_302' title='bbox 2312 3454 2437 3507; x_wconf 86' lang='lat' dir='ltr'>oder</span> <span class='ocrx_word' id='word_1_303' title='bbox 2453 3451 2711 3505; x_wconf 82' lang='lat' dir='ltr'>Wilhelm</span> 
     </span>
     <span class='ocr_line' id='line_1_38' title="bbox 441 3520 2713 3593; baseline -0.002 -16"><span class='ocrx_word' id='word_1_304' title='bbox 441 3525 548 3593; x_wconf 86' lang='lat' dir='ltr'>(Br.</span> <span class='ocrx_word' id='word_1_305' title='bbox 594 3524 732 3593; x_wconf 86' lang='lat'>150).</span> <span class='ocrx_word' id='word_1_306' title='bbox 843 3525 863 3557; x_wconf 75' lang='lat'>²</span> <span class='ocrx_word' id='word_1_307' title='bbox 896 3523 1015 3593; x_wconf 88' lang='lat' dir='ltr'>Vgl.</span> <span class='ocrx_word' id='word_1_308' title='bbox 1059 3523 1111 3578; x_wconf 79' lang='lat' dir='ltr'>S.</span> <span class='ocrx_word' id='word_1_309' title='bbox 1149 3524 1219 3577; x_wconf 88' lang='grc'>60</span> <span class='ocrx_word' id='word_1_310' title='bbox 1252 3525 1316 3575; x_wconf 89' lang='lat' dir='ltr'>A.</span> <span class='ocrx_word' id='word_1_311' title='bbox 1354 3524 1401 3576; x_wconf 87' lang='lat'>3.</span> <span class='ocrx_word' id='word_1_312' title='bbox 1509 3524 1530 3555; x_wconf 80' lang='lat'><strong>⁸</strong></span> <span class='ocrx_word' id='word_1_313' title='bbox 1564 3523 1673 3575; x_wconf 91' lang='lat' dir='ltr'>Der</span> <span class='ocrx_word' id='word_1_314' title='bbox 1706 3522 1813 3575; x_wconf 88' lang='lat' dir='ltr'>Abt</span> <span class='ocrx_word' id='word_1_315' title='bbox 1847 3521 1898 3575; x_wconf 78' lang='lat' dir='ltr'>S.</span> <span class='ocrx_word' id='word_1_316' title='bbox 1926 3522 2023 3575; x_wconf 89' lang='grc'>108</span> <span class='ocrx_word' id='word_1_317' title='bbox 2059 3524 2123 3574; x_wconf 88' lang='grc' dir='ltr'>Α.</span> <span class='ocrx_word' id='word_1_318' title='bbox 2164 3524 2211 3573; x_wconf 90' lang='grc'>1.</span> <span class='ocrx_word' id='word_1_319' title='bbox 2319 3522 2341 3553; x_wconf 73' lang='lat'><strong>⁴</strong></span> <span class='ocrx_word' id='word_1_320' title='bbox 2373 3520 2474 3575; x_wconf 86' lang='lat' dir='ltr'>Ein</span> <span class='ocrx_word' id='word_1_321' title='bbox 2509 3521 2713 3573; x_wconf 90' lang='lat' dir='ltr'>Bruder</span> 
     </span>
     <span class='ocr_line' id='line_1_39' title="bbox 437 3588 2709 3666; baseline -0.002 -21"><span class='ocrx_word' id='word_1_322' title='bbox 437 3593 547 3645; x_wconf 90' lang='lat' dir='ltr'>und</span> <span class='ocrx_word' id='word_1_323' title='bbox 587 3594 720 3646; x_wconf 85' lang='lat' dir='ltr'>zwei</span> <span class='ocrx_word' id='word_1_324' title='bbox 756 3592 947 3647; x_wconf 88' lang='lat' dir='ltr'>Neffen</span> <span class='ocrx_word' id='word_1_325' title='bbox 984 3593 1078 3645; x_wconf 87' lang='lat' dir='ltr'>des</span> <span class='ocrx_word' id='word_1_326' title='bbox 1097 3592 1262 3644; x_wconf 86' lang='lat' dir='ltr'>Abtes</span> <span class='ocrx_word' id='word_1_327' title='bbox 1297 3590 1473 3644; x_wconf 82' lang='lat' dir='ltr'>lebten</span> <span class='ocrx_word' id='word_1_328' title='bbox 1507 3590 1565 3643; x_wconf 89' lang='lat' dir='ltr'>in</span> <span class='ocrx_word' id='word_1_329' title='bbox 1589 3589 1952 3659; x_wconf 83' lang='lat' dir='ltr'>Georgenthal.</span> <span class='ocrx_word' id='word_1_330' title='bbox 2096 3592 2117 3623; x_wconf 77' lang='lat'>⁵</span> <span class='ocrx_word' id='word_1_331' title='bbox 2149 3588 2374 3666; x_wconf 61' lang='lat' dir='ltr'>Martia-13</span> <span class='ocrx_word' id='word_1_332' title='bbox 2396 3588 2575 3657; x_wconf 84' lang='lat' dir='ltr'>Epigr.</span> <span class='ocrx_word' id='word_1_333' title='bbox 2614 3588 2709 3654; x_wconf 93' lang='lat' dir='ltr'>IX,</span> 
     </span>
     <span class='ocr_line' id='line_1_40' title="bbox 438 3656 2713 3727; baseline -0.001 -15"><span class='ocrx_word' id='word_1_334' title='bbox 438 3662 523 3726; x_wconf 85' lang='lat'>47,</span> <span class='ocrx_word' id='word_1_335' title='bbox 576 3660 678 3713; x_wconf 89' lang='lat' dir='ltr'>mit</span> <span class='ocrx_word' id='word_1_336' title='bbox 722 3661 1054 3727; x_wconf 86' lang='lat' dir='ltr'>Auslassung</span> <span class='ocrx_word' id='word_1_337' title='bbox 1098 3676 1203 3712; x_wconf 86' lang='lat' dir='ltr'>von</span> <span class='ocrx_word' id='word_1_338' title='bbox 1246 3659 1310 3711; x_wconf 88' lang='lat' dir='ltr'>V.</span> <span class='ocrx_word' id='word_1_339' title='bbox 1349 3660 1396 3711; x_wconf 89' lang='lat'>3.</span> <span class='ocrx_word' id='word_1_340' title='bbox 1432 3660 1481 3711; x_wconf 88' lang='lat'>4.</span> <span class='ocrx_word' id='word_1_341' title='bbox 1632 3660 1655 3691; x_wconf 78' lang='lat'>⁶</span> <span class='ocrx_word' id='word_1_342' title='bbox 1688 3658 1889 3711; x_wconf 87' lang='lat' dir='ltr'>Paulus</span> <span class='ocrx_word' id='word_1_343' title='bbox 1934 3657 2195 3725; x_wconf 77' lang='lat' dir='ltr'>AquiliuS,</span> <span class='ocrx_word' id='word_1_344' title='bbox 2241 3656 2478 3710; x_wconf 77' lang='lat' dir='ltr'>Mutians</span> <span class='ocrx_word' id='word_1_345' title='bbox 2527 3657 2713 3710; x_wconf 68' lang='lat' dir='ltr'>alteror</span> 
     </span>
     <span class='ocr_line' id='line_1_41' title="bbox 440 3724 2711 3792; baseline -0.003 -11"><span class='ocrx_word' id='word_1_346' title='bbox 440 3728 637 3781; x_wconf 87' lang='lat' dir='ltr'>Diener</span> <span class='ocrx_word' id='word_1_347' title='bbox 669 3730 841 3782; x_wconf 85' lang='lat' dir='ltr'>neben</span> <span class='ocrx_word' id='word_1_348' title='bbox 875 3728 1196 3780; x_wconf 84' lang='lat' dir='ltr'>Benedictus</span> <span class='ocrx_word' id='word_1_349' title='bbox 1232 3727 1471 3779; x_wconf 78' lang='lat' dir='ltr'>Rufinus,</span> <span class='ocrx_word' id='word_1_350' title='bbox 1509 3726 1559 3779; x_wconf 81' lang='lat' dir='ltr'>S.</span> <span class='ocrx_word' id='word_1_351' title='bbox 1583 3726 1650 3778; x_wconf 87' lang='grc'>24</span> <span class='ocrx_word' id='word_1_352' title='bbox 1669 3728 1731 3781; x_wconf 88' lang='lat' dir='ltr'>A.</span> <span class='ocrx_word' id='word_1_353' title='bbox 1748 3727 1795 3779; x_wconf 87' lang='lat'>3.</span> <span class='ocrx_word' id='word_1_354' title='bbox 1899 3727 1918 3757; x_wconf 91' lang='lat'>⁷</span> <span class='ocrx_word' id='word_1_355' title='bbox 1936 3725 2136 3778; x_wconf 80' lang='lat' dir='ltr'>Paulus</span> <span class='ocrx_word' id='word_1_356' title='bbox 2172 3726 2451 3792; x_wconf 85' lang='lat' dir='ltr'>episcopus</span> <span class='ocrx_word' id='word_1_357' title='bbox 2486 3725 2627 3778; x_wconf 86' lang='lat' dir='ltr'>auch</span> <span class='ocrx_word' id='word_1_358' title='bbox 2659 3724 2711 3775; x_wconf 87' lang='lat' dir='ltr'>in</span> 
     </span>
     <span class='ocr_line' id='line_1_42' title="bbox 439 3793 2713 3863; baseline -0.002 -14"><span class='ocrx_word' id='word_1_359' title='bbox 439 3797 526 3851; x_wconf 87' lang='lat' dir='ltr'>Br.</span> <span class='ocrx_word' id='word_1_360' title='bbox 565 3797 666 3849; x_wconf 87' lang='grc'>323</span> <span class='ocrx_word' id='word_1_361' title='bbox 705 3798 798 3850; x_wconf 91' lang='lat' dir='ltr'>des</span> <span class='ocrx_word' id='word_1_362' title='bbox 848 3796 971 3849; x_wconf 87' lang='lat' dir='ltr'>Cod.</span> <span class='ocrx_word' id='word_1_363' title='bbox 1011 3796 1261 3861; x_wconf 66' lang='lat' dir='ltr'>erwahnt,</span> <span class='ocrx_word' id='word_1_364' title='bbox 1298 3811 1380 3847; x_wconf 87' lang='lat' dir='ltr'>wo</span> <span class='ocrx_word' id='word_1_365' title='bbox 1415 3811 1518 3847; x_wconf 83' lang='lat' dir='ltr'>von</span> <span class='ocrx_word' id='word_1_366' title='bbox 1552 3794 1666 3846; x_wconf 91' lang='lat' dir='ltr'>ihm</span> <span class='ocrx_word' id='word_1_367' title='bbox 1690 3795 1873 3863; x_wconf 81' lang='lat' dir='ltr'>gesagt</span> <span class='ocrx_word' id='word_1_368' title='bbox 1894 3793 2041 3859; x_wconf 86' lang='lat' dir='ltr'>wird,</span> <span class='ocrx_word' id='word_1_369' title='bbox 2079 3794 2200 3846; x_wconf 83' lang='lat' dir='ltr'>dass</span> <span class='ocrx_word' id='word_1_370' title='bbox 2236 3810 2294 3845; x_wconf 95' lang='lat' dir='ltr'>er</span> <span class='ocrx_word' id='word_1_371' title='bbox 2328 3794 2444 3847; x_wconf 91' lang='lat' dir='ltr'>sich</span> <span class='ocrx_word' id='word_1_372' title='bbox 2469 3794 2713 3861; x_wconf 83' lang='lat' dir='ltr'>weigerte</span> 
     </span>
     <span class='ocr_line' id='line_1_43' title="bbox 439 3859 2712 3919; baseline -0.002 -2"><span class='ocrx_word' id='word_1_373' title='bbox 439 3866 541 3917; x_wconf 87' lang='lat' dir='ltr'>den</span> <span class='ocrx_word' id='word_1_374' title='bbox 577 3864 723 3919; x_wconf 85' lang='lat' dir='ltr'>Sohn</span> <span class='ocrx_word' id='word_1_375' title='bbox 772 3867 864 3919; x_wconf 90' lang='lat' dir='ltr'>des</span> <span class='ocrx_word' id='word_1_376' title='bbox 899 3864 1080 3917; x_wconf 90' lang='lat' dir='ltr'>Morus</span> <span class='ocrx_word' id='word_1_377' title='bbox 1117 3880 1186 3915; x_wconf 89' lang='lat' dir='ltr'>zu</span> <span class='ocrx_word' id='word_1_378' title='bbox 1220 3862 1442 3915; x_wconf 87' lang='lat' dir='ltr'>weihen.</span> <span class='ocrx_word' id='word_1_379' title='bbox 1515 3862 1595 3915; x_wconf 93' lang='lat' dir='ltr'>Ob</span> <span class='ocrx_word' id='word_1_380' title='bbox 1631 3866 1787 3915; x_wconf 84' lang='lat' dir='ltr'>unter</span> <span class='ocrx_word' id='word_1_381' title='bbox 1831 3862 1946 3913; x_wconf 91' lang='lat' dir='ltr'>ihm</span> <span class='ocrx_word' id='word_1_382' title='bbox 1983 3862 2076 3914; x_wconf 89' lang='lat' dir='ltr'>der</span> <span class='ocrx_word' id='word_1_383' title='bbox 2109 3861 2164 3913; x_wconf 86' lang='lat' dir='ltr'>in</span> <span class='ocrx_word' id='word_1_384' title='bbox 2200 3862 2293 3914; x_wconf 89' lang='lat' dir='ltr'>der</span> <span class='ocrx_word' id='word_1_385' title='bbox 2326 3862 2431 3913; x_wconf 83' lang='lat' dir='ltr'>Erf.</span> <span class='ocrx_word' id='word_1_386' title='bbox 2469 3859 2712 3914; x_wconf 75' lang='lat' dir='ltr'>Mati-ikel</span> 
     </span>
     <span class='ocr_line' id='line_1_44' title="bbox 437 3928 2713 3997; baseline -0.002 -12"><span class='ocrx_word' id='word_1_387' title='bbox 437 3934 548 3986; x_wconf 88' lang='lat' dir='ltr'>und</span> <span class='ocrx_word' id='word_1_388' title='bbox 571 3932 656 3986; x_wconf 89' lang='lat' dir='ltr'>bei</span> <span class='ocrx_word' id='word_1_389' title='bbox 681 3933 724 3985; x_wconf 89' lang='lat' dir='ltr'><strong>F</strong></span> <span class='ocrx_word' id='word_1_390' title='bbox 739 3932 914 3987; x_wconf 87' lang='lat' dir='ltr'>alcko</span> <span class='ocrx_word' id='word_1_391' title='bbox 929 3931 1165 3997; x_wconf 85' lang='lat' dir='ltr'>nstein,</span> <span class='ocrx_word' id='word_1_392' title='bbox 1202 3930 1447 3997; x_wconf 83' lang='lat' dir='ltr'>Thiiring.</span> <span class='ocrx_word' id='word_1_393' title='bbox 1472 3931 1657 3984; x_wconf 86' lang='lat' dir='ltr'>Chron.</span> <span class='ocrx_word' id='word_1_394' title='bbox 1679 3930 1748 3996; x_wconf 87' lang='lat'>11,</span> <span class='ocrx_word' id='word_1_395' title='bbox 1774 3931 1875 3983; x_wconf 84' lang='lat'>976</span> <span class='ocrx_word' id='word_1_396' title='bbox 1902 3928 2231 3997; x_wconf 78' lang='lat' dir='ltr'>ausgefiihrte</span> <span class='ocrx_word' id='word_1_397' title='bbox 2251 3929 2452 3982; x_wconf 81' lang='lat' dir='ltr'>Paulus</span> <span class='ocrx_word' id='word_1_398' title='bbox 2472 3928 2713 3995; x_wconf 79' lang='lat' dir='ltr'>(Hutten)</span> 
     </span>
     <span class='ocr_line' id='line_1_45' title="bbox 435 3996 2712 4137; baseline -0.003 -14"><span class='ocrx_word' id='word_1_399' title='bbox 435 4002 714 4125; x_wconf 59' lang='lat' dir='ltr'>Zffiss‘s&#39;pusss</span> <span class='ocrx_word' id='word_1_400' title='bbox 755 3999 1174 4137; x_wconf 41' lang='lat' dir='ltr'>§samanar</span> <span class='ocrx_word' id='word_1_401' title='bbox 1213 3998 2069 4135; x_wconf 52' lang='lat' dir='ltr'>&amp;32:¹³⁰:bn-2:2⁹..3f033313ffitffff·</span> <span class='ocrx_word' id='word_1_402' title='bbox 2104 3996 2712 4119; x_wconf 47' lang='lat' dir='ltr'>&amp;offirnfifflibufffl‘</span> 
     </span>
     <span class='ocr_line' id='line_1_46' title="bbox 438 4104 2712 4201; baseline -0.003 -9"><span class='ocrx_word' id='word_1_403' title='bbox 438 4140 563 4194; x_wconf 87' lang='lat' dir='ltr'>oder</span> <span class='ocrx_word' id='word_1_404' title='bbox 597 4111 683 4191; x_wconf 72' lang='lat' dir='ltr'>ein</span> <span class='ocrx_word' id='word_1_405' title='bbox 717 4138 793 4190; x_wconf 91' lang='lat' dir='ltr'>im</span> <span class='ocrx_word' id='word_1_406' title='bbox 830 4136 1157 4191; x_wconf 80' lang='lat' dir='ltr'>Severistifte</span> <span class='ocrx_word' id='word_1_407' title='bbox 1195 4152 1263 4187; x_wconf 90' lang='lat' dir='ltr'>zu</span> <span class='ocrx_word' id='word_1_408' title='bbox 1298 4135 1477 4187; x_wconf 84' lang='lat' dir='ltr'>Erfurt</span> <span class='ocrx_word' id='word_1_409' title='bbox 1513 4135 1830 4188; x_wconf 86' lang='lat' dir='ltr'>wohnender</span> <span class='ocrx_word' id='word_1_410' title='bbox 1854 4106 2145 4201; x_wconf 66' lang='lat' dir='ltr'>Episco’pus</span> <span class='ocrx_word' id='word_1_411' title='bbox 2183 4135 2275 4187; x_wconf 89' lang='lat' dir='ltr'>des</span> <span class='ocrx_word' id='word_1_412' title='bbox 2302 4133 2532 4187; x_wconf 83' lang='lat' dir='ltr'>Gothaer</span> <span class='ocrx_word' id='word_1_413' title='bbox 2550 4104 2712 4187; x_wconf 58' lang='lat' dir='ltr'>Domss</span> 
     </span>
     <span class='ocr_line' id='line_1_47' title="bbox 437 4201 2711 4274; baseline -0.003 -13"><span class='ocrx_word' id='word_1_414' title='bbox 437 4208 606 4261; x_wconf 75' lang='lat' dir='ltr'>stistes</span> <span class='ocrx_word' id='word_1_415' title='bbox 644 4207 966 4274; x_wconf 81' lang='lat' dir='ltr'>(»episeopus</span> <span class='ocrx_word' id='word_1_416' title='bbox 1001 4203 1273 4272; x_wconf 82' lang='lat' dir='ltr'>noster«)</span> <span class='ocrx_word' id='word_1_417' title='bbox 1313 4220 1381 4255; x_wconf 87' lang='lat' dir='ltr'>zu</span> <span class='ocrx_word' id='word_1_418' title='bbox 1413 4204 1695 4256; x_wconf 86' lang='lat' dir='ltr'>verstehen</span> <span class='ocrx_word' id='word_1_419' title='bbox 1731 4203 1816 4267; x_wconf 84' lang='lat' dir='ltr'>ist,</span> <span class='ocrx_word' id='word_1_420' title='bbox 1853 4201 1983 4255; x_wconf 68' lang='lat' dir='ltr'>lasst</span> <span class='ocrx_word' id='word_1_421' title='bbox 2018 4202 2134 4255; x_wconf 88' lang='lat' dir='ltr'>sich</span> <span class='ocrx_word' id='word_1_422' title='bbox 2169 4202 2315 4255; x_wconf 84' lang='lat' dir='ltr'>nicht</span> <span class='ocrx_word' id='word_1_423' title='bbox 2350 4201 2711 4255; x_wconf 84' lang='lat' dir='ltr'>entscheiden.</span> 
     </span>
     <span class='ocr_line' id='line_1_48' title="bbox 435 4269 2712 4340; baseline -0.004 -11"><span class='ocrx_word' id='word_1_424' title='bbox 435 4276 518 4329; x_wconf 90' lang='lat' dir='ltr'>Im</span> <span class='ocrx_word' id='word_1_425' title='bbox 552 4276 806 4328; x_wconf 82' lang='lat' dir='ltr'>letzteren</span> <span class='ocrx_word' id='word_1_426' title='bbox 842 4273 988 4327; x_wconf 82' lang='lat' dir='ltr'>Falle</span> <span class='ocrx_word' id='word_1_427' title='bbox 1024 4274 1218 4326; x_wconf 73' lang='lat' dir='ltr'>konnte</span> <span class='ocrx_word' id='word_1_428' title='bbox 1255 4272 1349 4324; x_wconf 88' lang='lat' dir='ltr'>der</span> <span class='ocrx_word' id='word_1_429' title='bbox 1381 4271 1436 4322; x_wconf 90' lang='lat' dir='ltr'>in</span> <span class='ocrx_word' id='word_1_430' title='bbox 1461 4271 1548 4325; x_wconf 69' lang='grc' dir='ltr'>ΒΥ.</span> <span class='ocrx_word' id='word_1_431' title='bbox 1572 4273 1637 4324; x_wconf 85' lang='grc'>35</span> <span class='ocrx_word' id='word_1_432' title='bbox 1674 4275 1933 4340; x_wconf 82' lang='lat' dir='ltr'>genannte</span> <span class='ocrx_word' id='word_1_433' title='bbox 1970 4270 2168 4323; x_wconf 87' lang='lat' dir='ltr'>Paulus</span> <span class='ocrx_word' id='word_1_434' title='bbox 2203 4269 2275 4322; x_wconf 88' lang='lat' dir='ltr'>im</span> <span class='ocrx_word' id='word_1_435' title='bbox 2300 4270 2548 4323; x_wconf 85' lang='lat' dir='ltr'>Weissen</span> <span class='ocrx_word' id='word_1_436' title='bbox 2566 4270 2712 4323; x_wconf 80' lang='lat' dir='ltr'>Rade</span> 
     </span>
     <span class='ocr_line' id='line_1_49' title="bbox 435 4338 1420 4412; baseline -0.005 -14"><span class='ocrx_word' id='word_1_437' title='bbox 435 4344 508 4412; x_wconf 81' lang='lat' dir='ltr'>(S.</span> <span class='ocrx_word' id='word_1_438' title='bbox 545 4343 752 4409; x_wconf 84' lang='lat' dir='ltr'>Severi)</span> <span class='ocrx_word' id='word_1_439' title='bbox 787 4341 1022 4397; x_wconf 87' lang='lat' dir='ltr'>dieselbe</span> <span class='ocrx_word' id='word_1_440' title='bbox 1057 4341 1256 4396; x_wconf 82' lang='lat' dir='ltr'>Person</span> <span class='ocrx_word' id='word_1_441' title='bbox 1291 4338 1420 4393; x_wconf 87' lang='lat' dir='ltr'>sein.</span> 
     </span>
    </p>
   </div>
  </div>
 </body>
</html>
