3084 4895
489 451 575 516 50
1254 445 1424 504 Briefe
1462 467 1564 504 von
1605 449 1964 506 1505—1508.

491 631 743 705 tempus
802 644 955 684 sane
1015 621 1451 703 periculosum.
1557 623 1800 704 Itaque,
1862 624 2040 688 Luna
2087 624 2328 688 Lucina
2388 629 2737 709 sanctaque

492 709 707 786 Lucia,
765 708 857 772 fer
915 730 1115 790 opem.
1218 708 1498 787 Ignosce.
1613 709 1912 773 Libenter
1970 712 2062 774 sic
2122 711 2270 774 ludo
2339 717 2402 774 et
2461 713 2738 794 antiqua

494 796 678 858 novis
724 795 1084 877 permisceo
1176 794 1289 856 Dic
1336 794 1590 857 domino
1639 796 1857 858 abbati
1905 798 2172 860 salutem
2223 801 2285 859 et
2327 799 2482 859 offer
2529 821 2730 862 meum

492 882 933 945 ministerium.
1028 879 1339 943 Combure
1386 881 1602 944 literas
1649 887 1900 964 propter
1946 884 2216 965 ineptias
2262 885 2495 965 passim
2542 885 2735 948 inter-

494 969 855 1032 seminatas

799 1066 921 1121 Cod.
958 1066 1090 1119 Frcf.
1129 1067 1209 1120 57.

492 1257 723 1326 (ootha.)
1256 1196 1261 1202 ”
1338 1251 1350 1264 ·
1570 1239 1672 1303 46.
2417 1259 2530 1326 (um
2567 1260 2737 1327 1505.)

1220 1365 1510 1434 Mutian
1556 1385 1652 1434 an
1700 1365 2004 1436 Urban.¹

544 1500 568 1564 (
576 1494 789 1549 Gediekt
824 1493 949 1546 iiber
982 1493 1134 1545 einen
1170 1493 1345 1557 Fisclz,
1381 1493 1475 1559 fur
1508 1493 1608 1546 m
1641 1493 1725 1545 die
1760 1493 1915 1546 Alte‘n
1948 1493 2132 1546 keinen
2169 1493 2453 1550 Ausdruck
2485 1497 2685 1564 haben.)

577 1613 655 1661 In
687 1609 1074 1670 longissimos
1099 1619 1127 1648 a
1160 1609 1361 1668 pisces
1398 1622 1473 1658 ex
1508 1611 1789 1668 tempore
1823 1608 1907 1658 ad
1941 1609 2263 1659 Urbanum
2299 1611 2386 1660 M.
2423 1611 2643 1661 Rufus.

666 1721 735 1786 Si
780 1742 1071 1802 graecum
1121 1721 1289 1802 quod
1332 1720 1549 1798 habeS‚
1597 1721 1698 1784 dic
1744 1721 1944 1797 nobiS,
1993 1720 2350 1800 strumule²,
2402 1745 2650 1799 nomen,

750 1829 1023 1888 namque
1068 1808 1187 1870 tibi
1238 1808 1508 1888 priscum
1557 1807 1773 1887 lingua
1817 1807 2016 1870 latina
2065 1813 2272 1888 negat.

666 1893 752 1957 Te
798 1916 969 1958 mare
1015 1891 1397 1956 Germanum
1443 1897 1703 1968 nostras
1737 1894 2119 1956 transmittit
2162 1895 2226 1956 in
2272 1916 2432 1957 oras.

747 1979 852 2057 Es,
900 1980 1197 2061 butyrum
1242 1979 1367 2042 nisi
1412 1982 1475 2042 te
1522 1986 1897 2060 concoquat,
1944 1979 2274 2060 insipidus,

664 2065 789 2130 Sed
834 2066 992 2130 mihi
1039 2087 1149 2147 pro
1196 2087 1337 2128 caro
1384 2066 1590 2147 sapies
1636 2066 2013 2146 acipensere,
2057 2072 2396 2148 postquam

750 2175 960 2215 macra
1006 2152 1380 2232 quaterdeni
1426 2149 1756 2233 ‘temporis'
1802 2151 1929 2214 olla
1971 2153 2166 2214 venit.

663 2238 831 2302 Laus
877 2239 963 2302 sit
1008 2259 1237 2319 magna
1284 2238 1422 2314 tibi,
1471 2238 1618 2300 dum
1666 2244 1874 2300 curret
1921 2235 2291 2300 Smintheus
2319 2239 2346 2275 b
2392 2238 2521 2300 alto

748 2324 941 2400 coelo,
988 2345 1129 2386 cum
1177 2323 1437 2405 superiS,
1487 2323 1571 2388 mi
1618 2323 1970 2394 venerande
2016 2327 2210 2404 pater.

661 2409 763 2475 Sis
809 2411 1013 2475 laetus
1056 2410 1437 2491 turbamque
1490 2430 1706 2491 precor
1753 2409 2067 2473 celebrato
2115 2431 2458 2488 novenam3

749 2520 919 2561 nunc
962 2502 1198 2573 tamen,
1245 2501 1318 2560 ut
1361 2501 1612 2578 tempus
1661 2497 1962 2577 postulat,
2009 2497 2142 2575 ede,
2193 2496 2355 2559 bibe.

798 2598 921 2652 Cod.
958 2597 1092 2651 Frcf.
1129 2596 1211 2651 30.

493 2785 721 2855 (Gotha,)
1548 2770 1651 2833 47.
2233 2784 2348 2853 (um
2383 2784 2527 2837 Ende
2565 2783 2736 2851 1505.)

1237 2913 1528 2983 Mutian
1573 2934 1668 2983 an
1711 2913 1989 2984 Urban.

585 3067 606 3126 (
618 3049 985 3127 Uber-sendunq
1019 3076 1118 3111 von
1156 3058 1588 3127 Spalatinisehen
1621 3059 1851 3126 Briefen.
1929 3060 2084 3112 Gebet
2115 3059 2236 3126 fiir-s
2279 3059 2527 3125 Gelinyen
2560 3058 2647 3109 des

1251 3128 1686 3183 Venetiam-seben
1721 3129 1988 3195 Handels)

1013 3243 1116 3293 Ad
1150 3243 1471 3294 Urbanum
1507 3244 1829 3294 cellarium
1863 3245 1950 3294 M.
1989 3242 2209 3292 Busae.

699 3353 902 3417 Salus.
998 3351 1153 3417 Cum
1212 3353 1415 3418 viator
1471 3360 1620 3419 tuus
1675 3356 1968 3438 pocillum
2031 3360 2094 3419 et
2148 3352 2534 3435 jentaculum
2608 3354 2735 3413 sta-

492 3440 723 3503 tarium
753 3451 777 3479 ⁰
825 3440 1147 3504 delibaret.
1195 3442 1467 3523 corripui
1512 3441 1843 3505 confestim
1893 3441 2208 3525 Spalatini
2245 3443 2455 3503 literas
2499 3442 2562 3499 et
2593 3458 2736 3499 coa-

494 3528 739 3589 cervavi
807 3528 1168 3611 praesertim
1239 3550 1363 3603 eaS,
1441 3550 1604 3610 quae
1647 3551 1686 3591 a
1733 3534 1909 3611 tergo
1971 3526 2282 3591 stabant.⁴
2382 3526 2504 3587 Eas
2553 3522 2732 3586 hilari

494 3612 719 3692 fronte,
766 3618 839 3677 ut
886 3614 1049 3675 soles
1080 3614 1333 3676 literata
1366 3615 1760 3690 munuscula,
1806 3616 2131 3697 suscipias
2224 3612 2370 3688 Hui,
2417 3610 2568 3691 quid
2604 3610 2733 3673 dixi

494 3699 901 3763 munuscula!
970 3722 1065 3763 res
1121 3703 1217 3762 est
1278 3701 1512 3763 nullius
1570 3701 1772 3783 pretii.
1863 3700 1988 3763 Sed
2049 3720 2222 3762 amor
2278 3705 2341 3760 et
2387 3700 2553 3759 nitor
2598 3718 2735 3759 ora-

492 3786 687 3847 tionis
749 3790 846 3848 est
912 3785 1170 3867 aliquid.
1272 3785 1495 3867 ltaque
1541 3788 1596 3849 si
1657 3786 1828 3849 hunc
1887 3786 2221 3867 spectabiS,
2291 3784 2432 3847 dedi
2499 3782 2734 3864 grande

494 3892 744 3948 munus,
789 3872 887 3934 sin
932 3877 1143 3935 autem
1178 3871 1448 3947 chartas,
1500 3872 1657 3936 nihil
1691 3872 2139 3955 propemodum
2173 3870 2334 3932 dedi.
2425 3868 2518 3932 Tu
2552 3870 2732 3932 deum

492 3978 621 4035 ora,
682 3963 754 4020 ut
799 3958 1074 4038 negoti0‚
1140 3958 1308 4039 quod
1364 3959 1676 4037 molimur,
1735 3961 1984 4041 aspiret.
2075 3956 2345 4020 Multum
2395 3955 2598 4017 valere
2644 3955 2738 4015 di-

493 4044 657 4105 citur
706 4044 1062 4126 deprecatio
1102 4043 1261 4124 justi
1306 4044 1612 4108 assidua.⁵
1689 4042 1755 4108 Si
1805 4066 1931 4107 non
1979 4043 2277 4107 exaudiet
2309 4042 2735 4123 deprecantes,

629 4210 656 4237 a
688 4196 857 4248 aridos
904 4196 1106 4249 Camer.
1178 4200 1205 4236 b
1238 4195 1574 4262 Smynthous,
1649 4210 1672 4237 ο
1703 4196 1985 4250 statar-iam.

633 4266 647 4295 ¹
690 4266 907 4333 Anhang
944 4283 1007 4316 zu
1044 4264 1193 4316 Briof
1217 4266 1282 4316 30
1305 4266 1396 4315 (les
1422 4266 1614 4325 Codex,
1651 4266 1748 4317 mit
1784 4266 1900 4316 dem
1938 4281 1994 4315 er
2009 4263 2196 4331 jedoch
2230 4261 2373 4313 nicht
2409 4274 2734 4313 zusammen·

494 4333 663 4399 hiingt.
738 4336 888 4386 Auch
948 4336 996 4385 in
1062 4334 1341 4385 (famen-arii
1401 4334 1580 4387 Libell.
1639 4352 1755 4387 nox'.
1795 4351 1907 4401 epp.
1945 4335 1972 4385 J
2012 4333 2045 4384 8
2085 4333 2129 4384 b.
2272 4334 2290 4362 ‘²
2325 4330 2608 4381 Vielleicht
2644 4326 2735 4403 {ier

492 4401 820 4453 Strummer?
986 4406 1005 4433 ³
1041 4403 1143 4454 Dei·
1178 4403 1488 4456 Fastenzeit.
1657 4406 1676 4434 ⁴
1713 4404 1867 4455 Diese
1919 4402 2084 4453 Briefe
2133 4400 2392 4467 Spalatins
2429 4416 2493 4451 au
2534 4396 2734 4448 Mutiau

492 4470 609 4523 sind
631 4473 729 4523 mit
753 4472 1055 4523 Ausnahme
1082 4473 1174 4523 der
1194 4471 1243 4525 S.
1269 4473 1337 4522 44
1360 4474 1420 4525 A.
1449 4472 1481 4523 2
1499 4473 1802 4524 erwahnten
1821 4471 1913 4525 Nr.
1935 4471 2036 4523 560
2055 4470 2305 4522 verloren.
2392 4471 2413 4501 ⁶
2445 4468 2477 4519 J
2482 4483 2556 4518 ac.
2578 4468 2624 4532 5,
2654 4466 2733 4517 14.

3028 4226 3042 4313 ⁴-
