3084 4895
867 402 1220 473 Handschrift
1255 368 1496 473 Mutians
1582 406 1795 473 Mutian
1833 434 1902 471 an
1938 404 2139 473 Urhan.
2508 405 2636 484 557

371 595 678 741 ffiissgqne
707 604 737 633 ⁸
783 594 1040 670 sentiat,
1073 591 1235 656 nihil
1266 592 1523 656 sentiat.
1612 592 1847 656 Datum
1880 590 2130 655 Gothae
2152 590 2427 671 ,Eidibus
2457 590 2638 654 Junii

1338 762 1667 826 Mutianus
1711 761 1919 844 legum
1970 762 2430 843 pontificalium
2480 761 2550 824 D.
2652 828 2660 836 ,

580 882 716 963 Ego
786 882 1100 945 Henricus
1162 882 1411 945 Rhanis
1471 882 1805 964 presbyter·
1845 881 2157 944 nota-rius·¹
2208 903 2534 945 assensum
2582 886 2647 946 et

345 967 874 1031 ·ratificationem
923 966 1326 1048 praestabilis
1372 968 1491 1030 viri
1535 966 1607 1029 D.
1659 966 1981 1030 Chonradi
2034 966 2304 1030 Mutiani
2367 967 2687 1031 doctoriS.

381 1054 447 1114 in
512 1052 770 1116 domum
842 1052 1079 1114 Beatae
1146 1051 1665 1132 Tranquillitatis
1732 1060 1998 1114 vocatus
2059 1073 2200 1114 cum
2247 1052 2528 1115 adessem
2577 1054 2644 1115 in

376 1137 614 1202 circulo
664 1138 948 1213 testium,
994 1136 1213 1199 audivi
1256 1142 1665 1217 rogatusque,
1712 1141 1787 1199 ut
1831 1137 2167 1217 signarem,
2228 1138 2476 1219 signavi
2524 1138 2644 1201 hac

379 1244 598 1299 manu.
649 1223 892 1286 Adamo
940 1221 1166 1284 Publio
1214 1225 1278 1285 et
1321 1222 1605 1285 Vulcano
1671 1221 1905 1284 Druso²
1974 1221 2215 1285 clericis
2282 1224 2644 1287 domesticis

378 1311 443 1371 et
491 1309 718 1371 ceteris
764 1306 1148 1371 astantibus,
1241 1306 1469 1371 Actum
1519 1327 1710 1381 ann0,
1758 1308 1879 1385 die,
1931 1306 2071 1370 loc'o
2119 1328 2311 1389 supra
2368 1309 2641 1390 scriptis.

681 1407 804 1461 Ood.
842 1406 976 1459 Frof.
1013 1405 1133 1460 483.

372 1594 608 1663 (eotha.)
1425 1577 1573 1641 493.
2206 1594 2288 1646 21.
2325 1594 2453 1647 Juni
2492 1582 2639 1651 1515.

1123 1702 1416 1773 Mutian
1460 1722 1560 1772 an
1604 1700 1884 1775 Urban.

375 1832 475 1899 (Ist
526 1830 904 1898 unxufr‘e'cden,
957 1832 1084 1885 dass
1132 1832 1225 1884 der
1279 1831 1558 1917 Weinbery
1609 1832 1742 1884 noch.
1793 1832 1943 1884 nicht
1993 1831 2247 1899 verkauft,
2296 1832 2381 1885 die
2425 1833 2650 1888 silbcme

383 1900 573 1953 Schalc
606 1900 741 1953 noch
778 1900 930 1952 m‘cht
963 1900 1277 1969 anyefertoeyt
1312 1900 1401 1953 ist.
1472 1899 1809 1968 Aepotianus
1852 1916 2004 1952 muss
2048 1900 2189 1975 mich
2230 1899 2385 1964 Rom,
2421 1918 2519 1954 um
2552 1903 2651 1955 den

378 1969 500 2021 Sitx
556 1968 650 2020 der
723 1968 1039 2020 Verbrechen
1096 1970 1297 2021 konnen
1354 1985 1428 2021 zu
1487 1970 1679 2021 lernen.
1779 1968 1985 2021 Voltzlce
2040 1968 2133 2021 hat
2194 1985 2270 2021 zu
2344 1970 2651 2037 Unqunstcn

375 2036 636 2097 Matiana,
691 2036 1039 2099 mischieden,
1071 2037 1426 2089 ‘wamentbc’eh
1479 2037 1553 2089 ist
1602 2038 1695 2089 der
1747 2037 1893 2089 letxte
1953 2036 2109 2088 Wc‘lle
2158 2037 2245 2089 des
2296 2038 2653 2092 verstorbmen

315 2119 318 2123 ·
376 2104 624 2157 Bruders
658 2105 872 2157 ‘cerletzt
909 2105 1131 2157 worden.
1201 2105 1390 2157 Eoban
1425 2105 1514 2157 ein
1544 2110 1697 2172 guter
1731 2104 1947 2162 Dozmt,
1984 2104 2109 2156 aber
2126 2105 2284 2157 Ieider
2300 2106 2389 2158 cin
2414 2107 2651 2174 Spiekr.)

444 2218 527 2267 Η.
565 2217 822 2268 Urbano
859 2218 1158 2279 magistro
1193 2218 1501 2269 bonarum
1537 2220 1789 2277 artium,
1825 2230 2181 2277 oeconomO,
2224 2219 2363 2269 viro
2397 2232 2577 2280 prae-

925 2304 1141 2361 stanti,
1177 2304 1375 2353 amico
1413 2304 1655 2355 sincero
1695 2301 1805 2370 (M.
1830 2300 2088 2371 Rufus).

585 2411 648 2477 S.
738 2411 1243 2478 Prudentissime
1288 2419 1486 2496 pater.
1582 2414 1917 2478 Rationem
1952 2413 2182 2493 reddiS,
2230 2414 2643 2495 quamobrem

377 2497 664 2562 vinetum
733 2499 1086 2580 inemptum
1135 2505 1200 2562 et
1244 2504 1466 2617 Patera
1535 2499 1775 2564 infecta
1841 2501 1946 2577 sit,
2013 2499 2171 2562 satis
2240 2503 2315 2564 ut
2380 2505 2647 2582 apparet

380 2604 528 2647 vero
575 2583 864 2646 similem.
957 2584 1239 2648 Solitarii
1314 2584 1478 2649 XLV
1525 2606 1753 2649 aureos
1816 2585 2082 2649 dabunt.
2178 2583 2489 2660 Quando?
2576 2584 2652 2650 Si

372 2669 506 2750 jam
579 2669 1011 2734 crescentibus
1078 2672 1240 2747 uviS,
1310 2692 1576 2753 respu03
1624 2671 1679 2734 si
1725 2675 1871 2753 post
1939 2670 2342 2748 vindemiam,
2409 2691 2643 2734 annuc.

379 2752 548 2834 Spes
592 2755 954 2818 ostenditur
999 2774 1126 2818 non
1175 2757 1368 2819 dubia
1415 2761 1480 2819 et
1525 2760 1595 2818 tu
1645 2757 2126 2820 administrator
2171 2757 2376 2820 nostri
2416 2757 2650 2837 peculii

385 2839 617 2902 bonam
687 2839 925 2903 laboris
994 2846 1235 2922 partem
1306 2840 1683 2905 exhausisti.
1776 2841 1932 2919 Quis
1997 2842 2194 2922 igitur
2264 2841 2449 2904 cedat
2512 2846 2641 2906 tam

382 2945 575 3006 parvo
627 2925 878 2989 illectus
925 2926 1180 3009 pretio?
1269 2921 1408 2990 Non
1456 2931 1522 2990 te
1569 2947 1805 3008 quaeso
1851 2926 2130 2990 retardet
2160 2948 2351 2990 uxor
2410 2927 2646 2990 adven-

379 3009 588 3073 ticia.‘
675 3009 816 3073 Non
866 3012 1051 3074 uxori
1096 3012 1204 3074 sed
1254 3013 1483 3075 marito
1531 3012 1915 3075 donabitur.
1989 3010 2056 3074 Si
2106 3033 2205 3074 me
2250 3033 2446 3090 amaS,
2509 3034 2649 3094 per-

379 3095 520 3170 fice,
568 3100 718 3158 voto
765 3104 838 3159 ut
884 3097 1184 3159 fruamur.
1276 3097 1522 3160 Bonum
1574 3117 1801 3160 nomen
1854 3097 2200 3171 MutianuS,
2242 3118 2377 3160 sese
2423 3100 2488 3160 et
2532 3119 2649 3161 sua

379 3181 504 3244 tibi
549 3180 797 3262 obligat
841 3182 1168 3245 soluturus
1201 3181 1410 3259 fidem,
1444 3183 1496 3246 si
1527 3182 1825 3264 ligaveris
1859 3181 2293 3262 legaverisque
2332 3181 2645 3246 caelatum

381 3266 665 3340 calicem,
701 3268 796 3329 uti
829 3269 1174 3348 promittis
1240 3267 1699 3349 Nepotianum⁸
1733 3267 1937 3348 magis
1972 3267 2396 3345 compositum
2427 3267 2650 3348 lingua

380 3355 449 3413 et
492 3351 796 3428 moribus,
845 3373 1036 3432 quam
1072 3357 1222 3417 ante
1259 3353 1397 3430 fuit,
1432 3355 1693 3417 omnino
1739 3351 2005 3416 Romam
2057 3353 2295 3430 mittas,
2332 3357 2404 3415 ut
2435 3354 2649 3434 capita

383 3435 690 3499 scelerum
762 3441 826 3500 et
886 3437 1088 3502 multa
1153 3439 1232 3501 ad
1306 3439 1504 3502 vitam
1576 3439 1905 3503 commode
1969 3437 2278 3517 agendam
2351 3436 2651 3502 ducentia

386 3520 622 3584 videat.
716 3521 990 3606 Tempus
1035 3523 1408 3588 autumnale
1455 3524 1577 3587 iter
1623 3523 1985 3588 cursoribus
2032 3523 2361 3604 romipetis
2422 3523 2647 3604 aperit.

383 3605 565 3669 Tunc
610 3605 765 3669 felix
813 3613 1016 3672 exeat.
1107 3609 1364 3672 Interim
1415 3610 1669 3691 saepius
1714 3629 1816 3672 me
1862 3609 2095 3685 visitet,
2128 3613 2202 3670 ut
2232 3609 2653 3673 admoneatur

381 3711 591 3755 rerum
655 3691 780 3755 sibi
837 3695 1352 3757 necessariarum.
1448 3693 1756 3757 Vuolscus
1812 3693 2024 3757 illudit
2075 3693 2199 3756 tibi
2259 3698 2322 3757 et
2380 3694 2539 3757 mihi
2586 3698 2652 3757 et

387 3776 548 3840 clam
599 3778 818 3841 studet
864 3777 1010 3842 Tito
1055 3776 1308 3842 Μειτίο.6
1397 3780 1623 3861 Itaque
1667 3779 1859 3859 legat,
1908 3777 2061 3859 quid
2110 3780 2401 3842 sentiam.
2476 3779 2652 3842 Alio-

389 3863 502 3942 qui
550 3883 667 3924 nos
714 3863 984 3926 stolidos
1033 3887 1168 3928 esse
1215 3863 1515 3938 crederet,
1564 3887 1643 3926 ne
1690 3865 1893 3926 dicam
1940 3864 2326 3944 irreligiosos
2372 3867 2435 3926 et
2479 3864 2655 3927 velut

523 4067 1064 4208 ῗὲῗηὲξέιέῃῗᾶἓῗω
1105 4135 1125 4166 ²
1161 4132 1211 4186 s
1249 4134 1352 4186 416
1389 4135 1451 4211 A„
1493 4104 1559 4184 3(
1686 4133 1706 4163 ³
1739 4131 1839 4209 nie
1882 4131 2175 4184 Einsiedler
2218 4133 2266 4185 d.
2304 4131 2337 4183 i.
2376 4132 2461 4185 die
2496 4131 2653 4185 Kan-

383 4198 585 4251 hiiuser
620 4216 676 4251 m
710 4199 904 4266 Erfurt,
941 4201 1146 4268 welche
1184 4202 1283 4254 den
1321 4201 1609 4268 Weinberg
1645 4199 1875 4252 Mutians
1911 4200 2099 4252 kaufen
2139 4201 2363 4254 wollten.
2419 4199 2505 4254 Br.
2534 4201 2652 4253 506.

462 4271 481 4299 ⁴
517 4267 697 4320 Urban
737 4269 834 4321 soll
873 4270 987 4322 sich
1025 4269 1175 4322 nicht
1212 4270 1372 4322 daran
1409 4275 1629 4334 stosscn,
1652 4269 1772 4320 dass
1808 4269 1902 4320 dci·
1935 4267 2159 4334 Freund,
2181 4286 2245 4320 zu
2265 4269 2453 4321 dessen
2472 4268 2653 4321 Hoch-

391 4336 496 4387 zeit
531 4336 616 4388 dic
654 4335 844 4390 Schalc
879 4339 1153 4391 bestimmt
1189 4339 1273 4402 ist,
1314 4339 1434 4390 eine
1473 4337 1805 4402 Auswtirtigc
1842 4337 2079 4388 heiratet.
2135 4335 2185 4390 S.
2223 4338 2327 4392 540
2362 4341 2423 4391 A.
2462 4339 2508 4390 3.
2564 4336 2651 4389 Β1·.

385 4403 506 4456 487.
651 4408 671 4437 ὅ
705 4405 757 4458 S.
797 4406 900 4459 552
934 4409 996 4461 A.
1035 4406 1082 4459 2.
1225 4408 1246 4438 ⁶
1282 4407 1333 4461 S.
1372 4408 1473 4460 556
1509 4411 1571 4460 A.
1611 4407 1659 4459 4.
