<?xml version="1.0" encoding="UTF-8"?>
<!DOCTYPE html PUBLIC "-//W3C//DTD XHTML 1.0 Transitional//EN"
    "http://www.w3.org/TR/xhtml1/DTD/xhtml1-transitional.dtd">
<html xmlns="http://www.w3.org/1999/xhtml" xml:lang="en" lang="en">
 <head>
  <title>
</title>
<meta http-equiv="Content-Type" content="text/html;charset=utf-8" />
  <meta name='ocr-system' content='tesseract 3.04.00' />
  <meta name='ocr-capabilities' content='ocr_page ocr_carea ocr_par ocr_line ocrx_word'/>
</head>
<body>
  <div class='ocr_page' id='page_1' title='image "./derbriefwechsel02kraugoog_0494.png"; bbox 0 0 3084 4895; ppageno 0'>
   <div class='ocr_carea' id='block_1_1' title="bbox 506 361 1911 426">
    <p class='ocr_par' dir='ltr' id='par_1_1' title="bbox 506 361 1911 426">
     <span class='ocr_line' id='line_1_1' title="bbox 506 361 1911 426; baseline 0 -8"><span class='ocrx_word' id='word_1_1' title='bbox 506 361 632 426; x_wconf 82' lang='lat'>408</span> <span class='ocrx_word' id='word_1_2' title='bbox 1337 362 1508 419; x_wconf 82' lang='lat' dir='ltr'>Briefe</span> <span class='ocrx_word' id='word_1_3' title='bbox 1544 363 1635 418; x_wconf 81' lang='lat' dir='ltr'>des</span> <span class='ocrx_word' id='word_1_4' title='bbox 1672 365 1723 420; x_wconf 83' lang='lat' dir='ltr'>J.</span> <span class='ocrx_word' id='word_1_5' title='bbox 1762 363 1911 418; x_wconf 53' lang='lat'>1514.</span> 
     </span>
    </p>
   </div>
   <div class='ocr_carea' id='block_1_2' title="bbox 507 531 2758 672">
    <p class='ocr_par' dir='ltr' id='par_1_2' title="bbox 507 531 2758 672">
     <span class='ocr_line' id='line_1_2' title="bbox 508 531 2757 604; baseline -0.001 -17"><span class='ocrx_word' id='word_1_6' title='bbox 508 534 662 602; x_wconf 73' lang='lat' dir='ltr'>leyen.</span> <span class='ocrx_word' id='word_1_7' title='bbox 733 531 842 586; x_wconf 83' lang='lat' dir='ltr'>Am</span> <span class='ocrx_word' id='word_1_8' title='bbox 878 533 1009 602; x_wconf 64' lang='lat' dir='ltr'>Tage</span> <span class='ocrx_word' id='word_1_9' title='bbox 1042 533 1326 588; x_wconf 65' lang='lat' dir='ltr'>Ambrosii.</span> <span class='ocrx_word' id='word_1_10' title='bbox 1351 565 1416 574; x_wconf 94' lang='lat'>—-</span> <span class='ocrx_word' id='word_1_11' title='bbox 1452 538 1502 587; x_wconf 85' lang='lat'>4.</span> <span class='ocrx_word' id='word_1_12' title='bbox 1541 533 1673 604; x_wconf 82' lang='lat' dir='ltr'>Apr.</span> <span class='ocrx_word' id='word_1_13' title='bbox 1710 565 1775 574; x_wconf 87' lang='lat'>—-</span> <span class='ocrx_word' id='word_1_14' title='bbox 1812 534 1925 588; x_wconf 78' lang='lat' dir='ltr'><em>will</em></span> <span class='ocrx_word' id='word_1_15' title='bbox 1946 533 2020 588; x_wconf 84' lang='lat' dir='ltr'>M.</span> <span class='ocrx_word' id='word_1_16' title='bbox 2044 533 2253 588; x_wconf 70' lang='lat' dir='ltr'>endlich</span> <span class='ocrx_word' id='word_1_17' title='bbox 2272 533 2392 587; x_wconf 75' lang='lat' dir='ltr'>sein</span> <span class='ocrx_word' id='word_1_18' title='bbox 2415 537 2574 587; x_wconf 67' lang='lat' dir='ltr'>ersaes</span> <span class='ocrx_word' id='word_1_19' title='bbox 2594 533 2757 586; x_wconf 72' lang='lat' dir='ltr'>Mess-</span> 
     </span>
     <span class='ocr_line' id='line_1_3' title="bbox 507 601 2758 672; baseline 0 -17"><span class='ocrx_word' id='word_1_20' title='bbox 507 602 654 672; x_wconf 80' lang='lat' dir='ltr'>opfer</span> <span class='ocrx_word' id='word_1_21' title='bbox 685 602 1022 671; x_wconf 70' lang='lat' dir='ltr'>darbrinyen.</span> <span class='ocrx_word' id='word_1_22' title='bbox 1094 602 1391 672; x_wconf 73' lang='lat' dir='ltr'>Bestellunq</span> <span class='ocrx_word' id='word_1_23' title='bbox 1423 602 1519 670; x_wconf 73' lang='lat' dir='ltr'>fiir</span> <span class='ocrx_word' id='word_1_24' title='bbox 1551 603 1651 656; x_wconf 82' lang='lat' dir='ltr'>das</span> <span class='ocrx_word' id='word_1_25' title='bbox 1684 603 1957 657; x_wconf 78' lang='lat' dir='ltr'>Festmahl</span> <span class='ocrx_word' id='word_1_26' title='bbox 1978 604 2068 656; x_wconf 83' lang='lat' dir='ltr'>der</span> <span class='ocrx_word' id='word_1_27' title='bbox 2084 604 2367 672; x_wconf 75' lang='lat' dir='ltr'>qeladenen</span> <span class='ocrx_word' id='word_1_28' title='bbox 2408 601 2758 670; x_wconf 72' lang='lat' dir='ltr'>Geistlichen.)</span> 
     </span>
    </p>
   </div>
   <div class='ocr_carea' id='block_1_3' title="bbox 567 714 2690 785">
    <p class='ocr_par' dir='ltr' id='par_1_3' title="bbox 567 714 2690 785">
     <span class='ocr_line' id='line_1_4' title="bbox 567 714 2690 785; baseline -0.001 -17"><span class='ocrx_word' id='word_1_29' title='bbox 567 717 970 768; x_wconf 78' lang='lat' dir='ltr'>ornatissimo</span> <span class='ocrx_word' id='word_1_30' title='bbox 1005 719 1174 779; x_wconf 78' lang='lat' dir='ltr'>patri</span> <span class='ocrx_word' id='word_1_31' title='bbox 1207 718 1460 769; x_wconf 79' lang='lat' dir='ltr'>Urbano</span> <span class='ocrx_word' id='word_1_32' title='bbox 1494 719 1792 779; x_wconf 76' lang='lat' dir='ltr'>magistro</span> <span class='ocrx_word' id='word_1_33' title='bbox 1828 722 1892 768; x_wconf 82' lang='lat' dir='ltr'>et</span> <span class='ocrx_word' id='word_1_34' title='bbox 1930 730 2262 768; x_wconf 85' lang='lat' dir='ltr'>oeconomo</span> <span class='ocrx_word' id='word_1_35' title='bbox 2299 715 2410 782; x_wconf 77' lang='lat' dir='ltr'>(M.</span> <span class='ocrx_word' id='word_1_36' title='bbox 2445 714 2690 785; x_wconf 74' lang='lat' dir='ltr'>Rufus).</span> 
     </span>
    </p>
   </div>
   <div class='ocr_carea' id='block_1_4' title="bbox 512 827 2777 3665">
    <p class='ocr_par' dir='ltr' id='par_1_4' title="bbox 512 827 2777 3665">
     <span class='ocr_line' id='line_1_5' title="bbox 717 827 2753 912; baseline -0.001 -20"><span class='ocrx_word' id='word_1_37' title='bbox 717 827 782 892; x_wconf 90' lang='lat' dir='ltr'>S.</span> <span class='ocrx_word' id='word_1_38' title='bbox 871 827 958 891; x_wconf 83' lang='lat' dir='ltr'>Mi</span> <span class='ocrx_word' id='word_1_39' title='bbox 1005 829 1276 893; x_wconf 88' lang='lat' dir='ltr'>domine.</span> <span class='ocrx_word' id='word_1_40' title='bbox 1366 828 1595 894; x_wconf 86' lang='lat' dir='ltr'>Janus¹</span> <span class='ocrx_word' id='word_1_41' title='bbox 1646 851 1890 894; x_wconf 88' lang='lat' dir='ltr'>mecum</span> <span class='ocrx_word' id='word_1_42' title='bbox 1938 830 2070 911; x_wconf 91' lang='lat' dir='ltr'>egit</span> <span class='ocrx_word' id='word_1_43' title='bbox 2114 850 2340 912; x_wconf 87' lang='lat' dir='ltr'>cupere</span> <span class='ocrx_word' id='word_1_44' title='bbox 2388 832 2469 903; x_wconf 86' lang='lat' dir='ltr'>te,</span> <span class='ocrx_word' id='word_1_45' title='bbox 2514 848 2625 911; x_wconf 87' lang='lat' dir='ltr'>per</span> <span class='ocrx_word' id='word_1_46' title='bbox 2656 847 2753 890; x_wconf 89' lang='lat' dir='ltr'>me</span> 
     </span>
     <span class='ocr_line' id='line_1_6' title="bbox 514 911 2758 997; baseline -0.001 -21"><span class='ocrx_word' id='word_1_47' title='bbox 514 913 650 976; x_wconf 88' lang='lat' dir='ltr'>fieri</span> <span class='ocrx_word' id='word_1_48' title='bbox 737 915 1423 980; x_wconf 79' lang='lat' dir='ltr'><strong>commendatissimum</strong></span> <span class='ocrx_word' id='word_1_49' title='bbox 1503 921 1568 980; x_wconf 87' lang='lat' dir='ltr'>et</span> <span class='ocrx_word' id='word_1_50' title='bbox 1641 915 1972 997; x_wconf 83' lang='lat' dir='ltr'>Agricolae</span> <span class='ocrx_word' id='word_1_51' title='bbox 2044 920 2108 979; x_wconf 88' lang='lat' dir='ltr'>et</span> <span class='ocrx_word' id='word_1_52' title='bbox 2180 911 2518 978; x_wconf 83' lang='lat' dir='ltr'>Matthiae²</span> <span class='ocrx_word' id='word_1_53' title='bbox 2608 911 2758 976; x_wconf 89' lang='lat' dir='ltr'>viris</span> 
     </span>
     <span class='ocr_line' id='line_1_7' title="bbox 512 997 2758 1084; baseline -0.001 -21"><span class='ocrx_word' id='word_1_54' title='bbox 512 1000 781 1082; x_wconf 80' lang='lat' dir='ltr'>egregiis</span> <span class='ocrx_word' id='word_1_55' title='bbox 825 997 1314 1083; x_wconf 80' lang='lat' dir='ltr'>Nepotianum3⁸</span> <span class='ocrx_word' id='word_1_56' title='bbox 1378 1003 1599 1066; x_wconf 87' lang='lat' dir='ltr'>timere</span> <span class='ocrx_word' id='word_1_57' title='bbox 1645 1023 1812 1080; x_wconf 78' lang='lat' dir='ltr'>vem,</span> <span class='ocrx_word' id='word_1_58' title='bbox 1858 1025 1937 1066; x_wconf 90' lang='lat' dir='ltr'>ne</span> <span class='ocrx_word' id='word_1_59' title='bbox 1983 1023 2083 1066; x_wconf 89' lang='lat' dir='ltr'>me</span> <span class='ocrx_word' id='word_1_60' title='bbox 2128 1001 2313 1084; x_wconf 88' lang='lat' dir='ltr'>quasi</span> <span class='ocrx_word' id='word_1_61' title='bbox 2369 1000 2758 1081; x_wconf 82' lang='lat' dir='ltr'>suspicacem</span> 
     </span>
     <span class='ocr_line' id='line_1_8' title="bbox 515 1086 2763 1168; baseline -0.001 -18"><span class='ocrx_word' id='word_1_62' title='bbox 515 1087 690 1168; x_wconf 89' lang='lat' dir='ltr'>pueri</span> <span class='ocrx_word' id='word_1_63' title='bbox 753 1107 956 1150; x_wconf 90' lang='lat' dir='ltr'>mores</span> <span class='ocrx_word' id='word_1_64' title='bbox 999 1109 1037 1150; x_wconf 88' lang='lat' dir='ltr'>a</span> <span class='ocrx_word' id='word_1_65' title='bbox 1083 1086 1418 1152; x_wconf 89' lang='lat' dir='ltr'>scribendo</span> <span class='ocrx_word' id='word_1_66' title='bbox 1475 1087 1778 1165; x_wconf 80' lang='lat' dir='ltr'>alienent,</span> <span class='ocrx_word' id='word_1_67' title='bbox 1843 1110 1986 1151; x_wconf 91' lang='lat' dir='ltr'>cum</span> <span class='ocrx_word' id='word_1_68' title='bbox 2032 1087 2117 1151; x_wconf 85' lang='lat' dir='ltr'>sit</span> <span class='ocrx_word' id='word_1_69' title='bbox 2159 1087 2497 1150; x_wconf 88' lang='lat' dir='ltr'>molestum</span> <span class='ocrx_word' id='word_1_70' title='bbox 2558 1105 2763 1166; x_wconf 86' lang='lat' dir='ltr'>nugas</span> 
     </span>
     <span class='ocr_line' id='line_1_9' title="bbox 513 1171 2761 1256; baseline -0.001 -21"><span class='ocrx_word' id='word_1_71' title='bbox 513 1193 716 1254; x_wconf 86' lang='lat' dir='ltr'>agere,</span> <span class='ocrx_word' id='word_1_72' title='bbox 773 1193 1035 1254; x_wconf 87' lang='lat' dir='ltr'>quarum</span> <span class='ocrx_word' id='word_1_73' title='bbox 1085 1177 1146 1236; x_wconf 88' lang='lat' dir='ltr'>te</span> <span class='ocrx_word' id='word_1_74' title='bbox 1192 1173 1515 1256; x_wconf 89' lang='lat' dir='ltr'>poeniteat</span> <span class='ocrx_word' id='word_1_75' title='bbox 1566 1174 1635 1236; x_wconf 89' lang='lat' dir='ltr'>in</span> <span class='ocrx_word' id='word_1_76' title='bbox 1698 1177 2037 1255; x_wconf 87' lang='lat' dir='ltr'>posterum.</span> <span class='ocrx_word' id='word_1_77' title='bbox 2126 1171 2260 1253; x_wconf 84' lang='lat' dir='ltr'>Ego</span> <span class='ocrx_word' id='word_1_78' title='bbox 2314 1175 2569 1236; x_wconf 88' lang='lat' dir='ltr'>tuorum</span> <span class='ocrx_word' id='word_1_79' title='bbox 2627 1192 2761 1233; x_wconf 90' lang='lat' dir='ltr'>am-</span> 
     </span>
     <span class='ocr_line' id='line_1_10' title="bbox 512 1255 2759 1341; baseline -0.001 -21"><span class='ocrx_word' id='word_1_80' title='bbox 512 1256 847 1340; x_wconf 88' lang='lat' dir='ltr'>plificator,</span> <span class='ocrx_word' id='word_1_81' title='bbox 891 1258 976 1321; x_wconf 90' lang='lat' dir='ltr'>mi</span> <span class='ocrx_word' id='word_1_82' title='bbox 1021 1261 1220 1341; x_wconf 74' lang='lat' dir='ltr'>pater,</span> <span class='ocrx_word' id='word_1_83' title='bbox 1275 1281 1386 1322; x_wconf 92' lang='lat' dir='ltr'>cur</span> <span class='ocrx_word' id='word_1_84' title='bbox 1446 1279 1573 1323; x_wconf 89' lang='lat' dir='ltr'>non</span> <span class='ocrx_word' id='word_1_85' title='bbox 1631 1259 1816 1322; x_wconf 90' lang='lat' dir='ltr'>velim</span> <span class='ocrx_word' id='word_1_86' title='bbox 1878 1281 2033 1337; x_wconf 86' lang='lat' dir='ltr'>esse,</span> <span class='ocrx_word' id='word_1_87' title='bbox 2090 1259 2201 1340; x_wconf 88' lang='lat' dir='ltr'>qui</span> <span class='ocrx_word' id='word_1_88' title='bbox 2256 1258 2380 1321; x_wconf 92' lang='lat' dir='ltr'>mei</span> <span class='ocrx_word' id='word_1_89' title='bbox 2432 1259 2585 1320; x_wconf 91' lang='lat' dir='ltr'>sunt</span> <span class='ocrx_word' id='word_1_90' title='bbox 2649 1255 2759 1318; x_wconf 90' lang='lat' dir='ltr'>ob-</span> 
     </span>
     <span class='ocr_line' id='line_1_11' title="bbox 515 1343 2763 1426; baseline -0.001 -19"><span class='ocrx_word' id='word_1_91' title='bbox 515 1343 997 1420; x_wconf 86' lang='lat' dir='ltr'>servantissimi,</span> <span class='ocrx_word' id='word_1_92' title='bbox 1043 1347 1107 1407; x_wconf 88' lang='lat' dir='ltr'>et</span> <span class='ocrx_word' id='word_1_93' title='bbox 1151 1343 1271 1408; x_wconf 88' lang='lat' dir='ltr'>tibi</span> <span class='ocrx_word' id='word_1_94' title='bbox 1315 1365 1442 1408; x_wconf 89' lang='lat' dir='ltr'>rem</span> <span class='ocrx_word' id='word_1_95' title='bbox 1489 1349 1736 1426; x_wconf 80' lang='lat' dir='ltr'>gratam</span> <span class='ocrx_word' id='word_1_96' title='bbox 1787 1345 1998 1408; x_wconf 88' lang='lat' dir='ltr'>minus</span> <span class='ocrx_word' id='word_1_97' title='bbox 2028 1344 2249 1422; x_wconf 85' lang='lat' dir='ltr'>facere,</span> <span class='ocrx_word' id='word_1_98' title='bbox 2284 1343 2384 1407; x_wconf 90' lang='lat' dir='ltr'>cui</span> <span class='ocrx_word' id='word_1_99' title='bbox 2417 1364 2518 1406; x_wconf 88' lang='lat' dir='ltr'>me</span> <span class='ocrx_word' id='word_1_100' title='bbox 2548 1363 2763 1406; x_wconf 88' lang='lat' dir='ltr'>carum</span> 
     </span>
     <span class='ocr_line' id='line_1_12' title="bbox 513 1426 2761 1512; baseline -0.001 -20"><span class='ocrx_word' id='word_1_101' title='bbox 513 1447 650 1492; x_wconf 89' lang='lat' dir='ltr'>esse</span> <span class='ocrx_word' id='word_1_102' title='bbox 693 1429 871 1494; x_wconf 77' lang='lat' dir='ltr'>scio?</span> <span class='ocrx_word' id='word_1_103' title='bbox 959 1428 1246 1494; x_wconf 85' lang='lat' dir='ltr'>Scribam</span> <span class='ocrx_word' id='word_1_104' title='bbox 1290 1430 1486 1512; x_wconf 90' lang='lat' dir='ltr'>igitur</span> <span class='ocrx_word' id='word_1_105' title='bbox 1531 1436 1596 1495; x_wconf 90' lang='lat' dir='ltr'>et</span> <span class='ocrx_word' id='word_1_106' title='bbox 1641 1429 1911 1495; x_wconf 90' lang='lat' dir='ltr'>scribam</span> <span class='ocrx_word' id='word_1_107' title='bbox 1958 1452 2205 1494; x_wconf 87' lang='lat' dir='ltr'>summa</span> <span class='ocrx_word' id='word_1_108' title='bbox 2248 1429 2579 1504; x_wconf 90' lang='lat' dir='ltr'>fidelitate,</span> <span class='ocrx_word' id='word_1_109' title='bbox 2612 1429 2676 1491; x_wconf 90' lang='lat' dir='ltr'>et</span> <span class='ocrx_word' id='word_1_110' title='bbox 2709 1426 2761 1490; x_wconf 90' lang='lat' dir='ltr'>si</span> 
     </span>
     <span class='ocr_line' id='line_1_13' title="bbox 522 1514 2765 1598; baseline -0.001 -20"><span class='ocrx_word' id='word_1_111' title='bbox 522 1515 804 1579; x_wconf 90' lang='lat' dir='ltr'>nondum</span> <span class='ocrx_word' id='word_1_112' title='bbox 880 1516 1120 1596; x_wconf 88' lang='lat' dir='ltr'>ingenii</span> <span class='ocrx_word' id='word_1_113' title='bbox 1193 1516 1423 1579; x_wconf 89' lang='lat' dir='ltr'>flumen</span> <span class='ocrx_word' id='word_1_114' title='bbox 1501 1517 1771 1594; x_wconf 81' lang='lat' dir='ltr'>exaruit,</span> <span class='ocrx_word' id='word_1_115' title='bbox 1850 1516 2223 1598; x_wconf 83' lang='lat' dir='ltr'>profundam</span> <span class='ocrx_word' id='word_1_116' title='bbox 2298 1514 2464 1598; x_wconf 89' lang='lat' dir='ltr'>quod</span> <span class='ocrx_word' id='word_1_117' title='bbox 2540 1514 2765 1577; x_wconf 88' lang='lat' dir='ltr'>intima</span> 
     </span>
     <span class='ocr_line' id='line_1_14' title="bbox 518 1598 2764 1684; baseline -0.001 -20"><span class='ocrx_word' id='word_1_118' title='bbox 518 1601 726 1664; x_wconf 76' lang='lat' dir='ltr'>liniat.</span> <span class='ocrx_word' id='word_1_119' title='bbox 817 1600 1160 1665; x_wconf 82' lang='lat' dir='ltr'>Credebam</span> <span class='ocrx_word' id='word_1_120' title='bbox 1209 1606 1271 1665; x_wconf 85' lang='lat' dir='ltr'>et</span> <span class='ocrx_word' id='word_1_121' title='bbox 1317 1623 1456 1665; x_wconf 91' lang='lat' dir='ltr'>cum</span> <span class='ocrx_word' id='word_1_122' title='bbox 1506 1624 1695 1666; x_wconf 88' lang='lat' dir='ltr'>causa</span> <span class='ocrx_word' id='word_1_123' title='bbox 1739 1602 1892 1667; x_wconf 90' lang='lat' dir='ltr'>mihi</span> <span class='ocrx_word' id='word_1_124' title='bbox 1930 1601 2383 1684; x_wconf 82' lang='lat' dir='ltr'>persuadebam</span> <span class='ocrx_word' id='word_1_125' title='bbox 2416 1605 2546 1664; x_wconf 87' lang='lat' dir='ltr'>tam</span> <span class='ocrx_word' id='word_1_126' title='bbox 2577 1598 2764 1680; x_wconf 87' lang='lat' dir='ltr'>longe</span> 
     </span>
     <span class='ocr_line' id='line_1_15' title="bbox 521 1685 2762 1770; baseline -0.001 -20"><span class='ocrx_word' id='word_1_127' title='bbox 521 1686 744 1751; x_wconf 86' lang='lat' dir='ltr'>abesse</span> <span class='ocrx_word' id='word_1_128' title='bbox 790 1708 1050 1768; x_wconf 81' lang='lat' dir='ltr'>puerum</span> <span class='ocrx_word' id='word_1_129' title='bbox 1097 1688 1320 1750; x_wconf 89' lang='lat' dir='ltr'>inutile</span> <span class='ocrx_word' id='word_1_130' title='bbox 1365 1688 1497 1751; x_wconf 89' lang='lat' dir='ltr'>fore</span> <span class='ocrx_word' id='word_1_131' title='bbox 1544 1693 1608 1750; x_wconf 89' lang='lat' dir='ltr'>et</span> <span class='ocrx_word' id='word_1_132' title='bbox 1654 1687 1842 1752; x_wconf 87' lang='lat' dir='ltr'>nimis</span> <span class='ocrx_word' id='word_1_133' title='bbox 1888 1693 2349 1769; x_wconf 79' lang='lat' dir='ltr'>sumptuosum,</span> <span class='ocrx_word' id='word_1_134' title='bbox 2394 1685 2762 1770; x_wconf 83' lang='lat' dir='ltr'>praesertim</span> 
     </span>
     <span class='ocr_line' id='line_1_16' title="bbox 525 1771 2762 1855; baseline -0.001 -19"><span class='ocrx_word' id='word_1_135' title='bbox 525 1795 664 1837; x_wconf 89' lang='lat' dir='ltr'>cum</span> <span class='ocrx_word' id='word_1_136' title='bbox 710 1771 1033 1855; x_wconf 86' lang='lat' dir='ltr'>Neoburgi</span> <span class='ocrx_word' id='word_1_137' title='bbox 1080 1779 1142 1836; x_wconf 91' lang='lat' dir='ltr'>et</span> <span class='ocrx_word' id='word_1_138' title='bbox 1185 1773 1473 1837; x_wconf 72' lang='lat' dir='ltr'>Ihennis³</span> <span class='ocrx_word' id='word_1_139' title='bbox 1519 1775 1773 1840; x_wconf 87' lang='lat' dir='ltr'>scholae</span> <span class='ocrx_word' id='word_1_140' title='bbox 1818 1775 2063 1838; x_wconf 89' lang='lat' dir='ltr'>nobiles</span> <span class='ocrx_word' id='word_1_141' title='bbox 2110 1797 2147 1836; x_wconf 88' lang='lat' dir='ltr'>a</span> <span class='ocrx_word' id='word_1_142' title='bbox 2192 1773 2409 1837; x_wconf 88' lang='lat' dir='ltr'>multis</span> <span class='ocrx_word' id='word_1_143' title='bbox 2470 1771 2762 1853; x_wconf 88' lang='lat' dir='ltr'>frequen-</span> 
     </span>
     <span class='ocr_line' id='line_1_17' title="bbox 515 1858 2762 1941; baseline -0.001 -19"><span class='ocrx_word' id='word_1_144' title='bbox 515 1859 758 1922; x_wconf 75' lang='lat' dir='ltr'>tissime</span> <span class='ocrx_word' id='word_1_145' title='bbox 815 1858 1222 1932; x_wconf 80' lang='lat' dir='ltr'>celebrentur.</span> <span class='ocrx_word' id='word_1_146' title='bbox 1331 1859 1494 1937; x_wconf 85' lang='lat' dir='ltr'>Quid</span> <span class='ocrx_word' id='word_1_147' title='bbox 1551 1861 1849 1941; x_wconf 85' lang='lat' dir='ltr'>quaeris‘?</span> <span class='ocrx_word' id='word_1_148' title='bbox 1952 1859 2020 1924; x_wconf 89' lang='lat' dir='ltr'>Si</span> <span class='ocrx_word' id='word_1_149' title='bbox 2068 1858 2617 1924; x_wconf 84' lang='lat' dir='ltr'>Vuratislaviensis</span> <span class='ocrx_word' id='word_1_150' title='bbox 2659 1864 2762 1920; x_wconf 67' lang='lat' dir='ltr'>aer</span> 
     </span>
     <span class='ocr_line' id='line_1_18' title="bbox 519 1942 2764 2028; baseline -0.001 -20"><span class='ocrx_word' id='word_1_151' title='bbox 519 1949 583 2008; x_wconf 90' lang='lat' dir='ltr'>et</span> <span class='ocrx_word' id='word_1_152' title='bbox 626 1942 937 2009; x_wconf 88' lang='lat' dir='ltr'>Matthiae</span> <span class='ocrx_word' id='word_1_153' title='bbox 983 1945 1251 2018; x_wconf 81' lang='lat' dir='ltr'>eruditio</span> <span class='ocrx_word' id='word_1_154' title='bbox 1298 1947 1521 2009; x_wconf 84' lang='lat' dir='ltr'>ceteris</span> <span class='ocrx_word' id='word_1_155' title='bbox 1564 1947 1910 2028; x_wconf 79' lang='lat' dir='ltr'>gymnasiis</span> <span class='ocrx_word' id='word_1_156' title='bbox 1943 1944 2353 2010; x_wconf 87' lang='lat' dir='ltr'>anteferenda</span> <span class='ocrx_word' id='word_1_157' title='bbox 2386 1949 2501 2022; x_wconf 75' lang='lat' dir='ltr'>est,</span> <span class='ocrx_word' id='word_1_158' title='bbox 2535 1942 2764 2007; x_wconf 87' lang='lat' dir='ltr'>faciam</span> 
     </span>
     <span class='ocr_line' id='line_1_19' title="bbox 518 2029 2763 2114; baseline -0.002 -19"><span class='ocrx_word' id='word_1_159' title='bbox 518 2031 687 2114; x_wconf 90' lang='lat' dir='ltr'>quod</span> <span class='ocrx_word' id='word_1_160' title='bbox 733 2035 798 2094; x_wconf 85' lang='lat' dir='ltr'>te</span> <span class='ocrx_word' id='word_1_161' title='bbox 843 2032 998 2095; x_wconf 88' lang='lat' dir='ltr'>velle</span> <span class='ocrx_word' id='word_1_162' title='bbox 1060 2030 1366 2114; x_wconf 82' lang='lat' dir='ltr'>intelligo.</span> <span class='ocrx_word' id='word_1_163' title='bbox 1459 2030 1703 2096; x_wconf 82' lang='lat' dir='ltr'>Schilo⁵</span> <span class='ocrx_word' id='word_1_164' title='bbox 1764 2032 1952 2097; x_wconf 91' lang='lat' dir='ltr'>homo</span> <span class='ocrx_word' id='word_1_165' title='bbox 2008 2031 2299 2096; x_wconf 87' lang='lat' dir='ltr'>sordidus</span> <span class='ocrx_word' id='word_1_166' title='bbox 2344 2036 2409 2094; x_wconf 88' lang='lat' dir='ltr'>et</span> <span class='ocrx_word' id='word_1_167' title='bbox 2452 2029 2551 2095; x_wconf 86' lang='lat' dir='ltr'>sui</span> <span class='ocrx_word' id='word_1_168' title='bbox 2594 2049 2763 2094; x_wconf 87' lang='lat' dir='ltr'>com-</span> 
     </span>
     <span class='ocr_line' id='line_1_20' title="bbox 518 2114 2764 2201; baseline -0.002 -21"><span class='ocrx_word' id='word_1_169' title='bbox 518 2116 687 2180; x_wconf 89' lang='lat' dir='ltr'>modi</span> <span class='ocrx_word' id='word_1_170' title='bbox 755 2138 990 2199; x_wconf 84' lang='lat' dir='ltr'>gnarus</span> <span class='ocrx_word' id='word_1_171' title='bbox 1054 2116 1211 2181; x_wconf 88' lang='lat' dir='ltr'>nihil</span> <span class='ocrx_word' id='word_1_172' title='bbox 1269 2117 1446 2181; x_wconf 86' lang='lat' dir='ltr'>dedit</span> <span class='ocrx_word' id='word_1_173' title='bbox 1502 2118 1685 2191; x_wconf 86' lang='lat' dir='ltr'>JanO,</span> <span class='ocrx_word' id='word_1_174' title='bbox 1744 2119 1911 2201; x_wconf 90' lang='lat' dir='ltr'>quod</span> <span class='ocrx_word' id='word_1_175' title='bbox 1971 2121 2066 2182; x_wconf 86' lang='lat' dir='ltr'>est</span> <span class='ocrx_word' id='word_1_176' title='bbox 2121 2117 2274 2182; x_wconf 88' lang='lat' dir='ltr'>mihi</span> <span class='ocrx_word' id='word_1_177' title='bbox 2338 2114 2764 2200; x_wconf 84' lang='lat' dir='ltr'>peracerbum.</span> 
     </span>
     <span class='ocr_line' id='line_1_21' title="bbox 516 2202 2765 2287; baseline -0.001 -21"><span class='ocrx_word' id='word_1_178' title='bbox 516 2202 682 2267; x_wconf 89' lang='lat' dir='ltr'>Nam</span> <span class='ocrx_word' id='word_1_179' title='bbox 728 2210 1054 2285; x_wconf 88' lang='lat' dir='ltr'>empturus</span> <span class='ocrx_word' id='word_1_180' title='bbox 1101 2208 1237 2275; x_wconf 76' lang='lat' dir='ltr'>erat</span> <span class='ocrx_word' id='word_1_181' title='bbox 1279 2204 1484 2268; x_wconf 81' lang='lat' dir='ltr'>Janus</span> <span class='ocrx_word' id='word_1_182' title='bbox 1515 2204 1784 2269; x_wconf 89' lang='lat' dir='ltr'>obsonia</span> <span class='ocrx_word' id='word_1_183' title='bbox 1814 2203 2003 2286; x_wconf 85' lang='lat' dir='ltr'>hujus</span> <span class='ocrx_word' id='word_1_184' title='bbox 2037 2203 2339 2287; x_wconf 88' lang='lat' dir='ltr'>temporis</span> <span class='ocrx_word' id='word_1_185' title='bbox 2371 2203 2452 2266; x_wconf 89' lang='lat' dir='ltr'>ad</span> <span class='ocrx_word' id='word_1_186' title='bbox 2482 2223 2765 2267; x_wconf 85' lang='lat' dir='ltr'>mensam</span> 
     </span>
     <span class='ocr_line' id='line_1_22' title="bbox 521 2288 2763 2373; baseline -0.001 -21"><span class='ocrx_word' id='word_1_187' title='bbox 521 2289 776 2372; x_wconf 86' lang='lat' dir='ltr'>opipare</span> <span class='ocrx_word' id='word_1_188' title='bbox 853 2290 1216 2373; x_wconf 86' lang='lat' dir='ltr'>parandam.</span> <span class='ocrx_word' id='word_1_189' title='bbox 1335 2290 1514 2354; x_wconf 86' lang='lat' dir='ltr'>Dabo</span> <span class='ocrx_word' id='word_1_190' title='bbox 1590 2291 1841 2355; x_wconf 87' lang='lat' dir='ltr'>vicariis</span> <span class='ocrx_word' id='word_1_191' title='bbox 1910 2288 2333 2373; x_wconf 88' lang='lat' dir='ltr'>pontificalem</span> <span class='ocrx_word' id='word_1_192' title='bbox 2412 2309 2634 2352; x_wconf 85' lang='lat' dir='ltr'>cenam</span> <span class='ocrx_word' id='word_1_193' title='bbox 2696 2292 2763 2350; x_wconf 91' lang='lat' dir='ltr'>et</span> 
     </span>
     <span class='ocr_line' id='line_1_23' title="bbox 517 2373 2765 2459; baseline -0.001 -21"><span class='ocrx_word' id='word_1_194' title='bbox 517 2375 654 2459; x_wconf 84' lang='lat' dir='ltr'>ipse</span> <span class='ocrx_word' id='word_1_195' title='bbox 709 2375 976 2440; x_wconf 89' lang='lat' dir='ltr'>solemni</span> <span class='ocrx_word' id='word_1_196' title='bbox 1037 2397 1208 2443; x_wconf 88' lang='lat' dir='ltr'>more</span> <span class='ocrx_word' id='word_1_197' title='bbox 1272 2397 1586 2440; x_wconf 84' lang='lat' dir='ltr'>sacrorum</span> <span class='ocrx_word' id='word_1_198' title='bbox 1661 2376 1934 2441; x_wconf 87' lang='lat' dir='ltr'>cantabo</span> <span class='ocrx_word' id='word_1_199' title='bbox 2002 2398 2252 2440; x_wconf 89' lang='lat' dir='ltr'>carmen</span> <span class='ocrx_word' id='word_1_200' title='bbox 2322 2375 2577 2440; x_wconf 89' lang='lat' dir='ltr'>domino</span> <span class='ocrx_word' id='word_1_201' title='bbox 2648 2373 2765 2438; x_wconf 88' lang='lat' dir='ltr'>deo</span> 
     </span>
     <span class='ocr_line' id='line_1_24' title="bbox 520 2462 2769 2545; baseline -0 -20"><span class='ocrx_word' id='word_1_202' title='bbox 520 2466 760 2542; x_wconf 81' lang='lat' dir='ltr'>nostre,</span> <span class='ocrx_word' id='word_1_203' title='bbox 828 2485 1076 2527; x_wconf 88' lang='lat' dir='ltr'>carmen</span> <span class='ocrx_word' id='word_1_204' title='bbox 1149 2465 1480 2545; x_wconf 81' lang='lat' dir='ltr'>mysticum</span> <span class='ocrx_word' id='word_1_205' title='bbox 1554 2469 1616 2528; x_wconf 88' lang='lat' dir='ltr'>et</span> <span class='ocrx_word' id='word_1_206' title='bbox 1678 2464 1979 2528; x_wconf 89' lang='lat' dir='ltr'>divinum.</span> <span class='ocrx_word' id='word_1_207' title='bbox 2071 2462 2289 2545; x_wconf 86' lang='lat' dir='ltr'>Neque</span> <span class='ocrx_word' id='word_1_208' title='bbox 2358 2462 2527 2526; x_wconf 88' lang='lat' dir='ltr'>enim</span> <span class='ocrx_word' id='word_1_209' title='bbox 2592 2462 2769 2525; x_wconf 87' lang='lat' dir='ltr'>salva</span> 
     </span>
     <span class='ocr_line' id='line_1_25' title="bbox 523 2544 2777 2631; baseline -0.001 -20"><span class='ocrx_word' id='word_1_210' title='bbox 523 2549 759 2631; x_wconf 89' lang='lat' dir='ltr'>pietate</span> <span class='ocrx_word' id='word_1_211' title='bbox 806 2550 1044 2613; x_wconf 90' lang='lat' dir='ltr'>diutius</span> <span class='ocrx_word' id='word_1_212' title='bbox 1092 2549 1174 2614; x_wconf 90' lang='lat' dir='ltr'>ab</span> <span class='ocrx_word' id='word_1_213' title='bbox 1219 2550 1344 2613; x_wconf 88' lang='lat' dir='ltr'>aris</span> <span class='ocrx_word' id='word_1_214' title='bbox 1389 2554 1454 2612; x_wconf 90' lang='lat' dir='ltr'>et</span> <span class='ocrx_word' id='word_1_215' title='bbox 1501 2550 1773 2613; x_wconf 84' lang='lat' dir='ltr'>victimis</span> <span class='ocrx_word' id='word_1_216' title='bbox 1818 2550 2138 2614; x_wconf 85' lang='lat' dir='ltr'>abstinere</span> <span class='ocrx_word' id='word_1_217' title='bbox 2181 2571 2410 2612; x_wconf 86' lang='lat' dir='ltr'>manus</span> <span class='ocrx_word' id='word_1_218' title='bbox 2457 2544 2777 2630; x_wconf 82' lang='lat' dir='ltr'>possum.‘·</span> 
     </span>
     <span class='ocr_line' id='line_1_26' title="bbox 525 2634 2763 2717; baseline -0 -20"><span class='ocrx_word' id='word_1_219' title='bbox 525 2634 647 2698; x_wconf 88' lang='lat' dir='ltr'>Fui</span> <span class='ocrx_word' id='word_1_220' title='bbox 690 2634 1009 2716; x_wconf 84' lang='lat' dir='ltr'>spectator</span> <span class='ocrx_word' id='word_1_221' title='bbox 1057 2636 1269 2717; x_wconf 84' lang='lat' dir='ltr'>potius</span> <span class='ocrx_word' id='word_1_222' title='bbox 1302 2657 1490 2716; x_wconf 89' lang='lat' dir='ltr'>quam</span> <span class='ocrx_word' id='word_1_223' title='bbox 1525 2637 1809 2699; x_wconf 87' lang='lat' dir='ltr'>conviva.</span> <span class='ocrx_word' id='word_1_224' title='bbox 1888 2635 2153 2699; x_wconf 89' lang='lat' dir='ltr'>Visitavi</span> <span class='ocrx_word' id='word_1_225' title='bbox 2184 2635 2461 2699; x_wconf 87' lang='lat' dir='ltr'>hostiam</span> <span class='ocrx_word' id='word_1_226' title='bbox 2491 2636 2763 2711; x_wconf 88' lang='lat' dir='ltr'>tantum,</span> 
     </span>
     <span class='ocr_line' id='line_1_27' title="bbox 521 2720 2765 2804; baseline -0.001 -21"><span class='ocrx_word' id='word_1_227' title='bbox 521 2741 647 2785; x_wconf 85' lang='lat' dir='ltr'>non</span> <span class='ocrx_word' id='word_1_228' title='bbox 700 2721 972 2785; x_wconf 86' lang='lat' dir='ltr'>tractavi</span> <span class='ocrx_word' id='word_1_229' title='bbox 1018 2728 1091 2785; x_wconf 89' lang='lat' dir='ltr'>ut</span> <span class='ocrx_word' id='word_1_230' title='bbox 1136 2742 1314 2804; x_wconf 90' lang='lat' dir='ltr'>popa.</span> <span class='ocrx_word' id='word_1_231' title='bbox 1405 2722 1589 2786; x_wconf 86' lang='lat' dir='ltr'>Nunc</span> <span class='ocrx_word' id='word_1_232' title='bbox 1627 2723 1741 2786; x_wconf 90' lang='lat' dir='ltr'>deo</span> <span class='ocrx_word' id='word_1_233' title='bbox 1776 2744 1911 2786; x_wconf 90' lang='lat' dir='ltr'>meo</span> <span class='ocrx_word' id='word_1_234' title='bbox 1944 2722 2217 2804; x_wconf 89' lang='lat' dir='ltr'>propitio</span> <span class='ocrx_word' id='word_1_235' title='bbox 2248 2720 2522 2804; x_wconf 87' lang='lat' dir='ltr'>gustabo</span> <span class='ocrx_word' id='word_1_236' title='bbox 2553 2722 2765 2802; x_wconf 87' lang='lat' dir='ltr'>partes</span> 
     </span>
     <span class='ocr_line' id='line_1_28' title="bbox 525 2802 2767 2890; baseline -0 -21"><span class='ocrx_word' id='word_1_237' title='bbox 525 2807 876 2871; x_wconf 86' lang='lat' dir='ltr'>dominicae</span> <span class='ocrx_word' id='word_1_238' title='bbox 931 2829 1124 2871; x_wconf 87' lang='lat' dir='ltr'>cenae</span> <span class='ocrx_word' id='word_1_239' title='bbox 1169 2813 1232 2872; x_wconf 87' lang='lat' dir='ltr'>et</span> <span class='ocrx_word' id='word_1_240' title='bbox 1277 2828 1387 2890; x_wconf 86' lang='lat' dir='ltr'>pro</span> <span class='ocrx_word' id='word_1_241' title='bbox 1442 2808 1604 2873; x_wconf 86' lang='lat' dir='ltr'>vivis</span> <span class='ocrx_word' id='word_1_242' title='bbox 1668 2813 1731 2872; x_wconf 87' lang='lat' dir='ltr'>et</span> <span class='ocrx_word' id='word_1_243' title='bbox 1785 2808 2101 2871; x_wconf 83' lang='lat' dir='ltr'>defunctis</span> <span class='ocrx_word' id='word_1_244' title='bbox 2156 2807 2516 2871; x_wconf 88' lang='lat' dir='ltr'>memoriter</span> <span class='ocrx_word' id='word_1_245' title='bbox 2566 2808 2639 2869; x_wconf 88' lang='lat' dir='ltr'>ut</span> <span class='ocrx_word' id='word_1_246' title='bbox 2690 2802 2767 2868; x_wconf 89' lang='lat' dir='ltr'>fit</span> 
     </span>
     <span class='ocr_line' id='line_1_29' title="bbox 523 2889 2766 2977; baseline -0.002 -20"><span class='ocrx_word' id='word_1_247' title='bbox 523 2892 736 2958; x_wconf 90' lang='lat' dir='ltr'>orabo.</span> <span class='ocrx_word' id='word_1_248' title='bbox 828 2892 1070 2977; x_wconf 89' lang='lat' dir='ltr'>Impera</span> <span class='ocrx_word' id='word_1_249' title='bbox 1138 2894 1522 2973; x_wconf 75' lang='lat' dir='ltr'>domesticiS,</span> <span class='ocrx_word' id='word_1_250' title='bbox 1591 2899 1663 2958; x_wconf 90' lang='lat' dir='ltr'>ut</span> <span class='ocrx_word' id='word_1_251' title='bbox 1732 2896 1944 2958; x_wconf 87' lang='lat' dir='ltr'>statim</span> <span class='ocrx_word' id='word_1_252' title='bbox 2014 2894 2145 2958; x_wconf 87' lang='lat' dir='ltr'>tuis</span> <span class='ocrx_word' id='word_1_253' title='bbox 2209 2898 2425 2957; x_wconf 89' lang='lat' dir='ltr'>emant</span> <span class='ocrx_word' id='word_1_254' title='bbox 2490 2889 2766 2956; x_wconf 90' lang='lat' dir='ltr'>nummis</span> 
     </span>
     <span class='ocr_line' id='line_1_30' title="bbox 525 2978 2767 3061; baseline -0.001 -19"><span class='ocrx_word' id='word_1_255' title='bbox 525 3001 617 3053; x_wconf 88' lang='lat' dir='ltr'>ea,</span> <span class='ocrx_word' id='word_1_256' title='bbox 692 3001 854 3060; x_wconf 89' lang='lat' dir='ltr'>quae</span> <span class='ocrx_word' id='word_1_257' title='bbox 927 2981 1246 3044; x_wconf 88' lang='lat' dir='ltr'>annotavi.</span> <span class='ocrx_word' id='word_1_258' title='bbox 1365 2980 1593 3061; x_wconf 86' lang='lat' dir='ltr'>Empta</span> <span class='ocrx_word' id='word_1_259' title='bbox 1666 2981 1766 3047; x_wconf 88' lang='lat' dir='ltr'>die</span> <span class='ocrx_word' id='word_1_260' title='bbox 1834 2981 2021 3044; x_wconf 84' lang='lat' dir='ltr'>lunae</span> <span class='ocrx_word' id='word_1_261' title='bbox 2090 2979 2213 3044; x_wconf 91' lang='lat' dir='ltr'>huc</span> <span class='ocrx_word' id='word_1_262' title='bbox 2280 2978 2618 3059; x_wconf 82' lang='lat' dir='ltr'>perferant,</span> <span class='ocrx_word' id='word_1_263' title='bbox 2694 2980 2767 3041; x_wconf 90' lang='lat' dir='ltr'>ut</span> 
     </span>
     <span class='ocr_line' id='line_1_31' title="bbox 523 3062 2769 3146; baseline -0.001 -18"><span class='ocrx_word' id='word_1_264' title='bbox 523 3065 788 3128; x_wconf 87' lang='lat' dir='ltr'>habeam</span> <span class='ocrx_word' id='word_1_265' title='bbox 837 3066 903 3130; x_wconf 90' lang='lat' dir='ltr'>in</span> <span class='ocrx_word' id='word_1_266' title='bbox 949 3065 1225 3130; x_wconf 89' lang='lat' dir='ltr'>meridie.</span> <span class='ocrx_word' id='word_1_267' title='bbox 1313 3066 1640 3130; x_wconf 87' lang='lat' dir='ltr'>Destinavi</span> <span class='ocrx_word' id='word_1_268' title='bbox 1688 3067 1851 3130; x_wconf 88' lang='lat' dir='ltr'>enim</span> <span class='ocrx_word' id='word_1_269' title='bbox 1914 3066 2247 3130; x_wconf 80' lang='lat' dir='ltr'>offerendis</span> <span class='ocrx_word' id='word_1_270' title='bbox 2303 3067 2417 3130; x_wconf 90' lang='lat' dir='ltr'>deo</span> <span class='ocrx_word' id='word_1_271' title='bbox 2472 3062 2769 3146; x_wconf 88' lang='lat' dir='ltr'>primitiis</span> 
     </span>
     <span class='ocr_line' id='line_1_32' title="bbox 524 3150 2761 3235; baseline -0 -22"><span class='ocrx_word' id='word_1_272' title='bbox 524 3150 685 3214; x_wconf 89' lang='lat' dir='ltr'>diem</span> <span class='ocrx_word' id='word_1_273' title='bbox 747 3150 1110 3216; x_wconf 79' lang='lat' dir='ltr'>Ambrosii.⁷</span> <span class='ocrx_word' id='word_1_274' title='bbox 1202 3152 1334 3215; x_wconf 89' lang='lat' dir='ltr'>Hoc</span> <span class='ocrx_word' id='word_1_275' title='bbox 1379 3157 1442 3215; x_wconf 90' lang='lat' dir='ltr'>te</span> <span class='ocrx_word' id='word_1_276' title='bbox 1487 3153 1577 3217; x_wconf 82' lang='lat' dir='ltr'>ita</span> <span class='ocrx_word' id='word_1_277' title='bbox 1621 3172 1794 3235; x_wconf 90' lang='lat' dir='ltr'>rogo,</span> <span class='ocrx_word' id='word_1_278' title='bbox 1850 3158 1921 3215; x_wconf 87' lang='lat' dir='ltr'>ut</span> <span class='ocrx_word' id='word_1_279' title='bbox 1980 3152 2304 3217; x_wconf 87' lang='lat' dir='ltr'>ardentius</span> <span class='ocrx_word' id='word_1_280' title='bbox 2362 3172 2584 3233; x_wconf 86' lang='lat' dir='ltr'>rogare</span> <span class='ocrx_word' id='word_1_281' title='bbox 2637 3170 2761 3214; x_wconf 89' lang='lat' dir='ltr'>non</span> 
     </span>
     <span class='ocr_line' id='line_1_33' title="bbox 524 3236 2764 3321; baseline -0.002 -20"><span class='ocrx_word' id='word_1_282' title='bbox 524 3238 778 3320; x_wconf 87' lang='lat' dir='ltr'>possim.</span> <span class='ocrx_word' id='word_1_283' title='bbox 867 3237 1189 3303; x_wconf 78' lang='lat' dir='ltr'>‚Remetiar</span> <span class='ocrx_word' id='word_1_284' title='bbox 1233 3238 1509 3301; x_wconf 88' lang='lat' dir='ltr'>officium</span> <span class='ocrx_word' id='word_1_285' title='bbox 1560 3239 1677 3303; x_wconf 87' lang='lat' dir='ltr'>hoc</span> <span class='ocrx_word' id='word_1_286' title='bbox 1721 3245 1902 3303; x_wconf 90' lang='lat' dir='ltr'>tuum</span> <span class='ocrx_word' id='word_1_287' title='bbox 1958 3242 2141 3321; x_wconf 85' lang='lat' dir='ltr'>grata</span> <span class='ocrx_word' id='word_1_288' title='bbox 2197 3236 2655 3321; x_wconf 66' lang='lat' dir='ltr'>benevolentia,</span> <span class='ocrx_word' id='word_1_289' title='bbox 2700 3237 2764 3298; x_wconf 87' lang='lat' dir='ltr'>et</span> 
     </span>
     <span class='ocr_line' id='line_1_34' title="bbox 526 3320 2761 3407; baseline -0.002 -20"><span class='ocrx_word' id='word_1_290' title='bbox 526 3323 736 3407; x_wconf 90' lang='lat' dir='ltr'>pueris</span> <span class='ocrx_word' id='word_1_291' title='bbox 792 3329 1101 3405; x_wconf 84' lang='lat' dir='ltr'>quantum</span> <span class='ocrx_word' id='word_1_292' title='bbox 1163 3325 1535 3405; x_wconf 84' lang='lat' dir='ltr'>erogaveris,</span> <span class='ocrx_word' id='word_1_293' title='bbox 1602 3324 1930 3389; x_wconf 81' lang='lat' dir='ltr'>confestim</span> <span class='ocrx_word' id='word_1_294' title='bbox 1992 3324 2353 3388; x_wconf 82' lang='lat' dir='ltr'>retribuam.</span> <span class='ocrx_word' id='word_1_295' title='bbox 2442 3322 2628 3387; x_wconf 88' lang='lat' dir='ltr'>Nunc</span> <span class='ocrx_word' id='word_1_296' title='bbox 2683 3320 2761 3383; x_wconf 88' lang='lat' dir='ltr'>ad</span> 
     </span>
     <span class='ocr_line' id='line_1_35' title="bbox 525 3408 2761 3497; baseline -0.002 -24"><span class='ocrx_word' id='word_1_297' title='bbox 525 3410 835 3492; x_wconf 72' lang='lat' dir='ltr'>propolas</span> <span class='ocrx_word' id='word_1_298' title='bbox 926 3412 1040 3473; x_wconf 66' lang='lat' dir='ltr'>OEin</span> <span class='ocrx_word' id='word_1_299' title='bbox 1108 3414 1321 3489; x_wconf 73' lang='lat' dir='ltr'>quartat</span> <span class='ocrx_word' id='word_1_300' title='bbox 1385 3412 1661 3472; x_wconf 69' lang='lat' dir='ltr'>malvisin</span> <span class='ocrx_word' id='word_1_301' title='bbox 1720 3413 1785 3475; x_wconf 91' lang='lat' dir='ltr'>in</span> <span class='ocrx_word' id='word_1_302' title='bbox 1844 3432 2009 3475; x_wconf 87' lang='lat' dir='ltr'>nova</span> <span class='ocrx_word' id='word_1_303' title='bbox 2072 3410 2383 3493; x_wconf 87' lang='lat' dir='ltr'>lagenula.</span> <span class='ocrx_word' id='word_1_304' title='bbox 2474 3408 2761 3497; x_wconf 80' lang='lat' dir='ltr'>Quinque</span> 
     </span>
     <span class='ocr_line' id='line_1_36' title="bbox 526 3492 2761 3579; baseline -0.001 -20"><span class='ocrx_word' id='word_1_305' title='bbox 526 3495 736 3577; x_wconf 90' lang='lat' dir='ltr'>pondo</span> <span class='ocrx_word' id='word_1_306' title='bbox 780 3501 877 3557; x_wconf 73' lang='lat' dir='ltr'>bnt</span> <span class='ocrx_word' id='word_1_307' title='bbox 923 3492 1058 3575; x_wconf 68' lang='lat' dir='ltr'>¹⁰lin⁸</span> <span class='ocrx_word' id='word_1_308' title='bbox 1104 3496 1254 3559; x_wconf 87' lang='lat' dir='ltr'>item</span> <span class='ocrx_word' id='word_1_309' title='bbox 1300 3496 1565 3560; x_wconf 84' lang='lat' dir='ltr'>totidem</span> <span class='ocrx_word' id='word_1_310' title='bbox 1625 3507 1749 3571; x_wconf 64' lang='lat' dir='ltr'>gnta</span> <span class='ocrx_word' id='word_1_311' title='bbox 1811 3494 2007 3559; x_wconf 70' lang='lat' dir='ltr'>stnts.⁹</span> <span class='ocrx_word' id='word_1_312' title='bbox 2093 3496 2355 3579; x_wconf 80' lang='lat' dir='ltr'>Bajulus</span> <span class='ocrx_word' id='word_1_313' title='bbox 2412 3494 2497 3558; x_wconf 86' lang='lat' dir='ltr'>sit</span> <span class='ocrx_word' id='word_1_314' title='bbox 2555 3494 2761 3575; x_wconf 87' lang='lat' dir='ltr'>Nepo-</span> 
     </span>
     <span class='ocr_line' id='line_1_37' title="bbox 524 3581 2763 3665; baseline -0.002 -20"><span class='ocrx_word' id='word_1_315' title='bbox 524 3581 761 3660; x_wconf 76' lang='lat' dir='ltr'>tianuS,</span> <span class='ocrx_word' id='word_1_316' title='bbox 806 3585 880 3645; x_wconf 86' lang='lat' dir='ltr'>ut</span> <span class='ocrx_word' id='word_1_317' title='bbox 923 3603 1022 3644; x_wconf 92' lang='lat' dir='ltr'>me</span> <span class='ocrx_word' id='word_1_318' title='bbox 1083 3582 1323 3658; x_wconf 87' lang='lat' dir='ltr'>doceat,</span> <span class='ocrx_word' id='word_1_319' title='bbox 1386 3582 1536 3663; x_wconf 90' lang='lat' dir='ltr'>quid</span> <span class='ocrx_word' id='word_1_320' title='bbox 1601 3583 1997 3665; x_wconf 85' lang='lat' dir='ltr'>potissimum</span> <span class='ocrx_word' id='word_1_321' title='bbox 2040 3604 2077 3645; x_wconf 91' lang='lat' dir='ltr'>a</span> <span class='ocrx_word' id='word_1_322' title='bbox 2126 3604 2221 3645; x_wconf 88' lang='lat' dir='ltr'>me</span> <span class='ocrx_word' id='word_1_323' title='bbox 2282 3581 2471 3645; x_wconf 89' lang='lat' dir='ltr'>scribi</span> <span class='ocrx_word' id='word_1_324' title='bbox 2533 3601 2642 3663; x_wconf 89' lang='lat' dir='ltr'>pro</span> <span class='ocrx_word' id='word_1_325' title='bbox 2697 3600 2763 3641; x_wconf 86' lang='lat' dir='ltr'>se</span> 
     </span>
    </p>
   </div>
   <div class='ocr_carea' id='block_1_5' title="bbox 464 3664 2761 3818">
    <p class='ocr_par' dir='ltr' id='par_1_5' title="bbox 464 3664 2761 3818">
     <span class='ocr_line' id='line_1_38' title="bbox 464 3664 2761 3749; baseline -0.002 -18"><span class='ocrx_word' id='word_1_326' title='bbox 464 3700 479 3716; x_wconf 92' lang='lat'><strong>·</strong></span> <span class='ocrx_word' id='word_1_327' title='bbox 528 3668 696 3732; x_wconf 89' lang='lat' dir='ltr'>velit.</span> <span class='ocrx_word' id='word_1_328' title='bbox 785 3666 1034 3731; x_wconf 86' lang='lat' dir='ltr'>Interea</span> <span class='ocrx_word' id='word_1_329' title='bbox 1080 3666 1490 3749; x_wconf 88' lang='lat' dir='ltr'>philosophos</span> <span class='ocrx_word' id='word_1_330' title='bbox 1547 3668 1765 3731; x_wconf 87' lang='lat' dir='ltr'>audiat</span> <span class='ocrx_word' id='word_1_331' title='bbox 1829 3666 2187 3733; x_wconf 84' lang='lat' dir='ltr'>Adamus.¹⁰</span> <span class='ocrx_word' id='word_1_332' title='bbox 2275 3667 2423 3731; x_wconf 88' lang='lat' dir='ltr'>Vale</span> <span class='ocrx_word' id='word_1_333' title='bbox 2470 3670 2541 3729; x_wconf 46' lang='lat' dir='ltr'>et.</span> <span class='ocrx_word' id='word_1_334' title='bbox 2577 3664 2761 3729; x_wconf 85' lang='lat' dir='ltr'>salve.</span> 
     </span>
     <span class='ocr_line' id='line_1_39' title="bbox 528 3751 1582 3818; baseline -0.003 -1"><span class='ocrx_word' id='word_1_335' title='bbox 528 3752 857 3818; x_wconf 80' lang='lat' dir='ltr'>sitientes.</span> <span class='ocrx_word' id='word_1_336' title='bbox 949 3752 1198 3817; x_wconf 87' lang='lat' dir='ltr'>Gothae</span> <span class='ocrx_word' id='word_1_337' title='bbox 1241 3751 1582 3815; x_wconf 86' lang='lat' dir='ltr'>MDVIXX.</span> 
     </span>
    </p>
   </div>
   <div class='ocr_carea' id='block_1_6' title="bbox 837 3870 1279 3925">
    <p class='ocr_par' dir='ltr' id='par_1_6' title="bbox 837 3870 1279 3925">
     <span class='ocr_line' id='line_1_40' title="bbox 837 3870 1279 3925; baseline 0 0"><span class='ocrx_word' id='word_1_338' title='bbox 837 3871 958 3925; x_wconf 86' lang='lat' dir='ltr'>Cod.</span> <span class='ocrx_word' id='word_1_339' title='bbox 995 3871 1126 3924; x_wconf 84' lang='lat' dir='ltr'>Frcf.</span> <span class='ocrx_word' id='word_1_340' title='bbox 1164 3870 1279 3925; x_wconf 84' lang='lat'>288.</span> 
     </span>
    </p>
   </div>
   <div class='ocr_carea' id='block_1_7' title="bbox 525 4028 934 4037">
    <p class='ocr_par' dir='ltr' id='par_1_7' title="bbox 525 4028 934 4037">
     <span class='ocr_line' id='line_1_41' title="bbox 525 4028 934 4037; baseline 0 858"><span class='ocrx_word' id='word_1_341' title='bbox 525 4028 934 4037; x_wconf 95' lang='lat' dir='ltr'> </span> 
     </span>
    </p>
   </div>
   <div class='ocr_carea' id='block_1_8' title="bbox 529 4118 2765 4470">
    <p class='ocr_par' dir='ltr' id='par_1_8' title="bbox 529 4118 2765 4470">
     <span class='ocr_line' id='line_1_42' title="bbox 668 4118 2631 4195; baseline -0.002 -15"><span class='ocrx_word' id='word_1_342' title='bbox 668 4130 682 4159; x_wconf 84' lang='lat'><strong>¹</strong></span> <span class='ocrx_word' id='word_1_343' title='bbox 718 4128 840 4183; x_wconf 84' lang='lat' dir='ltr'>Vor.</span> <span class='ocrx_word' id='word_1_344' title='bbox 878 4127 964 4181; x_wconf 68' lang='grc' dir='ltr'>ΒΥ.</span> <span class='ocrx_word' id='word_1_345' title='bbox 1108 4129 1128 4160; x_wconf 76' lang='lat'>²</span> <span class='ocrx_word' id='word_1_346' title='bbox 1162 4118 1307 4181; x_wconf 76' lang='lat' dir='ltr'>Uber</span> <span class='ocrx_word' id='word_1_347' title='bbox 1341 4126 1492 4180; x_wconf 90' lang='lat' dir='ltr'>beide</span> <span class='ocrx_word' id='word_1_348' title='bbox 1527 4126 1630 4195; x_wconf 87' lang='lat' dir='ltr'>vgl.</span> <span class='ocrx_word' id='word_1_349' title='bbox 1667 4126 1753 4179; x_wconf 68' lang='grc' dir='ltr'>ΒΓ.</span> <span class='ocrx_word' id='word_1_350' title='bbox 1792 4126 1907 4190; x_wconf 83' lang='lat'>235,</span> <span class='ocrx_word' id='word_1_351' title='bbox 1946 4127 2079 4179; x_wconf 78' lang='lat' dir='ltr'>iiber</span> <span class='ocrx_word' id='word_1_352' title='bbox 2112 4127 2356 4195; x_wconf 86' lang='lat' dir='ltr'>Agricola</span> <span class='ocrx_word' id='word_1_353' title='bbox 2390 4126 2477 4181; x_wconf 89' lang='lat' dir='ltr'>Br.</span> <span class='ocrx_word' id='word_1_354' title='bbox 2518 4126 2631 4181; x_wconf 83' lang='lat'>260.</span> 
     </span>
     <span class='ocr_line' id='line_1_43' title="bbox 603 4192 2765 4263; baseline -0.002 -14"><span class='ocrx_word' id='word_1_355' title='bbox 603 4196 624 4228; x_wconf 77' lang='lat'><strong>⁸</strong></span> <span class='ocrx_word' id='word_1_356' title='bbox 657 4197 893 4251; x_wconf 84' lang='lat' dir='ltr'>Andreas</span> <span class='ocrx_word' id='word_1_357' title='bbox 928 4197 1134 4263; x_wconf 79' lang='lat' dir='ltr'>Nepot,</span> <span class='ocrx_word' id='word_1_358' title='bbox 1171 4197 1378 4250; x_wconf 76' lang='lat' dir='ltr'>Urbane</span> <span class='ocrx_word' id='word_1_359' title='bbox 1412 4196 1579 4248; x_wconf 84' lang='lat' dir='ltr'>Neffe.</span> <span class='ocrx_word' id='word_1_360' title='bbox 1652 4194 1703 4248; x_wconf 84' lang='lat' dir='ltr'>S.</span> <span class='ocrx_word' id='word_1_361' title='bbox 1742 4195 1837 4248; x_wconf 82' lang='lat'>201</span> <span class='ocrx_word' id='word_1_362' title='bbox 1877 4198 1938 4247; x_wconf 88' lang='lat' dir='ltr'>A.</span> <span class='ocrx_word' id='word_1_363' title='bbox 1977 4196 2023 4249; x_wconf 86' lang='lat'>7.</span> <span class='ocrx_word' id='word_1_364' title='bbox 2165 4196 2186 4228; x_wconf 81' lang='lat'>⁴</span> <span class='ocrx_word' id='word_1_365' title='bbox 2218 4196 2367 4251; x_wconf 87' lang='lat' dir='ltr'>Jena.</span> <span class='ocrx_word' id='word_1_366' title='bbox 2508 4199 2529 4228; x_wconf 81' lang='lat'><strong>⁶</strong></span> <span class='ocrx_word' id='word_1_367' title='bbox 2560 4194 2676 4263; x_wconf 88' lang='lat' dir='ltr'>Vgl.</span> <span class='ocrx_word' id='word_1_368' title='bbox 2712 4192 2765 4245; x_wconf 84' lang='lat' dir='ltr'>S.</span> 
     </span>
     <span class='ocr_line' id='line_1_44' title="bbox 529 4261 2763 4332; baseline -0.002 -13"><span class='ocrx_word' id='word_1_369' title='bbox 529 4265 634 4319; x_wconf 80' lang='lat'>402</span> <span class='ocrx_word' id='word_1_370' title='bbox 668 4268 730 4317; x_wconf 88' lang='lat' dir='ltr'>A.</span> <span class='ocrx_word' id='word_1_371' title='bbox 768 4268 815 4320; x_wconf 89' lang='lat'>5.</span> <span class='ocrx_word' id='word_1_372' title='bbox 954 4266 978 4297; x_wconf 74' lang='lat'><strong>⁶</strong></span> <span class='ocrx_word' id='word_1_373' title='bbox 1013 4264 1245 4319; x_wconf 78' lang='lat' dir='ltr'>Friihere</span> <span class='ocrx_word' id='word_1_374' title='bbox 1298 4265 1545 4319; x_wconf 71' lang='lat' dir='ltr'>Versatze</span> <span class='ocrx_word' id='word_1_375' title='bbox 1600 4280 1693 4317; x_wconf 84' lang='lat' dir='ltr'>zur</span> <span class='ocrx_word' id='word_1_376' title='bbox 1742 4263 2107 4332; x_wconf 85' lang='lat' dir='ltr'>Darbringung</span> <span class='ocrx_word' id='word_1_377' title='bbox 2160 4265 2253 4318; x_wconf 86' lang='lat' dir='ltr'>des</span> <span class='ocrx_word' id='word_1_378' title='bbox 2309 4264 2508 4331; x_wconf 82' lang='lat' dir='ltr'>OpferS.</span> <span class='ocrx_word' id='word_1_379' title='bbox 2579 4262 2629 4317; x_wconf 86' lang='lat' dir='ltr'>S.</span> <span class='ocrx_word' id='word_1_380' title='bbox 2664 4261 2763 4315; x_wconf 89' lang='lat'>346</span> 
     </span>
     <span class='ocr_line' id='line_1_45' title="bbox 533 4330 2765 4401; baseline -0.002 -13"><span class='ocrx_word' id='word_1_381' title='bbox 533 4337 595 4388; x_wconf 89' lang='lat' dir='ltr'>A.</span> <span class='ocrx_word' id='word_1_382' title='bbox 635 4336 680 4387; x_wconf 93' lang='lat'>1.</span> <span class='ocrx_word' id='word_1_383' title='bbox 786 4335 806 4367; x_wconf 86' lang='lat'>⁷</span> <span class='ocrx_word' id='word_1_384' title='bbox 840 4334 888 4387; x_wconf 84' lang='lat'>4.</span> <span class='ocrx_word' id='word_1_385' title='bbox 925 4334 1088 4401; x_wconf 89' lang='lat' dir='ltr'>April.</span> <span class='ocrx_word' id='word_1_386' title='bbox 1195 4336 1216 4367; x_wconf 83' lang='lat'>⁸</span> <span class='ocrx_word' id='word_1_387' title='bbox 1251 4335 1432 4387; x_wconf 76' lang='lat' dir='ltr'>diirrer</span> <span class='ocrx_word' id='word_1_388' title='bbox 1464 4333 1652 4387; x_wconf 74' lang='lat' dir='ltr'>Lache.</span> <span class='ocrx_word' id='word_1_389' title='bbox 1790 4333 1813 4365; x_wconf 80' lang='lat'><strong>⁹</strong></span> <span class='ocrx_word' id='word_1_390' title='bbox 1846 4334 2005 4401; x_wconf 87' lang='lat' dir='ltr'>guten</span> <span class='ocrx_word' id='word_1_391' title='bbox 2041 4330 2199 4387; x_wconf 67' lang='lat' dir='ltr'>Stiirs.</span> <span class='ocrx_word' id='word_1_392' title='bbox 2346 4336 2391 4369; x_wconf 78' lang='lat'>¹⁰</span> <span class='ocrx_word' id='word_1_393' title='bbox 2426 4333 2523 4387; x_wconf 91' lang='lat' dir='ltr'>Ad.</span> <span class='ocrx_word' id='word_1_394' title='bbox 2560 4330 2655 4387; x_wconf 84' lang='lat' dir='ltr'>soll</span> <span class='ocrx_word' id='word_1_395' title='bbox 2687 4330 2765 4383; x_wconf 90' lang='lat' dir='ltr'>in-</span> 
     </span>
     <span class='ocr_line' id='line_1_46' title="bbox 531 4400 2075 4470; baseline -0.001 -12"><span class='ocrx_word' id='word_1_396' title='bbox 531 4402 799 4459; x_wconf 79' lang='lat' dir='ltr'>zwischen</span> <span class='ocrx_word' id='word_1_397' title='bbox 832 4402 888 4455; x_wconf 89' lang='lat' dir='ltr'>in</span> <span class='ocrx_word' id='word_1_398' title='bbox 924 4403 1007 4457; x_wconf 89' lang='lat' dir='ltr'>die</span> <span class='ocrx_word' id='word_1_399' title='bbox 1043 4402 1235 4458; x_wconf 85' lang='lat' dir='ltr'>Schule</span> <span class='ocrx_word' id='word_1_400' title='bbox 1271 4404 1363 4457; x_wconf 87' lang='lat' dir='ltr'>der</span> <span class='ocrx_word' id='word_1_401' title='bbox 1395 4402 1498 4455; x_wconf 80' lang='lat' dir='ltr'>Erf.</span> <span class='ocrx_word' id='word_1_402' title='bbox 1535 4400 1888 4469; x_wconf 88' lang='lat' dir='ltr'>Philosophen</span> <span class='ocrx_word' id='word_1_403' title='bbox 1923 4402 2075 4470; x_wconf 89' lang='lat' dir='ltr'>gehn.</span> 
     </span>
    </p>
   </div>
   <div class='ocr_carea' id='block_1_9' title="bbox 2435 4886 2931 4895">
    <p class='ocr_par' dir='ltr' id='par_1_9' title="bbox 2435 4886 2931 4895">
     <span class='ocr_line' id='line_1_47' title="bbox 2435 4886 2931 4895; baseline -0.004 0"><span class='ocrx_word' id='word_1_404' title='bbox 2435 4894 2450 4895; x_wconf 38' lang='lat' dir='ltr'>A</span> <span class='ocrx_word' id='word_1_405' title='bbox 2534 4893 2539 4895; x_wconf 94' lang='lat'>.</span> <span class='ocrx_word' id='word_1_406' title='bbox 2567 4886 2931 4895; x_wconf 48' lang='lat' dir='ltr'>--ffl——ffl—-u</span> 
     </span>
    </p>
   </div>
  </div>
 </body>
</html>
