3084 4895
466 405 594 470 428
1307 407 1481 461 Brieie
1518 407 1610 461 des
1647 407 1696 462 J.
1737 405 1882 461 1514.

477 579 663 643 terris
708 581 1105 663 praeputium
1151 581 1427 662 reliquit.
1520 581 1686 645 Vale.
1778 580 2006 644 Errant
2067 579 2503 663 theologistae.
2590 581 2720 646 Leo

466 664 543 729 X.
591 671 879 804 38561·ΐόἳὲ
910 671 1029 805 erio
1028 667 1513 806 ί(1(ἷ175111ευςίιι111ει
1560 665 1931 751 Capnionis¹
1979 670 2045 731 et
2091 667 2429 731 Musarum.

468 901 699 972 (Gotha.)
1515 888 1661 955 358.
1982 906 2130 975 (kurz
2165 922 2261 960 vor
2296 908 2344 961 5.
2381 905 2506 958 Juni
2544 906 2722 976 1514.)

1212 1016 1502 1089 Mutian
1547 1039 1645 1090 an
1691 1017 1969 1089 Urban.

473 1144 767 1213 (Austrc'iqe,
824 1163 924 1198 von
974 1145 1303 1200 Prolcurator
1357 1147 1535 1200 Sehilo
1595 1148 1724 1200 Geld
1769 1165 1842 1201 zu
1885 1117 2110 1212 erhebenz
2159 1148 2298 1200 nach
2340 1147 2564 1200 schb'neoe'z
2607 1164 2720 1199 ver-

467 1213 701 1280 yoldeten
756 1214 987 1267 Bechern
1022 1215 1104 1268 als
1146 1215 1405 1270 Gesehenk
1437 1216 1533 1283 fiir
1567 1216 1810 1285 Hersfeld
1839 1217 2241 1270 umxusckauen
2273 1217 2387 1269 und
2417 1216 2582 1268 durch
2621 1215 2722 1269 Os-

466 1283 641 1336 mund
692 1283 775 1336 bei
828 1283 1163 1352 Stimmerinq
1206 1285 1321 1338 und
1360 1286 1527 1338 durch
1570 1285 1746 1338 diesen
1791 1286 1874 1339 bei
1913 1285 2154 1339 Nitnard
2199 1286 2296 1353 fiir
2346 1285 2595 1354 Spalatin
2645 1302 2725 1338 m

1479 1354 1712 1423 wir-ken.)

1187 1466 1268 1518 H.
1304 1467 1561 1519 Urbano
1613 1464 1724 1534 (M.
1757 1465 2001 1528 Rufus).

676 1575 739 1640 S.
830 1575 969 1640 Etsi
1008 1576 1289 1658 ‘dubium
1356 1578 1512 1643 mihi
1571 1601 1697 1643 non
1759 1580 1980 1655 fuerat,
2039 1579 2190 1662 quin
2240 1600 2605 1660 procurares
2647 1579 2722 1642 in

468 1662 603 1728 foro
662 1685 865 1727 rerum
928 1663 1252 1729 venalium
1312 1667 1544 1748 omnia,
1607 1689 1768 1750 quae
1814 1689 1912 1729 me
1959 1670 2072 1730 aut
2135 1664 2294 1728 velle
2339 1671 2451 1728 aut
2495 1665 2574 1728 ad
2621 1687 2724 1726 me

467 1751 783 1832 pertinere
842 1757 1096 1832 putares
1153 1751 1451 1833 (cognovi
1512 1754 1676 1817 enim
1727 1775 1824 1815 me
1871 1752 1987 1816 tibi
2037 1753 2426 1815 carissimum
2477 1773 2612 1814 esse
2655 1754 2724 1814 et

470 1837 536 1899 in
604 1836 948 1899 amicorum
1019 1839 1292 1918 negotiis
1360 1838 1668 1918 singulari
1734 1839 1856 1902 fide
1917 1842 1979 1902 et
2047 1837 2430 1920 diligentia):
2462 1899 2469 1905 .
2505 1845 2719 1900 tamen

472 1944 612 1986 cum
662 1920 955 1986 Publius²
1016 1945 1189 1986 meus
1236 1924 1329 1988 vel
1379 1925 1593 2007 potius
1663 1930 1881 1989 noster
1946 1926 2196 1989 visurus
2265 1929 2432 1988 esset
2495 1945 2723 1987 urnam

469 2007 718 2073 Eobani
764 2012 827 2071 et
873 2007 1197 2086 Adelarii,⁸
1246 2031 1369 2074 non
1418 2012 1597 2094 potui
1645 2032 1772 2075 non
1807 2032 2054 2074 movere
2089 2011 2256 2074 hunc
2287 2010 2721 2074 tardissimum

478 2100 542 2159 et
586 2097 869 2177 ineptum
922 2095 1229 2160 calamum
1280 2100 1342 2159 et
1390 2118 1461 2161 eo
1507 2098 1732 2182 magiS‚
1780 2103 1851 2163 ut
1897 2119 2059 2180 quae
2105 2102 2167 2160 te
2212 2119 2362 2160 cura
2420 2096 2729 2160 sollicitat

472 2182 635 2245 bene
705 2182 982 2245 merendi
1050 2183 1127 2244 de
1190 2182 1393 2260 nobis,
1463 2207 1535 2247 ea
1602 2183 1800 2248 literis
1869 2185 2052 2266 quasi
2117 2183 2389 2248 stimulis
2455 2184 2730 2246 incitata

476 2268 883 2332 vehementer
928 2269 1313 2333 accenderet.
1406 2269 1688 2339 Primum
1737 2271 1917 2335 velim
1985 2292 2250 2352 quaeras
2304 2270 2422 2342 vel,
2485 2269 2540 2332 si
2598 2291 2726 2332 non

477 2360 685 2432 vacat,
730 2353 922 2418 Jano⁴
973 2355 1332 2431 demande3‚
1366 2359 1439 2420 ut
1469 2358 1752 2438 inquirat
1783 2379 2074 2420 nummos
2107 2356 2272 2438 apud
2305 2354 2726 2428 Schilonem‚⁵

482 2442 708 2507 deinde
756 2441 808 2505 si
857 2441 1009 2525 quid
1058 2442 1178 2506 erit
1223 2443 1370 2508 novi
1415 2442 1701 2523 allatum,
1752 2444 1933 2508 celeri
1979 2445 2253 2507 transitu
2315 2443 2502 2522 (solet
2555 2443 2728 2505 enim

475 2551 603 2593 non
660 2528 948 2593 incedere
993 2529 1101 2592 sed
1148 2530 1359 2592 volare
1420 2528 1650 2611 Janus)
1720 2531 2202 2611 circumspiciat.
2265 2530 2502 2613 ⁴Atque
2569 2530 2729 2592 haec

475 2620 661 2679 erunt
705 2615 1038 2695 insigniter
1092 2615 1410 2679 rimanda:
1460 2616 1564 2692 ᾱλῑι
1593 2628 1621 2657 ³
1665 2618 1818 2693 sdjon
1867 2619 2032 2679 arbeit
2073 2636 2136 2689 3¹¹
2181 2616 2373 2677 mattht
2419 2623 2613 2697 quemi,
2658 2620 2730 2679 et

473 2706 545 2766 ut
606 2701 945 2782 intelligaS‚
1002 2700 1232 2765 habere
1293 2703 1477 2785 cupio
1534 2702 1837 2767 deaurata
1894 2725 2042 2767 vasa
2099 2701 2363 2785 potoria.
2455 2700 2611 2765 Item
2667 2702 2728 2765 si

475 2792 659 2852 erunt
705 2787 850 2851 libri
907 2788 1183 2853 nominis
1238 2788 1629 2868 excellentis,
1667 2790 2022 2869 interroga,
2077 2810 2202 2870 quo
2264 2788 2467 2869 pretio
2530 2788 2726 2851 aesti-

475 2879 745 2953 mentur,
794 2878 857 2938 et
901 2874 1189 2938 rescribe.
1280 2874 1437 2939 Nam
1497 2875 1638 2941 ideo
1683 2897 1809 2939 non
1859 2877 1977 2939 erit
2035 2874 2516 2960 properandum,
2572 2876 2728 2956 quia

476 2961 801 3025 nundinae
846 2960 955 3025 diu
1001 2960 1339 3025 durabunt.
1430 2961 1517 3027 Ut
1563 2964 1830 3045 primum
1873 2963 2120 3026 occasio
2154 2961 2426 3037 dabitur,
2459 2981 2724 3042 respon-

477 3047 657 3113 debo,
745 3046 905 3112 Item
951 3046 1088 3121 hoc,
1152 3048 1321 3129 quod
1387 3069 1558 3112 nunc
1617 3049 1841 3125 dicam,
1905 3070 2204 3113 arcanum
2263 3046 2516 3111 habeto,
2612 3041 2721 3129 βά)

474 3135 619 3196 molle
687 3152 813 3207 geta
871 3140 987 3194 hem
1048 3133 1344 3216 hersfclbt⁶
1410 3136 1493 3195 ein
1559 3137 1752 3211 lyttlitl)
1823 3138 2022 3197 hermes
2093 3135 2358 3215 heusenst’
2447 3132 2538 3196 De
2605 3133 2726 3196 hac

481 3243 629 3284 cura
674 3220 915 3283 scribas
962 3225 1024 3284 et
1071 3222 1365 3283 consulas
1411 3220 1567 3283 mihi
1613 3243 1804 3303 quam
1851 3221 2229 3285 fidelissime.
2321 3218 2556 3283 Gratus
2587 3242 2725 3282 esse

476 3307 617 3371 volo
680 3311 742 3370 et
802 3307 959 3369 mihi
1022 3311 1085 3369 et
1146 3305 1477 3389 Spalatino
1524 3311 1590 3370 et
1647 3311 2101 3390 consequenter
2166 3308 2285 3370 tibi
2355 3310 2420 3369 et
2489 3304 2722 3369 nostris

479 3414 849 3457 conservare
909 3392 1268 3457 Palatinam
1330 3394 1620 3475 gratiam.
1722 3393 1903 3471 Novi,
1952 3394 2102 3475 quid
2161 3394 2247 3457 sit
2299 3392 2506 3455 fovere
2567 3391 2723 3455 ami-

479 3480 717 3543 citiam.
828 3478 1008 3557 Novi,
1078 3480 1230 3560 quid
1301 3479 1503 3557 boniS,
1575 3480 1726 3562 quid
1795 3481 2090 3561 gratiosis
2159 3480 2482 3543 debeatur.
2593 3476 2722 3541 Sed

612 3646 641 3675 a
674 3632 756 3694 So,
792 3655 862 3671 τ-
897 3632 976 3685 ob.
1129 3634 1157 3672 b
1183 3632 1355 3685 keufn.
2728 3674 2740 3685 .

616 3703 631 3733 ¹
668 3700 817 3754 Nach
855 3702 951 3753 der
984 3701 1068 3752 fiir
1105 3700 1365 3753 Reuchlin
1419 3700 1695 3768 giinstigen
1743 3699 2139 3767 Entscheidung
2185 3700 2279 3752 des
2331 3698 2568 3765 Speierer
2623 3696 2725 3749 Ge-

475 3769 639 3823 richts
677 3771 779 3831 (29.
818 3770 959 3823 Marz
1002 3770 1155 3838 1514)
1194 3770 1338 3822 hatte
1374 3770 1726 3823 Hochstraten
1762 3785 1829 3821 an
1863 3769 2026 3837 Pabst
2061 3769 2166 3821 Leo
2201 3768 2271 3821 X.
2309 3766 2598 3835 appelliert,
2635 3766 2730 3817 der

476 3838 559 3890 die
606 3839 849 3892 Parteien
898 3840 988 3892 auf
1030 3839 1130 3890 den
1172 3837 1221 3891 8.
1274 3839 1401 3891 Juni
1449 3839 1583 3891 1514
1635 3838 1855 3891 citierte.
1928 3838 2072 3891 Uber
2125 3838 2258 3890 Leos
2309 3836 2544 3903 Stellung
2606 3850 2730 3886 zum

480 3906 924 3961 Reuchlinischen
963 3908 1169 3961 Handel
1205 3908 1323 3959 Gei
1336 3924 1460 3974 ger,
1498 3906 1718 3960 Reuchl.
1759 3906 1807 3960 S.
1848 3907 1947 3960 ‘296
1982 3908 2034 3958 ff.
2177 3908 2196 3937 ²
2236 3905 2350 3974 Vgl.
2386 3921 2494 3957 vor.
2531 3903 2618 3957 Br.

546 3978 566 4008 ³
598 3977 750 4045 Reim
792 3977 1046 4030 Abbruch
1068 3977 1159 4029 der
1178 3976 1491 4043 baufalligen
1527 3976 1725 4028 Kirche
1757 3975 1818 4027 Β.
1858 3975 1925 4029 M.
1968 3976 2028 4029 V.
2066 3976 2121 4027 in
2155 3974 2334 4028 Erfurt
2354 3974 2490 4027 1154
2508 3972 2729 4024 wurden

456 4047 572 4101 der
622 4046 1023 4114 Uberlieferung
1068 4046 1207 4098 nach
1254 4046 1337 4098 die
1392 4045 1620 4098 Gebeine
1673 4046 1766 4097 der
1799 4044 1871 4098 hl.
1911 4044 2102 4105 Adelar
2136 4061 2185 4098 u.
2234 4044 2412 4097 Eoban
2469 4040 2732 4109 gefuuden

480 4115 587 4169 und
625 4115 680 4167 in
717 4116 809 4167 der
845 4131 951 4167 neu
988 4114 1235 4167 erbauteu
1271 4115 1469 4167 Kirche
1504 4114 1700 4166 wieder
1737 4114 2032 4180 beigesetzt.
2105 4113 2297 4165 Adelar
2331 4112 2429 4166 soll
2465 4113 2558 4163 der
2592 4114 2731 4163 erste

480 4200 581 4237 von
618 4184 833 4236 Bonilaz
870 4184 1187 4250 eingesetzte
1223 4183 1442 4235 Bischof
1482 4182 1684 4235 Erfurts
1737 4199 1975 4249 gewesen
2023 4182 2148 4234 sein.
2289 4183 2309 4213 ⁴
2342 4180 2588 4246 UrbicUS,
2624 4178 2730 4231 Ur-

482 4252 610 4305 bans
630 4253 835 4305 Diener.
875 4252 923 4307 S.
947 4253 1047 4305 289
1069 4254 1128 4305 A.
1153 4255 1195 4305 1.
1306 4256 1325 4284 ⁵
1360 4252 1552 4304 Mai-tin
1589 4251 1780 4315 Schilo,
1818 4250 2048 4303 Mutians
2083 4250 2186 4303 Erf.
2225 4250 2552 4303 Prokurator.
2611 4247 2730 4314 Vgl.

482 4322 533 4375 S.
571 4322 675 4373 408
711 4324 771 4373 A.
809 4325 857 4373 5.
997 4323 1019 4352 ⁶
1054 4321 1245 4372 Bernh.
1293 4320 1536 4374 Hersfcld
1584 4320 1947 4387 (Hirschfeld),
1984 4319 2252 4372 kursachs
2291 4319 2393 4371 Rat
2429 4318 2534 4369 und
2573 4316 2733 4369 Cubi-

482 4389 726 4442 cularius.
798 4389 916 4456 Vgl.
954 4390 1011 4441 G.
1052 4406 1101 4442 v.
1140 4390 1548 4444 Hirschfeld.
1593 4389 1691 4441 Die
1737 4388 2106 4457 Beziehungen
2161 4388 2388 4441 Luthors
2433 4404 2481 4440 u.
2533 4402 2572 4438 s.
2627 4386 2732 4437 Ge-

478 4457 679 4513 mahlin
696 4458 985 4513 Katharina
1013 4476 1061 4512 v.
1102 4458 1239 4511 Bora
1273 4474 1367 4511 zur
1400 4458 1621 4511 Familie
1655 4474 1761 4511 von
1795 4457 2108 4511 Hirschfeld.
2146 4456 2270 4525 Lpz.
2293 4456 2440 4511 1883.
2480 4454 2534 4509 S.
2558 4456 2658 4508 153
2679 4455 2733 4509 ff.
