3084 4895
513 382 641 492 660
1201 400 1306 480 Der
1342 426 1635 493 gedruckte
1683 426 2065 481 Briefwechsel.

605 602 719 651 Pia
755 600 1137 659 querimonia.
1174 611 1315 649 oum
1351 598 1626 647 officiosa
1660 601 2029 660 purgatione
2065 601 2146 649 ad
2179 602 2466 661 Langum
2503 603 2685 651 theo-

1172 685 1379 745 logum
1415 684 1921 735 Erbfordieneem
1957 686 2100 736 ete.¹

718 796 850 877 Ego
901 818 1065 872 vero,
1113 799 1198 860 mi
1243 797 1477 879 Lange,
1537 798 1850 860 neminem
1913 797 2298 881 reprehendo
2365 800 2777 861 nominatim.

514 885 639 967 nisi
708 885 867 947 forte
928 884 1199 947 neminis
1268 884 1515 965 culpam
1583 885 1992 947 extimescere
2038 907 2151 965 par
2195 886 2298 947 sit.
2389 885 2604 947 Mirari
2670 907 2780 946 me

521 968 743 1048 fateor,
790 992 915 1052 quo
962 972 1199 1033 semine
1244 971 1576 1051 proveniat
1619 971 1742 1033 ista
1787 971 1951 1034 mala
1985 971 2179 1033 herba
2208 972 2434 1033 veneni
2466 992 2775 1053 praesen-

518 1056 770 1121 tissimi.
801 1068 828 1096 ⁸
916 1055 1181 1120 Penitus
1227 1058 1426 1137 quieti
1473 1078 1571 1119 me
1618 1057 1848 1129 dedidi,
1895 1058 2108 1138 procul
2157 1057 2236 1119 ab
2285 1057 2456 1119 omni
2504 1065 2775 1119 conten-

513 1144 709 1221 tione,
773 1141 987 1224 procul
1037 1148 1107 1206 ut
1155 1143 1323 1205 nosti
1369 1165 1405 1205 a
1452 1144 1757 1205 conviciis
1804 1148 1866 1207 et
1913 1142 2057 1217 bile,
2121 1151 2184 1206 et
2241 1148 2451 1205 tamen
2519 1144 2773 1205 inventi

514 1234 667 1293 sunt
709 1228 1017 1311 turgiduli
1074 1228 1257 1292 nobis
1320 1230 1542 1310 iniqui,
1605 1228 2077 1312 Tranquillitati
2139 1252 2378 1310 graves,
2472 1227 2772 1310 Obliquis

515 1317 871 1392 sententiis,
919 1313 1095 1379 falsis
1156 1315 1626 1396 suspicionibus
1687 1315 2003 1396 complent
2070 1316 2300 1378 omnia.
2395 1315 2772 1378 Abutuntur

518 1400 789 1465 lenitate·
830 1407 1065 1477 nostra,
1113 1401 1296 1482 quasi
1342 1424 1440 1465 me.
1485 1402 1701 1476 lateat,
1749 1423 1873 1482 quo
1920 1400 2266 1465 christiana
2311 1400 2559 1463 differat
2593 1407 2773 1464 tran-

518 1488 802 1569 quillitas
848 1488 928 1551 ab
970 1488 1224 1551 ethnica
1271 1491 1334 1549 et
1376 1487 1788 1551 Democritea.
1867 1487 2094 1550 Merito
2128 1492 2474 1569 parcerent,
2509 1489 2561 1549 si
2597 1488 2768 1550 docti

515 1578 666 1637 sunt
709 1574 1016 1649 homineS,
1080 1574 1212 1637 viro
1258 1575 1656 1642 mediocriter
1717 1574 1932 1652 doct-03
1979 1575 2032 1636 si
2079 1574 2337 1647 indocti,
2401 1575 2770 1656 presbytero

516 1662 835 1724 communi
880 1660 1149 1743 principi
1196 1660 1501 1742 subjecto,
1551 1660 1742 1729 etiam
1788 1661 1870 1722 ob
1916 1660 2154 1740 ingenii
2211 1659 2566 1735 candorem,
2632 1681 2769 1722 mo-

516 1747 904 1810 derationem
954 1746 1120 1809 vitae
1167 1747 1531 1825 cumprimis
1581 1768 1724 1809 caro
1771 1755 1834 1809 et
1870 1746 2170 1827 jucundo.
2247 1746 2451 1809 Unius
2485 1746 2770 1810 civitatis

514 1854 749 1896 sumus.
842 1832 937 1894 An
986 1831 1110 1895 alio
1152 1832 1289 1913 jure
1338 1832 1944 1914 WittenbergenseS,
1990 1833 2095 1896 alii
2143 1830 2454 1895 Gotthani
2488 1834 2768 1895 vivunt‘?

514 1917 696 1981 Colui
756 1918 1103 1981 Lutherum
1151 1925 1215 1983 et
1262 1917 1636 2001 Stupitium,
1699 1924 2040 1999 antequam
2104 1918 2398 2000 Philippo
2461 1919 2763 1981 salarium

517 2004 971 2067 decerneretur.
1063 2004 1262 2068 Deum
1296 2006 1487 2080 oravi,
1524 2010 1596 2067 ut
1626 2006 1956 2086 gymnasio
1988 2005 2290 2086 principis
2321 2007 2768 2085 graecanicum

516 2092 693 2153 daret
738 2090 1174 2172 professorem.
1250 2090 1609 2154 Exauditae
1655 2096 1805 2154 sunt
1852 2113 2064 2173 preces
2110 2096 2382 2153 nostrae.
2461 2091 2768 2173 Princeps

517 2178 682 2240 votis
726 2177 972 2253 adnuit,
1023 2176 1194 2240 fovet
1240 2178 1564 2241 alumnum
1614 2176 1977 2259 CapnioniS.
2073 2177 2309 2253 Laudo,
2357 2180 2596 2257 gratias
2643 2199 2765 2258 ago

515 2264 871 2339 continuas
920 2262 1357 2326 commendare
1403 2284 1530 2327 non
1579 2264 1817 2327 desino.
1909 2262 2114 2325 Testis
2158 2262 2547 2345 SpalatinuS,
2581 2265 2768 2326 testis

513 2349 728 2413 Jonas.
820 2349 994 2425 Quae
1063 2371 1201 2411 cum
1254 2346 1363 2412 'ita
1430 2349 1728 2426 habeant,
1799 2348 2141 2430 stupefacit
2195 2373 2294 2412 me
2355 2371 2566 2413 rumor
2631 2372 2766 2413 esse

517 2437 763 2519 aliquos
807 2437 873 2501 in
924 2435 1180 2500 cohorte
1227 2435 1699 2518 discipulorum,
1748 2437 1856 2518 qui
1903 2460 1938 2499 a
1985 2436 2298 2518 sapientia
2337 2436 2764 2520 praeceptoris

515 2524 926 2587 eruditissimi
970 2523 1383 2586 abhorrentes
1429 2524 1684 2586 turbare
1733 2525 1941 2586 nescio
1990 2523 2142 2604 quid
2186 2524 2251 2585 in
2301 2531 2518 2586 nostra
2565 2523 2766 2586 Tran-

515 2610 831 2691 quillitate
905 2631 1031 2674 non
1098 2609 1410 2672 dubitent.
1514 2609 1606 2672 Ea
1674 2633 1771 2672 res
1838 2630 2008 2672 meos
2077 2611 2432 2673 contristat.
2525 2609 2765 2673 Pusilla

516 2717 741 2775 causa;
796 2700 1023 2760 tamen·
1058 2697 1112 2758 si
1159 2697 1465 2778 negligaS,
1514 2695 1890 2759 sollicitabit
1920 2697 1948 2734 b
2001 2694 2305 2776 plurimos
2363 2703 2426 2759 et
2480 2717 2763 2759 summos

516 2783 701 2845 viros.
798 2781 992 2864 „Mihi
1037 2781 1229 2846 ferme
1278 2804 1445 2844 nunc
1492 2791 1637 2846 acta
1684 2786 1781 2845 est
1825 2779 2092 2859 aetas“,²
2143 2782 2368 2844 luctari
2415 2805 2540 2845 non
2588 2783 2764 2845 libet.

516 2866 673 2934 Cani
702 2880 727 2907 ⁰
788 2868 1063 2935 suadent
1106 2870 1161 2931 si
1204 2889 1332 2932 non
1381 2869 1698 2942 inertiam,
1758 2873 1970 2931 tamen
2033 2869 2230 2930 otium
2279 2873 2342 2930 et
2386 2869 2584 2931 lenem
2649 2869 2762 2930 ad-

514 2977 730 3017 versus
788 2955 1075 3018 convicia
1135 2956 1444 3036 spiritum.
1539 2954 1851 3036 Objicitur
1912 2953 2083 3029 mihi,
2151 2955 2316 3035 quod
2381 2956 2444 3017 in
2493 2955 2766 3036 epistola

516 3038 819 3122 quadam²⁸
866 3039 1196 3104 Erasmum
1244 3046 1307 3104 et
1356 3041 1712 3123 Philippum
1764 3039 2040 3104 liuthero
2073 3042 2464 3104 contulerim.
2497 3041 2526 3078 ‘¹
2598 3040 2762 3116 Quid

516 3147 683 3189 nunc
728 3126 959 3208 agam?
1047 3126 1185 3189 Non
1237 3148 1351 3207 ego
1400 3127 1615 3203 debui,
1662 3147 1824 3208 quae
1863 3127 2180 3200 sentirem,
2217 3128 2408 3189 libere
2441 3127 2762 3189 scribere?

516 3213 583 3276 Si
630 3235 816 3294 quem
862 3213 1145 3286 offendit,
1194 3214 1362 3293 quod
1408 3213 1652 3276 adulari
1710 3214 2002 3286 nesciam,
2067 3213 2525 3276 obtrectatores
2589 3234 2764 3274 meos

516 3299 737 3362 feram:
786 3301 839 3362 is
885 3300 1145 3362 omnino
1192 3321 1414 3362 caecus
1462 3305 1560 3362 est
1605 3305 1667 3361 et
1715 3321 1810 3361 me
1842 3300 2093 3379 ignorat
2125 3304 2188 3361 et
2220 3299 2452 3362 frustra
2487 3299 2757 3380 lapidem

517 3383 821 3449 verberat.
912 3384 1049 3449 Non
1121 3391 1457 3468 conceptas
1524 3387 1803 3448 omnium
1875 3386 2204 3466 opiniones
2271 3407 2530 3466 sequor:
2601 3408 2757 3466 pau·

515 3492 728 3534 corum
762 3471 1140 3535 auctoritate
1172 3471 1382 3536 ducor.
1478 3472 1557 3534 At
1592 3473 1642 3534 si
1675 3477 2004 3553 propterea
2041 3473 2219 3534 nobis
2255 3472 2756 3535 [lutheranorum

515 3557 752 3620 invidia
797 3557 1125 3622 subeunda
1170 3567 1285 3636 est,
1333 3561 1418 3621 sit
1461 3559 1615 3621 levis
1662 3580 1831 3621 error
1877 3564 1940 3620 et
1986 3560 2166 3620 venia
2214 3559 2462 3639 dignus
2542 3558 2761 3638 Neque

651 3774 677 3802 a
704 3760 982 3828 pfitissimi.
1056 3759 1249 3814 Kolde:
1291 3762 1642 3830 perditissimi.
1784 3767 1812 3804 b
1841 3762 2133 3816 solicitabit.
2275 3780 2298 3806 e
2328 3761 2455 3814 Gavi
2491 3760 2664 3812 Kolde.

514 3831 542 3870 d
571 3830 905 3896 praetulerim
939 3830 1111 3882 Kolde.

514 3916 705 3984 richtig
740 3916 791 3967 in
830 3916 923 3968 das
959 3916 1005 3970 J.
1046 3916 1180 3969 1524
1222 3920 1434 3985 gesetzt.
1507 3917 1615 3968 Das
1651 3917 1697 3968 J.
1739 3917 1866 3969 1521
1915 3917 2111 3986 ergiebt
2157 3917 2274 3969 sich
2322 3916 2418 3968 mit
2461 3915 2762 3968 Sicherheit

514 4001 612 4038 aus
646 3986 767 4037 dem
802 3986 922 4053 folg.
962 3984 1066 4052 Br.,
1103 3986 1195 4037 der
1230 3987 1322 4038 auf
1354 3987 1533 4038 diesen
1569 3985 1753 4052 Bczug
1775 3987 1966 4038 n'unmt
1989 3988 2095 4039 und
2121 3987 2222 4038 den
2246 3985 2484 4038 kiirzlich
2512 3986 2760 4052 erfolgten

513 4054 785 4122 Weggang
838 4055 929 4106 des
984 4055 1159 4122 JonaS,
1209 4053 1392 4107 Crotus
1427 4073 1476 4109 u.
1516 4065 1568 4107 a:
1602 4055 1780 4123 (15:21)
1818 4057 2064 4121 erwahnt,
2111 4055 2248 4107 auch
2284 4057 2376 4107 auf
2408 4055 2490 4107 die
2529 4055 2764 4106 Effurter

516 4123 725 4176 Wirren
762 4125 854 4176 des
890 4123 1155 4176 Sommers
1192 4124 1338 4182 1521,
1376 4123 1469 4177 das
1504 4140 1676 4192 sogen.
1716 4124 2168 4183 Pfaffenstiirmen,
2205 4123 2444 4190 anspielt.
2495 4115 2638 4176 Uber
2674 4124 2759 4176 die

513 4193 745 4246 Erfurter
796 4192 1156 4245 Verhz'iltnisse
1193 4192 1284 4245 des
1319 4193 1365 4246 J.
1409 4193 1533 4245 1521
1576 4210 1639 4245 zu
1681 4193 1882 4260 diesem
1931 4193 2034 4244 und
2083 4193 2182 4243 den
2231 4193 2349 4259 folg.
2399 4192 2606 4245 Briefen
2652 4191 2760 4259 vgl.

512 4261 644 4315 Kra
660 4277 794 4328 use,
849 4261 975 4315 Eob.
1032 4261 1183 4316 Hess,
1233 4261 1274 4318 Ι,
1329 4261 1431 4315 330
1476 4262 1529 4313 ff.
1676 4264 1691 4293 ¹
1729 4265 1953 4314 Ausserc
1991 4262 2230 4313 Adresse.
2373 4262 2392 4293 ²
2430 4262 2610 4313 Worte
2665 4263 2760 4312 des

513 4329 689 4383 Philto
725 4331 800 4382 im
834 4330 1169 4383 Trinummus
1206 4331 1297 4382 des
1333 4331 1505 4384 Plaut.
1542 4331 1610 4388 ΙΙ,
1649 4331 1695 4382 2.
1840 4333 1859 4362 ³
1892 4331 2042 4383 Kann
2091 4331 2252 4394 nicht,
2290 4330 2391 4381 wic
2427 4330 2592 4382 Koldc
2639 4347 2760 4382 ver-

512 4403 695 4462 mutet,
752 4401 843 4451 der
878 4398 961 4450 Br.
1001 4415 1065 4451 an
1102 4399 1350 4452 Erasmus
1388 4418 1436 4455 v,
1478 4403 1521 4454 1.
1553 4400 1694 4451 Marz
1736 4399 1868 4452 1524
1904 4400 2030 4457 sein,
2083 4400 2148 4451 da
2195 4400 2288 4450 dei·
2334 4399 2450 4451 hier
2496 4401 2756 4467 gemeinte

508 4468 646 4520 nach
684 4467 1011 4535 Wittenberg
1046 4468 1299 4536 gerichtet
1336 4486 1457 4536 war,
1494 4468 1769 4522 vielleicht
1803 4485 1868 4521 an
1912 4469 2070 4522 Jonas
2108 4468 2232 4521 oder
2268 4467 2527 4521 Camerar.
