3084 4895
443 412 569 477 648
1126 410 1236 463 Der
1272 407 1568 476 gedruckte
1607 406 1993 463 Brietwechsel.

443 594 500 630 er
534 577 649 631 eine
682 578 809 630 holte
846 577 1102 646 Meimmy
1135 579 1241 639 kat,
1280 578 1407 630 ohne
1447 578 1559 631 elzm
1579 578 1762 645 jedoch
1799 577 1860 629 in
1896 578 2035 631 allen
2069 577 2322 639 Pvmkten,
2372 577 2710 629 nez-mendich

634 664 695 698 m
728 647 821 699 der
867 647 966 699 Ver
966 648 1201 715 uerfmey
1237 648 1326 699 cler
1352 647 1680 715 piibstlichen
1713 646 2033 714 Dela-etalem,
2071 645 2470 699 beixustimmen
2475 649 2508 711 .)

512 760 1052 813 Excellentissimo
1074 763 1443 814 ,doctissimo
1479 762 1891 821 undecunque
1926 762 2063 811 viro
2098 762 2383 811 mutiano
2417 760 2636 818 Ruff0‚

501 846 860 907 politiorum
886 859 915 888 ὃ
950 848 1274 898 literarum
1308 848 1601 907 antistiti,
1636 848 1836 899 Gotae
1873 848 2104 908 agenti,
2138 860 2276 897 meo
2311 848 2510 897 amico
2545 847 2646 895 in-

1399 934 1752 994 tegerrimo.

652 1040 936 1106 Salutem
998 1043 1269 1111 dicit.b¹
1364 1043 1496 1125 Ego
1561 1045 1837 1117 tametsi,
1907 1042 2245 1107 Mutiane⁰
2311 1043 2706 1119 doctissime,

450 1128 688 1191 Phoebi
728 1128 957 1210 jaculis
1018 1128 1136 1192 hoc
1199 1152 1365 1193 anno
1433 1132 1694 1193 nimium
1767 1131 2132 1210 impeditus,
2201 1130 2371 1212 quod
2437 1151 2706 1191 uxorem

450 1215 922 1278 dilectissimam
972 1223 1034 1278 et
1080 1214 1339 1279 liberos²
1388 1217 1702 1279 amiserim
1750 1224 1943 1296 atque
2003 1217 2158 1279 adeo
2224 1216 2710 1278 calamitatibus

450 1306 695 1365 tantum
734 1323 857 1364 non
892 1308 1332 1382 prosternerer,
1377 1312 1589 1365 tamen
1640 1302 2090 1366 selectissimae
2135 1302 2431 1365 dictionis
2479 1302 2710 1364 literae

449 1410 547 1449 me
597 1408 890 1469 magnum
927 1389 989 1450 in
1027 1388 1279 1451 modum
1330 1390 1790 1461 instaurarunt,
1836 1389 2071 1470 quibus
2119 1393 2388 1451 veterem
2420 1408 2710 1468 agnosco

448 1473 741 1543 amicum,
790 1478 854 1536 et
896 1475 1088 1537 talem
1148 1474 1441 1547 amicum,
1507 1496 1634 1557 quo
1690 1474 1846 1537 mihi
1910 1496 2091 1538 nemo
2137 1474 2303 1537 alius
2347 1474 2543 1536 fuerit
2587 1472 2710 1535 ob-

448 1561 832 1635 servatior,d
894 1565 1125 1642 utputa
1172 1562 1310 1637 viri,
1368 1561 1546 1644 cujus
1592 1561 1686 1623 vel
1737 1562 1958 1624 umbra
2024 1561 2199 1624 laudi
2266 1582 2400 1623 esse
2466 1568 2705 1641 posset.

448 1646 642 1709 Faxit
700 1647 874 1724 deus,
924 1655 996 1710 ut
1042 1645 1335 1711 felicibus
1380 1648 1530 1711 fatis
1578 1647 1971 1711 fortunatum
2038 1670 2260 1711 aevum
2331 1647 2652 1728 transigas
2683 1657 2710 1685 ⁰

449 1737 826 1813 nostraeque
871 1734 1069 1797 aetati
1114 1734 1213 1814 (ut
1252 1734 1380 1815 jam
1430 1735 1536 1797 diu
1587 1734 1792 1807 fuisti)
1840 1736 1904 1797 in
1953 1734 2184 1797 multos
2248 1754 2448 1796 annos
2494 1740 2558 1795 et
2605 1755 2710 1794 or-

448 1823 745 1881 namento
770 1821 857 1882 sis
882 1827 944 1881 et
973 1820 1251 1883 utilitati.
1301 1820 1479 1897 Quod
1512 1820 2130 1885 Lucubratiunculas
2151 1816 2210 1861 f³
2259 1841 2426 1882 meas
2457 1819 2712 1900 magni-

448 1905 626 1978 faciS,
684 1904 1103 1969 humanitatis
1165 1913 1314 1969 tuae
1370 1912 1499 1987 est;
1567 1912 1841 1970 ceterum
1913 1906 2072 1969 nihil
2140 1907 2382 1970 habent
2446 1906 2710 1969 lucerna

448 1991 707 2073 dignum
757 1998 821 2054 et
864 1992 1001 2054 oleo
1050 1992 1199 2056 licet
1236 1993 1429 2076 justis
1477 1994 1591 2056 viri
1640 1995 1936 2075 operibus
1983 1992 2362 2075 congesturi.
2393 2003 2424 2041 8
2489 1990 2558 2055 Si
2608 2015 2710 2054 me

452 2078 627 2141 dolor
674 2079 1057 2143 domesticus
1121 2102 1245 2143 non
1308 2081 1773 2163 praeriperet,h
1844 2080 2096 2144 futurus
2164 2081 2426 2161 inquam
2497 2100 2710 2141 annus

448 2165 609 2239 edet,
658 2165 980 2247 praeludet
1028 2171 1090 2229 et
1136 2167 1463 2230 advocatis
1512 2168 1590 2246 (si
1639 2168 1749 2250 qui
1795 2168 1926 2233 sint
1957 2167 2066 2250 qui
2101 2166 2496 2240 cavillentur,
2546 2166 2709 2227 nihil

454 2250 607 2315 mihi
654 2275 752 2315 res
798 2257 912 2315 est..
1011 2254 1318 2317 Advocati
1362 2260 1512 2317 sunt
1560 2259 1624 2317 et
1669 2250 1826 2317 nihil
1872 2254 2078 2317 secius
2125 2274 2316 2334 quam
2364 2252 2705 2329 advocati).

449 2336 796 2410 Budaeus!
844 2339 1024 2421 cujus
1064 2340 1468 2405 Antinomias
1502 2341 1680 2419 elusi,
1715 2340 1874 2403 male
1907 2340 2180 2422 angitur,
2217 2343 2282 2401 et
2313 2360 2452 2401 cum
2486 2338 2709 2401 cedere

452 2424 549 2489 liti
610 2430 891 2507 cogatur,
958 2428 1184 2510 partim
1244 2432 1582 2509 personata
1644 2427 1847 2492 laudis
1913 2451 2101 2491 scena
2172 2424 2435 2507 obliquo
2504 2425 2704 2488 ductu

454 2534 549 2574 me
596 2514 859 2592 appetit,
913 2515 1141 2595 partim
1175 2516 1441 2596 apertim
1474 2516 1609 2595 agit
1641 2514 1967 2587 conviciis,
2016 2513 2321 2577 mimumi
2377 2535 2474 2575 me
2517 2533 2704 2575 suum

452 2598 850 2681 appellitans,
920 2601 1022 2663 cui
1088 2622 1211 2663 non
1276 2603 1574 2681 segniter,
1638 2600 1746 2662 sed
1794 2622 1906 2682 pro
1953 2600 2269 2664 Germana
2333 2599 2706 2682 integritate

452 2686 544 2749 ita
588 2687 902 2768 respondi,
953 2692 1025 2751 ut
1071 2688 1340 2769 experiri
1387 2686 1572 2750 facile
1617 2688 1820 2769 possit
1863 2687 2118 2769 ignotos
2165 2708 2288 2750 non
2338 2685 2522 2750 facile
2567 2707 2706 2748 esse

456 2773 884 2836 attentandos
977 2773 1285 2837 Misissem
1355 2774 1476 2836 tibi
1524 2779 1588 2837 et
1632 2774 1838 2836 suask
1899 2779 1962 2836 et
2008 2795 2178 2838 meas
2244 2773 2458 2836 literas
2525 2770 2705 2853 (sunt

461 2858 625 2921 enim
699 2859 1233 2941 prolixiusculae),
1296 2860 1405 2922 sed
1455 2865 1648 2943 negat
1709 2860 2099 2924 tabellarius.
2193 2859 2381 2922 Forte
2448 2858 2704 2922 fortuna

455 2945 534 3006 ad
610 2943 984 3010 Corinthum
1014 2946 1069 2986 ¹⁵
1155 2952 1438 3010 nostrum
1530 2946 1926 3030 profecturus
2015 2967 2384 3010 commoror.
2503 2943 2706 3025 Super

454 3031 755 3109 Luthem,
802 3034 933 3096 viro
1001 3034 1283 3096 omnium
1352 3033 1822 3111 candidissimO,
1870 3033 2023 3114 quid
2083 3032 2330 3115 judices
2398 3031 2704 3113 (judicare

454 3123 665 3182 autem
736 3120 899 3182 mala
947 3120 1023 3182 de
1069 3120 1219 3183 viris
1265 3119 1449 3182 bonis
1516 3143 1644 3192 non
1705 3119 1932 3201 potes),
1999 3121 2156 3182 scire
2226 3119 2428 3201 cupio.
2518 3116 2706 3198 Apud

460 3210 774 3269 nostrates
819 3208 1168 3271 Germanos
1217 3228 1401 3289 super
1450 3205 1566 3268 hoc
1612 3205 1866 3268 homine
1911 3206 2168 3288 (beroen
2216 3205 2437 3269 merito
2498 3203 2704 3266 nomi-

462 3293 763 3370 naverirn)
823 3293 1082 3356 mirifice
1144 3294 1440 3356 variatur.
1534 3292 1846 3375 Quicquid
1910 3293 2178 3374 purioris
2241 3299 2338 3356 est
2382 3290 2704 3354 doctrinae

460 3379 523 3440 in
571 3379 753 3442 terris
799 3380 1051 3450 nostriS,
1098 3379 1443 3442 liutherum
1492 3379 1780 3461 sequitur
1825 3380 1961 3478 sine
2007 3379 2270 3442 delectu.
2361 3377 2446 3440 At
2487 3397 2706 3439 mona-

460 3463 717 3528 chorum
768 3464 959 3529 factio
1006 3465 1266 3549 ejusque
1326 3465 1567 3528 ordinis
1632 3465 1910 3546 theologi
1896 3487 1935 3542 1,
2003 3486 2164 3546 quos
2224 3464 2708 3528 scholasticosm

462 3548 817 3629 nominant,
865 3553 1149 3635 exceptis
1198 3557 1408 3614 tamen
1455 3552 1677 3615 multis
1722 3553 1936 3634 probis
1981 3552 2132 3615 viris
2163 3573 2304 3616 eum
2338 3551 2710 3614 damnatum

460 3638 746 3720 cupiunt.
837 3637 1107 3702 Nostrae
1151 3637 1510 3702 academiae
1556 3637 1840 3721 theologi
1885 3639 2009 3704 duo
2055 3638 2174 3700 viri
2238 3636 2599 3720 probissimi
2643 3639 2712 3700 et

597 3908 624 3936 a,
650 3894 971 3961 policiarum.
1073 3900 1100 3936 b
1129 3895 1244 3947 dico
1289 3894 1489 3947 Gillert.
1588 3909 1611 3936 c
1640 3895 1896 3946 Muciano.
1992 3898 2020 3935 d
2048 3893 2394 3946 observacior.
2489 3905 2514 3933 ο
2541 3893 2713 3944 trans-

462 3963 583 4030 igat
732 3967 753 4004 f
776 3963 1281 4018 lucubraciunculaS.
1424 3977 1452 4014 s
1482 3963 1735 4031 questuri,
1793 3963 2022 4016 dar-iiber
2081 3961 2390 4029 congesturi.
2487 3959 2711 4012 Gillert:

462 4031 710 4100 questuri.
854 4037 883 4074 h
912 4034 1209 4100 fir-erepmit.
1364 4036 1379 4074 i
1408 4032 1662 4085 animum.
1741 4032 1957 4084 Giclert:
2003 4032 2240 4084 mimum.
2381 4034 2411 4071 k
2441 4031 2572 4082 tuas.

460 4105 475 4143 ¹
512 4101 817 4154 Carinthum
864 4102 1063 4170 Gale-rt
1204 4116 1248 4142 m
1277 4101 1597 4154 scolasticos

603 4172 616 4200 ¹
655 4169 865 4222 Gille1ts
918 4161 1202 4238 Anderung
1252 4170 1368 4224 dico
1418 4170 1627 4222 erweist
1679 4171 1797 4222 sich
1852 4169 2019 4221 durch
2078 4167 2466 4236 Welgleichung
2517 4166 2719 4244 gleich-

459 4240 735 4292 lautender
771 4240 1151 4292 Giussformeln
1169 4191 1257 4306 ἧι.
1296 4239 1355 4292 Β.
1394 4239 1621 4318 Riegger
1654 4257 1700 4308 p.
1745 4241 1863 4304 190)
1899 4240 1976 4290 als
2012 4239 2152 4304 irng.
2297 4238 2316 4268 ²
2352 4236 2473 4289 Wir
2523 4236 2722 4288 wissen

464 4325 563 4360 nur
616 4325 737 4362 10111
792 4309 928 4362 Tode
977 4311 1069 4361 der
1118 4309 1293 4361 Gattin
1330 4310 1441 4360 und
1479 4310 1628 4378 cinos
1673 4309 1879 4361 Enkels
2023 4309 2042 4338 ³
2077 4307 2237 4360 Basil.
2282 4305 2428 4359 1518.
2573 4307 2593 4338 ⁴
2627 4305 2721 4358 W.

462 4377 725 4439 BudacuS,
781 4378 896 4430 Pa]
887 4393 987 4429 1301
1044 4377 1327 4444 Rechtsgcl
1330 4379 1519 4456 ehi-ter.
1594 4369 1739 4430 Uber
1791 4377 1970 4431 seincn
2023 4375 2183 4429 Streit
2239 4376 2337 4427 mit
2391 4375 2575 4428 Zasius
2609 4374 2720 4442 vgl.

458 4445 756 4514 Stinzing
790 4447 983 4500 8196
1018 4448 1071 4499 ff.
1178 4446 1455 4500 ⁰Ein1nir
1480 4451 1628 4500 sonst
1650 4447 1799 4500 nicht
1823 4447 2106 4500 bekannter
2139 4444 2348 4498 Freund
2385 4445 2478 4497 des
2513 4443 2720 4498 Zasius,
