3084 4895
431 348 556 413 316
1260 345 1435 400 Briet’e
1470 345 1563 400 des
1600 346 1649 401 J.
1689 345 1835 400 1513.

431 523 664 584 menta.
757 518 892 594 Quo
929 518 1130 600 magis
1177 518 1367 582 miror
1413 541 1537 583 non
1588 542 1724 584 esse
1770 542 1953 586 curae
1999 519 2090 583 illi
2136 541 2208 584 ac
2254 521 2670 586 sollicitudini

429 605 826 671 rumusculos
880 604 1447 688 philosophorum.¹
1538 604 1825 669 Illudunt
1880 606 1938 669 ei
1998 611 2247 690 spectra
2298 609 2465 672 mala
2510 607 2569 670 h.
2620 631 2671 670 e.

431 691 806 776 phantasiae
865 714 974 755 seu
1034 691 1526 774 imaginationes
1597 693 1990 775 depravatae.
2080 692 2243 756 Nam
2302 695 2561 758 offertur
2621 693 2681 758 ei

432 779 670 862 species
729 777 904 841 velut
962 779 1276 842 somnium
1338 778 1639 842 utilitatis
1686 784 1750 842 et
1792 779 2049 860 gloriae,
2114 801 2240 860 qua
2307 802 2419 862 spe
2484 785 2681 862 atque

430 865 678 952 fiducia·
733 864 824 926 sic
899 864 1236 942 excitatur,
1304 869 1376 928 ut
1444 864 1661 927 credat
1734 865 2043 947 optimum
2121 887 2257 929 esse
2330 866 2675 948 superbire,

432 950 958 1035 philosophastris
1018 949 1359 1032 imponere,
1429 950 1655 1014 affines
1722 952 2200 1016 circumducere.
2289 953 2389 1016 Ita
2446 953 2539 1031 fit,
2606 958 2681 1016 ut

431 1037 586 1102 mihi
652 1035 925 1118 vigilans
999 1037 1314 1100 somniare
1388 1037 1635 1118 sepulto
1702 1038 1969 1102 rationis
2034 1037 2299 1120 imperio
2364 1039 2675 1102 videatur.

431 1123 612 1188 Hanc
670 1127 882 1186 autem
943 1123 1333 1186 voluntat-em
1381 1123 1462 1186 ab
1509 1123 1776 1188 honesto
1842 1125 2098 1206 penitus
2162 1146 2449 1188 aversam
2518 1125 2679 1188 duce

437 1211 682 1274 ratione
727 1231 802 1272 ac
844 1207 1112 1273 consilio
1180 1210 1368 1273 ducet
1413 1210 1475 1271 in
1535 1210 1702 1273 viam
1767 1219 2023 1274 rectam.
2112 1210 2195 1273 Et
2240 1210 2292 1273 si
2338 1211 2469 1272 dux
2537 1211 2679 1292 ipsa

431 1297 602 1360 vitae
633 1295 794 1358 ratio
829 1295 1160 1378 consopita
1191 1295 1793 1360 commonitionibus
1826 1297 2075 1372 dormit,
2108 1301 2413 1377 sequatur
2450 1297 2677 1360 saltem

429 1389 494 1448 te
569 1381 858 1446 comitem
935 1402 1048 1445 ceu
1124 1381 1573 1457 consiliarium,
1649 1404 1727 1443 ne
1800 1383 2057 1447 omnino
2143 1405 2442 1467 praeceps
2512 1389 2674 1447 ruat.

431 1468 713 1532 Audacia
779 1466 942 1530 enim
1009 1474 1072 1530 et
1132 1468 1223 1531 ira
1287 1467 1709 1550 praecipitant
1755 1474 1817 1532 et
1863 1469 2243 1550 detorquent
2309 1469 2679 1552 plerumque

427 1553 786 1638 juventutis
853 1553 1175 1636 ingenium
1223 1554 1304 1617 ab
1351 1555 1749 1618 rectitudine.
1854 1556 1949 1618 Ad
2017 1553 2172 1618 haec
2237 1556 2387 1636 quia
2454 1577 2679 1619 caecus

431 1662 606 1705 amor
665 1640 763 1703 sui
825 1639 922 1702 vel
983 1640 1397 1722 sapientiores
1458 1641 1709 1724 decipit,
1756 1640 1897 1704 ideo
1944 1663 2087 1704 cum
2132 1640 2337 1705 doctis
2384 1642 2679 1705 et.bonis

432 1727 586 1790 viris
631 1730 781 1807 agat
827 1725 1163 1807 capiatque
1209 1727 1485 1790 salutare
1519 1727 1874 1791 consilium.
1953 1726 2189 1803 Quodsi
2222 1749 2428 1791 mores
2459 1728 2681 1810 depra-

430 1813 563 1878 vati
615 1813 713 1876 vel
772 1811 969 1875 stulta
1029 1813 1405 1893 imaginatio
1450 1812 1548 1876 vel
1596 1813 1834 1878 cerebri
1899 1813 2125 1876 vitium
2193 1813 2291 1877 vel
2357 1814 2679 1896 popularis

430 1900 644 1983 opinio
720 1897 904 1962 nobis
979 1898 1250 1962 amicum
1327 1899 1635 1978 invident,
1704 1901 1794 1963 ita
1858 1903 1931 1962 ut
1996 1899 2228 1964 rationi
2301 1904 2415 1963 aut
2488 1899 2677 1963 nobis

429 1984 787 2050 auscultare
856 2005 982 2046 non
1053 1985 1275 2067 possit,
1350 1984 1631 2068 profecto
1706 1985 2083 2050 miserabilis
2156 1991 2253 2049 est
2321 1985 2679 2071 frustraque

433 2072 718 2137 meliores
765 2070 979 2134 literas
1023 2071 1265 2136 didicit.
1359 2071 1520 2136 Vale.

739 2171 860 2228 Cod.
898 2171 1032 2228 Frcf.
1071 2173 1134 2228 27
1139 2175 1186 2231 6.

431 2363 665 2434 (Gotha.)
1478 2346 1625 2412 257.
2116 2365 2187 2432 (n.
2227 2362 2307 2418 18.
2343 2362 2469 2416 Junj
2506 2363 2681 2432 1513.)

1172 2475 1459 2546 Mutian
1495 2498 1601 2560 an
1650 2474 1923 2547 Urban.

432 2606 655 2675 (Fraude
688 2607 816 2660 iiber
849 2606 934 2660 die
980 2606 1319 2673 Verordnuny
1353 2606 1444 2659 der
1474 2605 1808 2661 sachsischen
1852 2604 2084 2659 wracen
2126 2622 2285 2673 qeyen
2317 2605 2415 2657 das
2456 2603 2685 2658 stinken

498 2677 612 2731 und
644 2676 892 2731 Fluchen.
966 2675 1318 2745 Anxic'qlickes
1353 2692 1453 2729 von
1484 2674 1598 2728 Jolz.
1638 2674 1987 2743 Sdmmerinq,
2023 2675 2114 2727 der
2148 2674 2209 2727 in
2243 2674 2421 2727 Fulda
2463 2674 2613 2739 war.)

1156 2790 1238 2840 Η.
1274 2789 1528 2840 Urbano
1567 2787 1675 2857 (M.
1710 2785 1953 2858 Rufus).

640 2901 704 2965 S.
795 2902 1060 2967 Novitas
1104 2901 1292 2967 hodie
1339 2900 1573 2986 duplex
1618 2900 1695 2965 ad
1730 2923 1830 2966 me
1861 2902 2149 2984 pervenit
2190 2906 2399 2964 tecum
2435 2903 2508 2963 ut
2536 2921 2678 2963 curn

435 2987 817 3053 amicissimo
845 2988 1388 3053 communicanda.
1451 2989 1657 3051 Duces
1682 2987 1997 3052 Saxoniae
2026 3000 2055 3027 ὃ
2084 2987 2415 3067 utriusque
2438 2986 2683 3062 domus,

433 3076 474 3137 i.
521 3097 572 3137 e.
621 3074 976 3139 Fridericus
1022 3079 1086 3139 et
1131 3074 1460 3157 Georgius,
1509 3075 1853 3138 emiserunt
1887 3095 2151 3156 magnas
2182 3072 2435 3137 tabulas
2468 3072 2683 3149 edicti,

435 3182 561 3242 quo
627 3160 1055 3243 subjectorum
1118 3183 1320 3225 mores
1390 3160 1672 3243 dirigunt
1719 3165 1785 3223 e't
1830 3166 2238 3242 componunt,
2306 3164 2441 3223 tum
2514 3158 2683 3222 blas·

437 3246 752 3329 phemiam
821 3253 954 3311 tum
1026 3248 1500 3329 propinationes
1565 3244 1965 3310 inhibendO.²
2055 3246 2410 3328 Utrumque
2476 3244 2683 3308 scelus

435 3355 560 3417 quo
637 3334 980 3415 vulgatiuS,
1055 3354 1127 3397 eo
1200 3334 1635 3415 perniciosius,
1754 3333 2035 3397 Alterum
2129 3332 2328 3396 divini
2402 3330 2687 3393 numinis

435 3420 832 3502 majestatem
893 3424 955 3483 et
1016 3419 1314 3483 coelitum
1375 3420 1793 3483 reverentiam
1858 3417 2071 3495 laedit,
2136 3419 2400 3482 alterum
2468 3415 2689 3480 foedat

436 3506 806 3585 Germanos,
894 3510 967 3570 ut
1041 3509 1294 3569 exterae
1383 3506 1674 3569 nationes
1762 3506 2077 3588 propriam
2154 3526 2228 3569 ac
2302 3502 2684 3585 peculiarem

439 3592 834 3657 nostratibus
879 3592 1415 3674 compotationem
1462 3591 1637 3655 velut
1681 3613 1949 3655 naevum
1996 3594 2061 3655 et
2107 3589 2417 3654 maculam
2473 3588 2685 3671 genti-

575 3794 602 3823 a
629 3778 663 3831 S
760 3777 890 3832 onie.

577 3850 594 3879 ¹
632 3794 757 3900 8253
789 3846 949 3901 Streit
982 3846 1080 3898 mit
1115 3847 1214 3899 deu
1247 3846 1615 3912 Philosophen.
1654 3845 1741 3897 Br.
1780 3844 1894 3898 246.
1936 3845 2050 3897 247.
2197 3846 2216 3876 ²
2250 3843 2377 3897 Dies
2410 3842 2570 3895 Edikt
2604 3858 2687 3894 er-

439 3916 621 3970 schien
657 3916 910 3981 Weimar,
945 3916 1158 3983 Montag
1191 3932 1240 3969 n.
1283 3914 1356 3969 St.
1391 3914 1503 3966 Viti
1540 3914 1643 3981 (18.
1680 3913 1828 3981 Juni)
1870 3915 2015 3966 1513.
2087 3912 2235 3966 Kurf.
2274 3911 2543 3964 Friedrich
2578 3927 2690 3963 war

437 3985 639 4039 damals
674 3986 729 4037 111
765 3985 934 4038 Gotha
971 3986 1041 4052 (v,
1083 3985 1296 4038 15—17.
1332 3983 1479 4052 Juni)
1518 3984 1628 4035 und
1664 3983 1819 4050 gieng
1854 3998 1954 4035 von
1992 3984 2060 4035 da
2094 3983 2230 4034 nach
2255 3980 2515 4034 Eisenach
2542 3979 2687 4049 (Mit-

437 4056 600 4109 teilun
672 4055 764 4107 des
800 4054 1052 4107 Weimar.
1107 4052 1528 4120 Staatsarchivs).
1602 4052 1807 4104 Mutian
1859 4051 2005 4105 hatte
2050 4052 2105 4103 in
2153 4051 2355 4103 Betreff
2399 4049 2689 4101 Reuchlins

447 4125 563 4177 eine
667 4124 988 4191 nterredung
1034 4122 1131 4175 mit
1177 4122 1307 4188 ihm,
1355 4122 1594 4173 woruber
1643 4119 1902 4173 Reuchlin
1940 4137 2025 4173 am
2061 4122 2142 4173 31.
2180 4122 2313 4187 Aug.
2352 4135 2415 4171 an
2452 4117 2690 4185 Spalatiu

448 4193 680 4247 schreibt
716 4192 998 4259 (Geiger.
1035 4191 1096 4245 R.
1135 4191 1340 4244 Briefw.
1379 4190 1510 4243 Bibl.
1551 4190 1598 4241 d.
1636 4189 1773 4243 liter.
1808 4188 2028 4241 Vereins
2052 4189 2106 4240 in
2132 4190 2401 4255 Stuttgart.
2441 4186 2686 4240 CXXVI.

435 4264 561 4317 Tiib.
603 4262 735 4315 1875
771 4261 822 4315 S.
865 4262 1011 4329 197):
1065 4260 1227 4313 »Nam
1282 4259 1516 4311 Mutiano
1571 4258 1650 4311 illi
1702 4257 1976 4325 utriusque
2032 4262 2270 4311 nostrum
2325 4256 2689 4309 amantissimo

436 4334 568 4385 haec
602 4331 766 4384 verba
799 4330 956 4383 dixit:
995 4329 1078 4396 ‚So
1113 4328 1312 4381 hallten
1349 4327 1446 4379 wir
1468 4329 1606 4380 auch
1632 4326 1889 4379 Reuchl‘m
1916 4327 2002 4380 fiir
2025 4326 2178 4381 ainen
2202 4324 2689 4379 fiirtreffennlichen

437 4416 593 4455 mann
632 4401 775 4452 vnnd
811 4398 1000 4452 wellen
1033 4398 1126 4451 Ine
1161 4398 1240 4449 nit
1275 4397 1449 4457 lassen
1483 4395 1829 4451 hinziehen‘.«
