3084 4895
1216 431 1425 486 Mutian
1462 449 1529 487 an
1568 433 1771 488 Urban.
2527 441 2605 503 21

366 609 545 668 tuum
592 606 747 668 offer
794 609 858 668 et
904 606 1139 670 dedica.
1229 605 1439 690 Atque
1471 605 1571 668 his
1603 607 1980 672 semilatinis
2026 609 2223 674 literis
2277 611 2606 676 introitum

367 691 707 773 auspicare.
801 692 1030 755 Herum
1087 697 1156 755 tu
1218 692 1410 756 facito
1472 693 1798 756 certiorem
1854 697 2336 776 quamprimum.
2428 697 2608 762 Som-

364 777 749 856 meringisa'
811 779 1093 842 absentis
1125 783 1297 842 tuam
1365 801 1617 860 operam
1674 781 2002 862 spondeas,
2057 781 2113 843 h.
2165 805 2214 845 e.
2263 782 2480 846 stilum
2545 788 2608 846 et

364 868 607 945 gratam
644 865 1025 927 memoriam.
1119 865 1281 941 Quid
1330 866 1448 929 tibi
1492 867 1928 946 praestarent?
2017 867 2157 930 Non
2205 868 2366 932 bene
2411 870 2606 932 servis

364 950 648 1013 servitur.
740 949 1114 1014 Promittere
1160 950 1527 1014 facillimum
1575 958 1689 1028 est,
1741 953 1885 1015 dare
1933 955 2115 1034 pauci
2163 955 2386 1018 solent.
2480 956 2606 1038 Ipsi

366 1037 629 1119 cupiunt
675 1036 897 1100 aliena.
992 1037 1167 1100 Adde
1226 1038 1743 1102 incertitudinem
1790 1037 1986 1102 futuri
2034 1061 2160 1103 non
2205 1041 2407 1106 solum
2467 1041 2602 1119 fati,

363 1124 470 1186 sed
518 1124 708 1186 etiam
758 1123 1038 1202 consilii,
1071 1124 1237 1204 quod
1288 1124 1355 1188 in
1402 1123 1588 1189 horas
1637 1130 1938 1188 mutatur.
2028 1126 2194 1190 Vale.

674 1224 801 1280 Cod.
837 1223 969 1279 Frcf.
1007 1225 1089 1280 60.

365 1413 553 1468 Gotha.
1439 1400 1536 1464 19.
2176 1416 2392 1486 (Herbst
2431 1419 2602 1482 1505.)

1100 1526 1388 1597 Mutian
1434 1547 1529 1596 an
1573 1526 1850 1598 Urban.

359 1653 585 1721 (Fraude
638 1653 764 1706 iiber
822 1655 1031 1708 Urbans
1081 1656 1263 1724 Abfalc
1297 1674 1404 1778 ἔρῃ
1451 1657 1550 1710 den
1594 1656 1872 1793 ljjtrbaren
1916 1657 2030 1711 und
2077 1659 2204 1710 iiber
2254 1658 2342 1710 ihr
2393 1659 2604 1712 schimes

1335 1741 1603 1780 reumvzra
1629 1769 1638 1780 .

480 1837 785 1888 Herricho
820 1839 1073 1889 Urbano
1108 1847 1457 1900 oeconomo,
1493 1841 1630 1890 viro
1667 1841 1800 1892 sine
1837 1842 2262 1893 controversia
2295 1843 2509 1893 huma.-

1148 1927 1421 1986 nissimo,
1456 1927 1546 1978 M.
1587 1924 1807 1977 Rufus·

568 2033 819 2100 Urbane
852 2037 957 2114 mi,
992 2039 1077 2100 sit
1106 2038 1225 2102 tibi
1263 2039 1423 2102 bene
1454 2039 1686 2120 detque
1721 2038 1874 2102 deus
1899 2041 2164 2100 naturae
2191 2039 2600 2120 longinquam

361 2121 553 2184 vitam
606 2125 669 2185 et
714 2144 1127 2222 quaecunque
1183 2129 1383 2207 optaS.
1474 2123 1604 2188 Nos
1661 2145 1784 2188 non
1849 2124 2008 2186 male
2069 2123 2365 2188 valemus
2456 2126 2598 2190 Misi

360 2206 688 2272 Rufinum²
734 2209 812 2272 ad
860 2210 1066 2273 vicum
1127 2209 1516 2275 Emeleiben³
1579 2233 1717 2274 cum
1787 2211 1989 2273 literis
2049 2211 2482 2292 flagitatoriis,
2531 2221 2604 2276 ut

363 2299 580 2375 pastor
626 2295 861 2359 Christi
909 2297 1117 2360 ovium
1167 2297 1483 2362 debitores
1530 2320 1703 2360 meos
1748 2298 2047 2360 mandato
2073 2297 2358 2378 judicum
2391 2299 2604 2382 appel-

365 2381 539 2444 laret.
629 2381 747 2444 Hic
786 2383 856 2446 in
903 2384 1106 2446 reditu
1152 2385 1403 2449 audisse
1438 2390 1650 2447 narrat
1683 2408 1760 2446 ex
1793 2384 2106 2465 lutifigulo
2139 2382 2304 2461 tuo‚⁴
2336 2387 2442 2467 qui
2476 2407 2600 2450 non

364 2468 578 2548 procul
628 2492 663 2531 a
713 2470 865 2532 meis
912 2471 1173 2534 aedibus
1217 2472 1276 2534 in
1330 2472 1538 2554 platea
1585 2473 1856 2553 quadam
1903 2476 2348 2535 extramurana
2394 2477 2594 2536 rotam

356 2554 682 2635 figulinam
748 2562 974 2633 versat,
1033 2560 1448 2621 adventurum
1508 2563 1595 2625 te,
1635 2580 1789 2638 craS,
1837 2557 2024 2637 idque
2086 2562 2254 2621 certo
2316 2580 2382 2622 se
2444 2560 2603 2622 scire

361 2640 723 2705 affirmavit.
814 2641 947 2723 Ego
995 2643 1397 2725 falsiloquum
1446 2645 1540 2707 vel
1587 2644 2006 2725 largiloquum
2057 2648 2395 2725 utrumque
2425 2650 2599 2727 putO.

362 2727 587 2810 Itaque
633 2733 967 2810 postquam
1017 2731 1095 2793 ad
1144 2730 1542 2812 Spalatinum
1591 2731 1832 2811 scripsi,
1880 2730 2068 2793 libuit
2100 2732 2296 2793 etiam·
2322 2736 2385 2793 te
2417 2732 2602 2795 fami-

360 2813 603 2877 liariter
668 2815 921 2897 alloqui.
1014 2816 1309 2880 Omnium
1379 2818 1643 2899 primum
1708 2838 1823 2897 age
1883 2816 1997 2879 deo
2057 2818 2314 2897 gratnm,
2376 2819 2483 2900 qui
2539 2824 2603 2881 te
2699 2854 2705 2860 ·

360 2900 792 2965 abalienatum
841 2926 876 2964 a
926 2903 1209 2966 barbaris
1257 2906 1316 2967 in
1367 2908 1666 2979 nostram,
1726 2903 1843 2966 hoc
1888 2907 1984 2965 est
2029 2902 2398 2967 Latinorum
2461 2927 2603 2967 cen-

355 2988 591 3050 turiam
642 2989 919 3071 impegit.
1014 2989 1159 3052 Mox
1208 2990 1409 3053 fruere
1455 2990 1624 3053 bono
1671 2995 1781 3052 tuo
1830 2994 1890 3051 et
1936 2990 2356 3053 auctoribusb
2403 2990 2603 3071 prole-

356 3074 540 3137 tariis
586 3078 648 3136 et
694 3075 802 3137 imi
850 3075 1133 3138 subsellii
1195 3077 1491 3139 classicos
1538 3079 1871 3158 antepone.
1969 3075 2172 3138 Habes
2217 3080 2286 3137 tu
2335 3081 2398 3139 et
2442 3076 2601 3159 Spa-

355 3160 599 3222 latinus
647 3162 1119 3224 convenientias
1168 3167 1229 3225 et
1274 3162 1845 3245 opportunissimos
1893 3182 2285 3241 cong1·essuS‚
2334 3168 2405 3226 ut
2443 3163 2602 3225 alter

354 3246 535 3309 alteri
587 3248 671 3310 sit
716 3270 945 3328 magna
979 3248 1411 3311 commoditas.
1504 3248 1595 3310 Tu
1634 3248 2010 3311 infortunati
2037 3248 2285 3329 juvenis
2318 3248 2600 3311 miserias

354 3337 681 3411 sustenta3
732 3334 835 3396 ille
882 3334 1109 3411 lautas,
1156 3334 1527 3409 luculentas,
1579 3335 1836 3397 festivas
1883 3334 2266 3415 disciplinas,
2311 3356 2470 3414 quas
2505 3335 2600 3397 vel

264 3418 270 3423 ⁴
354 3419 583 3481 summi
632 3420 918 3482 doctores
966 3419 1281 3499 ignorant,
1330 3426 1558 3497 tecum,
1609 3426 1680 3482 ut
1725 3420 1881 3483 liber
1925 3425 2041 3494 est,
2087 3419 2280 3483 libere
2325 3441 2602 3483 commu-

358 3505 622 3567 nicabit..
702 3506 752 3569 Ο
803 3505 1081 3587 lepidum
1128 3508 1505 3584 convivium,
1540 3528 1577 3569 o
1611 3528 1811 3569 raram
1846 3505 2276 3569 sodalitatem!
2340 3505 2598 3569 Utinam

355 3591 460 3655 hic
521 3612 763 3655 mecum
830 3593 1124 3655 viveretis
1169 3593 1233 3655 in
1280 3593 1600 3656 nutricatu
1661 3593 1829 3655 meo!
1922 3590 2043 3655 Sed
2115 3592 2414 3674 quoniam
2483 3592 2600 3655 hoc

355 3677 490 3739 fieri
538 3698 663 3741 non
711 3682 947 3759 potest,
997 3679 1210 3742 sedate
1260 3678 1532 3742 feramus
1580 3679 2017 3741 necessitatem
2066 3700 2328 3760 eamque
2363 3679 2600 3741 vicissi-

354 3763 579 3826 tudine
646 3763 965 3828 literarum
1039 3764 1337 3829 leniorem
1412 3766 1764 3828 reddamus.
1878 3764 2255 3827 Emissarius
2320 3764 2424 3827 ille
2490 3787 2600 3829 seu

490 3914 519 3941 a
543 3922 611 3945 z
654 3899 750 3950 den
787 3898 962 3951 beiden
999 3897 1332 3965 Sirmmeriny
1366 3898 1507 3964 (Dat.
1538 3898 1720 3965 pluit).
1860 3902 1888 3939 b
1917 3897 2239 3950 authoribus.

496 3971 513 3999 ²
558 3968 677 4021 Joh.
716 3968 1055 4035 Sommering‚
1093 3967 1358 4021 Professor
1393 3969 1485 4019 der
1518 3966 1716 4019 Rechte
1752 3968 1858 4018 und
1894 3966 2144 4020 erzbisch.
2183 3966 2370 4019 Maiuz,
2405 3965 2600 4033 Siegel-

357 4036 655 4097 bowahrer,
693 4036 836 4089 einer
870 4038 962 4089 der
995 4038 1157 4089 {sstem
1192 4036 1441 4089 Forderer
1476 4037 1567 4088 des
1603 4035 1836 4088 Erfurter
1880 4035 2261 4089 Humanismus
2313 4036 2420 4087 und
2467 4035 2603 4087 noch

356 4104 593 4159 Mutians
629 4106 1060 4171 Lohr·e1,indem
1097 4106 1267 4158 dieser
1302 4110 1437 4158 etwa
1476 4104 1604 4157 1487
1641 4105 1694 4156 in
1729 4105 1904 4156 Eifult
1938 4104 2023 4156 bei
2048 4105 2160 4156 ihm
2184 4105 2282 4156 den
2312 4103 2603 4155 Eunuchen

360 4175 452 4225 des
488 4175 680 4227 Terenz
716 4176 881 4227 horte.
954 4175 1194 4229 1312174.
1266 4175 1325 4226 In
1364 4176 1463 4227 den
1500 4178 1736 4241 spateren
1771 4173 1978 4225 Biiefen
2013 4173 2604 4249 (s.1512)bezeichnet

354 4243 446 4295 ihn
500 4243 701 4296 Mutian
757 4245 851 4296 mit
901 4244 1017 4296 dem
1067 4245 1271 4296 Namen
1333 4243 1475 4296 Cotio
1530 4244 1636 4293 und
1679 4243 1804 4294 liisst
1853 4242 1966 4294 sich
2021 4243 2197 4294 schaff
2251 4258 2411 4310 gegen
2459 4241 2600 4293 scine

354 4311 405 4363 15
408 4313 868 4379 nzuverlassigkeit
914 4330 1022 4367 auS.
1112 4303 1255 4365 Uber
1304 4314 1401 4364 den
1442 4313 1667 4378 jiingern
1725 4311 2000 4363 Gelehrten
2052 4312 2143 4363 des
2202 4312 2436 4363 Nannens
2491 4328 2523 4362 x
2526 4310 2592 4377 gl

358 4380 606 4449 Register.
751 4384 770 4415 2
806 4382 859 4435 S.
896 4384 929 4433 4
965 4386 1025 4437 A.
1068 4384 1111 4437 1.
1256 4384 1276 4413 ³
1312 4382 1442 4435 Dorf
1472 4380 1722 4433 Emleben
1759 4380 1844 4432 bei
1879 4380 2238 4447 Georgenthal.
2351 4382 2372 4411 ⁴
2408 4379 2475 4432 W
2480 4379 2598 4431 ahr-

356 4451 645 4505 scheinlich
682 4452 773 4504 der
808 4454 989 4519 spater
1026 4451 1103 4505 als
1137 4450 1356 4519 Figulus
1391 4452 1707 4517 verspottete
1745 4448 2021 4516 Giinstling
2057 4451 2147 4502 des
2183 4450 2359 4503 Abtes.
