<?xml version="1.0" encoding="UTF-8"?>
<!DOCTYPE html PUBLIC "-//W3C//DTD XHTML 1.0 Transitional//EN"
    "http://www.w3.org/TR/xhtml1/DTD/xhtml1-transitional.dtd">
<html xmlns="http://www.w3.org/1999/xhtml" xml:lang="en" lang="en">
 <head>
  <title>
</title>
<meta http-equiv="Content-Type" content="text/html;charset=utf-8" />
  <meta name='ocr-system' content='tesseract 3.04.00' />
  <meta name='ocr-capabilities' content='ocr_page ocr_carea ocr_par ocr_line ocrx_word'/>
</head>
<body>
  <div class='ocr_page' id='page_1' title='image "./derbriefwechsel02kraugoog_0269.png"; bbox 0 0 3084 4895; ppageno 0'>
   <div class='ocr_carea' id='block_1_1' title="bbox 1241 386 2667 460">
    <p class='ocr_par' dir='ltr' id='par_1_1' title="bbox 1241 386 2667 460">
     <span class='ocr_line' id='line_1_1' title="bbox 1241 386 2667 460; baseline 0.014 -20"><span class='ocrx_word' id='word_1_1' title='bbox 1241 386 1454 440; x_wconf 76' lang='lat' dir='ltr'><strong>Mutian</strong></span> <span class='ocrx_word' id='word_1_2' title='bbox 1491 403 1562 440; x_wconf 83' lang='lat' dir='ltr'><strong>an</strong></span> <span class='ocrx_word' id='word_1_3' title='bbox 1598 388 1799 444; x_wconf 83' lang='lat' dir='ltr'><strong>Urban.</strong></span> <span class='ocrx_word' id='word_1_4' title='bbox 2546 395 2667 460; x_wconf 88' lang='lat'><strong>183</strong></span> 
     </span>
    </p>
   </div>
   <div class='ocr_carea' id='block_1_2' title="bbox 381 551 2659 4129">
    <p class='ocr_par' dir='ltr' id='par_1_2' title="bbox 381 551 2659 4129">
     <span class='ocr_line' id='line_1_2' title="bbox 385 551 2647 646; baseline 0 -23"><span class='ocrx_word' id='word_1_5' title='bbox 385 579 534 639; x_wconf 78' lang='lat' dir='ltr'><strong>ergo</strong></span> <span class='ocrx_word' id='word_1_6' title='bbox 561 570 590 598; x_wconf 79' lang='lat'>⁸</span> <span class='ocrx_word' id='word_1_7' title='bbox 623 557 900 622; x_wconf 82' lang='lat' dir='ltr'><strong>Vestalis</strong></span> <span class='ocrx_word' id='word_1_8' title='bbox 943 558 1059 622; x_wconf 91' lang='lat' dir='ltr'><strong>Ilia</strong></span> <span class='ocrx_word' id='word_1_9' title='bbox 1093 583 1130 622; x_wconf 88' lang='lat' dir='ltr'><strong>a</strong></span> <span class='ocrx_word' id='word_1_10' title='bbox 1159 557 1364 623; x_wconf 81' lang='lat' dir='ltr'><strong>Mart-e</strong></span> <span class='ocrx_word' id='word_1_11' title='bbox 1409 559 1677 624; x_wconf 86' lang='lat' dir='ltr'><strong>subacta</strong></span> <span class='ocrx_word' id='word_1_12' title='bbox 1711 581 1915 643; x_wconf 90' lang='lat' dir='ltr'><strong>neque</strong></span> <span class='ocrx_word' id='word_1_13' title='bbox 1947 564 2058 624; x_wconf 88' lang='lat' dir='ltr'><strong>tua</strong></span> <span class='ocrx_word' id='word_1_14' title='bbox 2090 551 2389 646; x_wconf 75' lang='grc' dir='ltr'><em>γλαφυροέ</em></span> <span class='ocrx_word' id='word_1_15' title='bbox 2424 551 2647 624; x_wconf 81' lang='grc' dir='ltr'><strong><em>λευκό-</em></strong></span> 
     </span>
     <span class='ocr_line' id='line_1_3' title="bbox 385 641 2652 729; baseline 0.003 -23"><span class='ocrx_word' id='word_1_16' title='bbox 385 641 602 728; x_wconf 77' lang='grc' dir='ltr'><strong><em>ροδον.</em></strong></span> <span class='ocrx_word' id='word_1_17' title='bbox 695 643 874 719; x_wconf 86' lang='lat' dir='ltr'><strong>Quod</strong></span> <span class='ocrx_word' id='word_1_18' title='bbox 937 648 1148 708; x_wconf 89' lang='lat' dir='ltr'><strong>autem</strong></span> <span class='ocrx_word' id='word_1_19' title='bbox 1211 646 1292 708; x_wconf 88' lang='lat' dir='ltr'><strong>ad</strong></span> <span class='ocrx_word' id='word_1_20' title='bbox 1337 646 1487 710; x_wconf 82' lang='lat' dir='ltr'>Iliae</span> <span class='ocrx_word' id='word_1_21' title='bbox 1547 647 1946 729; x_wconf 85' lang='lat' dir='ltr'><strong>puerperium</strong></span> <span class='ocrx_word' id='word_1_22' title='bbox 2004 647 2302 728; x_wconf 75' lang='lat' dir='ltr'><strong>pertinet,</strong></span> <span class='ocrx_word' id='word_1_23' title='bbox 2364 649 2497 711; x_wconf 85' lang='lat' dir='ltr'><strong>sive</strong></span> <span class='ocrx_word' id='word_1_24' title='bbox 2544 649 2652 712; x_wconf 91' lang='lat' dir='ltr'><strong>illa</strong></span> 
     </span>
     <span class='ocr_line' id='line_1_4' title="bbox 382 728 2649 813; baseline 0.002 -19"><span class='ocrx_word' id='word_1_25' title='bbox 382 730 559 811; x_wconf 83' lang='lat' dir='ltr'><strong>genii</strong></span> <span class='ocrx_word' id='word_1_26' title='bbox 603 728 874 810; x_wconf 86' lang='lat' dir='ltr'><strong>alicujus</strong></span> <span class='ocrx_word' id='word_1_27' title='bbox 921 731 1054 792; x_wconf 88' lang='lat' dir='ltr'><strong>sive</strong></span> <span class='ocrx_word' id='word_1_28' title='bbox 1099 730 1388 794; x_wconf 89' lang='lat' dir='ltr'><strong>mortalis</strong></span> <span class='ocrx_word' id='word_1_29' title='bbox 1419 732 1637 813; x_wconf 89' lang='lat' dir='ltr'><strong>potius</strong></span> <span class='ocrx_word' id='word_1_30' title='bbox 1668 752 2032 813; x_wconf 88' lang='lat' dir='ltr'><strong>compressu</strong></span> <span class='ocrx_word' id='word_1_31' title='bbox 2066 753 2427 812; x_wconf 86' lang='lat' dir='ltr'><strong>praegnans</strong></span> <span class='ocrx_word' id='word_1_32' title='bbox 2459 732 2649 811; x_wconf 85' lang='lat' dir='ltr'><strong>facta,</strong></span> 
     </span>
     <span class='ocr_line' id='line_1_5' title="bbox 383 814 2657 898; baseline 0.001 -19"><span class='ocrx_word' id='word_1_33' title='bbox 383 815 496 879; x_wconf 90' lang='lat' dir='ltr'><strong>ubi</strong></span> <span class='ocrx_word' id='word_1_34' title='bbox 543 836 610 878; x_wconf 87' lang='lat' dir='ltr'><strong>se</strong></span> <span class='ocrx_word' id='word_1_35' title='bbox 654 817 906 878; x_wconf 85' lang='lat' dir='ltr'><strong>uterum</strong></span> <span class='ocrx_word' id='word_1_36' title='bbox 972 814 1130 878; x_wconf 85' lang='lat' dir='ltr'><strong>ferre</strong></span> <span class='ocrx_word' id='word_1_37' title='bbox 1191 817 1410 894; x_wconf 83' lang='lat' dir='ltr'><strong>sensit,</strong></span> <span class='ocrx_word' id='word_1_38' title='bbox 1474 817 1698 880; x_wconf 89' lang='lat' dir='ltr'><strong>matris</strong></span> <span class='ocrx_word' id='word_1_39' title='bbox 1756 838 1972 894; x_wconf 74' lang='lat' dir='ltr'><strong>suasa,</strong></span> <span class='ocrx_word' id='word_1_40' title='bbox 2036 838 2227 898; x_wconf 89' lang='lat' dir='ltr'><strong>quam</strong></span> <span class='ocrx_word' id='word_1_41' title='bbox 2296 818 2657 884; x_wconf 86' lang='lat' dir='ltr'><strong>secretioris</strong></span> 
     </span>
     <span class='ocr_line' id='line_1_6' title="bbox 388 900 2658 984; baseline 0.001 -19"><span class='ocrx_word' id='word_1_42' title='bbox 388 905 734 982; x_wconf 90' lang='lat' dir='ltr'><strong>conceptus</strong></span> <span class='ocrx_word' id='word_1_43' title='bbox 780 900 860 964; x_wconf 89' lang='lat' dir='ltr'><strong>ab</strong></span> <span class='ocrx_word' id='word_1_44' title='bbox 908 900 1094 964; x_wconf 86' lang='lat' dir='ltr'><strong>initio</strong></span> <span class='ocrx_word' id='word_1_45' title='bbox 1139 901 1376 964; x_wconf 79' lang='lat' dir='ltr'><strong>fecerat</strong></span> <span class='ocrx_word' id='word_1_46' title='bbox 1435 902 1829 984; x_wconf 79' lang='lat' dir='ltr'><strong>participem,</strong></span> <span class='ocrx_word' id='word_1_47' title='bbox 1895 901 2196 966; x_wconf 87' lang='lat' dir='ltr'><strong>simulata</strong></span> <span class='ocrx_word' id='word_1_48' title='bbox 2255 903 2658 984; x_wconf 77' lang='lat' dir='ltr'><strong>aegritudine</strong></span> 
     </span>
     <span class='ocr_line' id='line_1_7' title="bbox 384 987 2658 1070; baseline 0.002 -20"><span class='ocrx_word' id='word_1_49' title='bbox 384 989 450 1050; x_wconf 91' lang='lat' dir='ltr'><strong>in</strong></span> <span class='ocrx_word' id='word_1_50' title='bbox 513 987 762 1070; x_wconf 85' lang='lat' dir='ltr'><strong>privato</strong></span> <span class='ocrx_word' id='word_1_51' title='bbox 821 1007 960 1049; x_wconf 88' lang='lat' dir='ltr'><strong>sese</strong></span> <span class='ocrx_word' id='word_1_52' title='bbox 1016 988 1244 1063; x_wconf 88' lang='lat' dir='ltr'><strong>tenuit,</strong></span> <span class='ocrx_word' id='word_1_53' title='bbox 1307 1007 1433 1051; x_wconf 90' lang='lat' dir='ltr'><strong>non</strong></span> <span class='ocrx_word' id='word_1_54' title='bbox 1495 987 1707 1052; x_wconf 89' lang='lat' dir='ltr'><strong>minus</strong></span> <span class='ocrx_word' id='word_1_55' title='bbox 1769 987 1850 1050; x_wconf 90' lang='lat' dir='ltr'><strong>ad</strong></span> <span class='ocrx_word' id='word_1_56' title='bbox 1911 987 2279 1068; x_wconf 84' lang='lat' dir='ltr'><strong>religionem</strong></span> <span class='ocrx_word' id='word_1_57' title='bbox 2338 1010 2530 1069; x_wconf 89' lang='lat' dir='ltr'><strong>quam</strong></span> <span class='ocrx_word' id='word_1_58' title='bbox 2578 991 2658 1054; x_wconf 86' lang='lat' dir='ltr'><strong>ad</strong></span> 
     </span>
     <span class='ocr_line' id='line_1_8' title="bbox 387 1072 2657 1155; baseline 0.002 -20"><span class='ocrx_word' id='word_1_59' title='bbox 387 1072 720 1136; x_wconf 87' lang='lat' dir='ltr'><strong>celandum</strong></span> <span class='ocrx_word' id='word_1_60' title='bbox 751 1072 779 1110; x_wconf 77' lang='lat'><strong>¹²</strong></span> <span class='ocrx_word' id='word_1_61' title='bbox 825 1077 1073 1135; x_wconf 90' lang='lat' dir='ltr'><strong>uterum</strong></span> <span class='ocrx_word' id='word_1_62' title='bbox 1136 1073 1450 1154; x_wconf 80' lang='lat' dir='ltr'><strong>pertinere</strong></span> <span class='ocrx_word' id='word_1_63' title='bbox 1508 1077 1669 1149; x_wconf 89' lang='lat' dir='ltr'><strong>rata,</strong></span> <span class='ocrx_word' id='word_1_64' title='bbox 1725 1073 1780 1136; x_wconf 84' lang='lat' dir='ltr'><strong>si</strong></span> <span class='ocrx_word' id='word_1_65' title='bbox 1830 1073 2078 1154; x_wconf 87' lang='lat' dir='ltr'><strong>polluto</strong></span> <span class='ocrx_word' id='word_1_66' title='bbox 2141 1095 2399 1155; x_wconf 89' lang='lat' dir='ltr'><strong>corpore</strong></span> <span class='ocrx_word' id='word_1_67' title='bbox 2460 1075 2657 1140; x_wconf 85' lang='lat' dir='ltr'><strong>sacris</strong></span> 
     </span>
     <span class='ocr_line' id='line_1_9' title="bbox 385 1157 2659 1243; baseline 0.001 -23"><span class='ocrx_word' id='word_1_68' title='bbox 385 1157 760 1222; x_wconf 76' lang='lat' dir='ltr'><strong>abstineret.</strong></span> <span class='ocrx_word' id='word_1_69' title='bbox 853 1157 1146 1221; x_wconf 87' lang='lat' dir='ltr'><strong>Amulius</strong></span> <span class='ocrx_word' id='word_1_70' title='bbox 1193 1159 1326 1221; x_wconf 88' lang='lat' dir='ltr'><strong>sive</strong></span> <span class='ocrx_word' id='word_1_71' title='bbox 1370 1157 1655 1221; x_wconf 83' lang='lat' dir='ltr'><strong>criminis</strong></span> <span class='ocrx_word' id='word_1_72' title='bbox 1701 1158 2095 1222; x_wconf 86' lang='lat' dir='ltr'><strong>conscientia</strong></span> <span class='ocrx_word' id='word_1_73' title='bbox 2128 1159 2261 1221; x_wconf 84' lang='lat' dir='ltr'><strong>sive</strong></span> <span class='ocrx_word' id='word_1_74' title='bbox 2292 1160 2418 1223; x_wconf 90' lang='lat' dir='ltr'><strong>alia</strong></span> <span class='ocrx_word' id='word_1_75' title='bbox 2450 1161 2659 1243; x_wconf 90' lang='lat' dir='ltr'><strong>suspi-</strong></span> 
     </span>
     <span class='ocr_line' id='line_1_10' title="bbox 386 1242 2659 1327; baseline 0.001 -21"><span class='ocrx_word' id='word_1_76' title='bbox 386 1243 568 1308; x_wconf 87' lang='lat' dir='ltr'><strong>cione</strong></span> <span class='ocrx_word' id='word_1_77' title='bbox 613 1246 827 1307; x_wconf 88' lang='lat' dir='ltr'><strong>motus</strong></span> <span class='ocrx_word' id='word_1_78' title='bbox 873 1263 984 1324; x_wconf 82' lang='lat' dir='ltr'><strong>per</strong></span> <span class='ocrx_word' id='word_1_79' title='bbox 1027 1242 1224 1306; x_wconf 89' lang='lat' dir='ltr'><strong>fidum</strong></span> <span class='ocrx_word' id='word_1_80' title='bbox 1271 1243 1393 1306; x_wconf 92' lang='lat' dir='ltr'><strong>sibi</strong></span> <span class='ocrx_word' id='word_1_81' title='bbox 1439 1243 1754 1307; x_wconf 88' lang='lat' dir='ltr'><strong>medicum</strong></span> <span class='ocrx_word' id='word_1_82' title='bbox 1804 1243 2321 1308; x_wconf 88' lang='lat' dir='ltr'><strong>sciscitabundus</strong></span> <span class='ocrx_word' id='word_1_83' title='bbox 2348 1245 2659 1327; x_wconf 79' lang='lat' dir='ltr'><strong>inquirit,</strong></span> 
     </span>
     <span class='ocr_line' id='line_1_11' title="bbox 385 1328 2655 1411; baseline 0.001 -19"><span class='ocrx_word' id='word_1_84' title='bbox 385 1351 548 1411; x_wconf 87' lang='lat' dir='ltr'><strong>quae</strong></span> <span class='ocrx_word' id='word_1_85' title='bbox 593 1329 688 1391; x_wconf 91' lang='lat' dir='ltr'><strong>vis</strong></span> <span class='ocrx_word' id='word_1_86' title='bbox 734 1350 806 1392; x_wconf 89' lang='lat' dir='ltr'><strong>ea</strong></span> <span class='ocrx_word' id='word_1_87' title='bbox 852 1328 1058 1394; x_wconf 90' lang='lat' dir='ltr'><strong>morbi</strong></span> <span class='ocrx_word' id='word_1_88' title='bbox 1105 1334 1292 1406; x_wconf 85' lang='lat' dir='ltr'><strong>esset,</strong></span> <span class='ocrx_word' id='word_1_89' title='bbox 1340 1349 1508 1410; x_wconf 83' lang='lat' dir='ltr'><strong>quac</strong></span> <span class='ocrx_word' id='word_1_90' title='bbox 1549 1329 1825 1411; x_wconf 86' lang='lat' dir='ltr'><strong>puellam</strong></span> <span class='ocrx_word' id='word_1_91' title='bbox 1870 1332 2003 1392; x_wconf 87' lang='lat' dir='ltr'><strong>tam</strong></span> <span class='ocrx_word' id='word_1_92' title='bbox 2052 1329 2162 1392; x_wconf 92' lang='lat' dir='ltr'><strong>diu</strong></span> <span class='ocrx_word' id='word_1_93' title='bbox 2218 1350 2257 1392; x_wconf 85' lang='lat' dir='ltr'><strong>a</strong></span> <span class='ocrx_word' id='word_1_94' title='bbox 2306 1330 2655 1394; x_wconf 87' lang='lat' dir='ltr'><strong>ministerio</strong></span> 
     </span>
     <span class='ocr_line' id='line_1_12' title="bbox 385 1413 2657 1496; baseline 0.001 -19"><span class='ocrx_word' id='word_1_95' title='bbox 385 1414 736 1478; x_wconf 88' lang='lat' dir='ltr'><strong>distineret.</strong></span> <span class='ocrx_word' id='word_1_96' title='bbox 830 1413 1056 1478; x_wconf 87' lang='lat' dir='ltr'><strong>Verum</strong></span> <span class='ocrx_word' id='word_1_97' title='bbox 1121 1417 1324 1478; x_wconf 88' lang='lat' dir='ltr'><strong>matre</strong></span> <span class='ocrx_word' id='word_1_98' title='bbox 1391 1414 1663 1496; x_wconf 87' lang='lat' dir='ltr'><strong>aliisque</strong></span> <span class='ocrx_word' id='word_1_99' title='bbox 1734 1436 2037 1478; x_wconf 89' lang='lat' dir='ltr'><strong>arcanum</strong></span> <span class='ocrx_word' id='word_1_100' title='bbox 2109 1414 2399 1478; x_wconf 88' lang='lat' dir='ltr'><strong>morbum</strong></span> <span class='ocrx_word' id='word_1_101' title='bbox 2464 1437 2657 1480; x_wconf 86' lang='lat' dir='ltr'><strong>excu-</strong></span> 
     </span>
     <span class='ocr_line' id='line_1_13' title="bbox 383 1499 2655 1581; baseline 0 -17"><span class='ocrx_word' id='word_1_102' title='bbox 383 1500 703 1575; x_wconf 88' lang='lat' dir='ltr'><strong>santibus,</strong></span> <span class='ocrx_word' id='word_1_103' title='bbox 774 1519 960 1580; x_wconf 88' lang='lat' dir='ltr'><strong>quem</strong></span> <span class='ocrx_word' id='word_1_104' title='bbox 1025 1499 1306 1562; x_wconf 88' lang='lat' dir='ltr'><strong>maribus</strong></span> <span class='ocrx_word' id='word_1_105' title='bbox 1365 1500 1546 1581; x_wconf 89' lang='lat' dir='ltr'><strong>prodi</strong></span> <span class='ocrx_word' id='word_1_106' title='bbox 1618 1499 1797 1563; x_wconf 88' lang='lat' dir='ltr'><strong>nefas</strong></span> <span class='ocrx_word' id='word_1_107' title='bbox 1864 1504 2048 1576; x_wconf 81' lang='lat' dir='ltr'><strong>esset,</strong></span> <span class='ocrx_word' id='word_1_108' title='bbox 2114 1499 2406 1564; x_wconf 83' lang='lat' dir='ltr'><strong>Amulius</strong></span> <span class='ocrx_word' id='word_1_109' title='bbox 2475 1503 2655 1565; x_wconf 88' lang='lat' dir='ltr'><strong>uxori</strong></span> 
     </span>
     <span class='ocr_line' id='line_1_14' title="bbox 384 1584 2659 1667; baseline 0.001 -19"><span class='ocrx_word' id='word_1_110' title='bbox 384 1584 668 1663; x_wconf 88' lang='lat' dir='ltr'><strong>mandat,</strong></span> <span class='ocrx_word' id='word_1_111' title='bbox 719 1588 793 1648; x_wconf 91' lang='lat' dir='ltr'><strong>ut</strong></span> <span class='ocrx_word' id='word_1_112' title='bbox 823 1585 1099 1667; x_wconf 81' lang='lat' dir='ltr'><strong>puellam</strong></span> <span class='ocrx_word' id='word_1_113' title='bbox 1147 1584 1471 1662; x_wconf 81' lang='lat' dir='ltr'><strong>observet3</strong></span> <span class='ocrx_word' id='word_1_114' title='bbox 1519 1590 1657 1649; x_wconf 89' lang='lat' dir='ltr'><strong>tum</strong></span> <span class='ocrx_word' id='word_1_115' title='bbox 1694 1607 1839 1648; x_wconf 89' lang='lat' dir='ltr'><strong>vero</strong></span> <span class='ocrx_word' id='word_1_116' title='bbox 1874 1607 1983 1667; x_wconf 87' lang='lat' dir='ltr'><strong>per</strong></span> <span class='ocrx_word' id='word_1_117' title='bbox 2015 1607 2151 1648; x_wconf 88' lang='lat' dir='ltr'><strong>eam</strong></span> <span class='ocrx_word' id='word_1_118' title='bbox 2188 1585 2397 1650; x_wconf 85' lang='lat' dir='ltr'><strong>factus</strong></span> <span class='ocrx_word' id='word_1_119' title='bbox 2430 1588 2659 1651; x_wconf 81' lang='lat' dir='ltr'><strong>cert-ior</strong></span> 
     </span>
     <span class='ocr_line' id='line_1_15' title="bbox 384 1670 2655 1754; baseline 0.002 -20"><span class='ocrx_word' id='word_1_120' title='bbox 384 1671 632 1736; x_wconf 85' lang='lat' dir='ltr'><strong>Rheam</strong></span> <span class='ocrx_word' id='word_1_121' title='bbox 676 1670 852 1735; x_wconf 89' lang='lat' dir='ltr'><strong>Iliam</strong></span> <span class='ocrx_word' id='word_1_122' title='bbox 901 1670 1230 1752; x_wconf 86' lang='lat' dir='ltr'><strong>gravidam</strong></span> <span class='ocrx_word' id='word_1_123' title='bbox 1300 1692 1436 1734; x_wconf 87' lang='lat' dir='ltr'><strong>esse</strong></span> <span class='ocrx_word' id='word_1_124' title='bbox 1482 1692 1600 1734; x_wconf 91' lang='lat' dir='ltr'><strong>nec</strong></span> <span class='ocrx_word' id='word_1_125' title='bbox 1638 1670 1771 1752; x_wconf 86' lang='lat' dir='ltr'><strong>jam</strong></span> <span class='ocrx_word' id='word_1_126' title='bbox 1818 1671 2043 1734; x_wconf 88' lang='lat' dir='ltr'><strong>abesse</strong></span> <span class='ocrx_word' id='word_1_127' title='bbox 2097 1671 2316 1753; x_wconf 91' lang='lat' dir='ltr'><strong>procul</strong></span> <span class='ocrx_word' id='word_1_128' title='bbox 2363 1695 2401 1735; x_wconf 90' lang='lat' dir='ltr'><strong>a</strong></span> <span class='ocrx_word' id='word_1_129' title='bbox 2448 1679 2655 1754; x_wconf 88' lang='lat' dir='ltr'><strong>partu,</strong></span> 
     </span>
     <span class='ocr_line' id='line_1_16' title="bbox 386 1755 2658 1837; baseline 0 -18"><span class='ocrx_word' id='word_1_130' title='bbox 386 1779 466 1820; x_wconf 89' lang='lat' dir='ltr'><strong>ne</strong></span> <span class='ocrx_word' id='word_1_131' title='bbox 499 1755 663 1820; x_wconf 88' lang='lat' dir='ltr'><strong>clam</strong></span> <span class='ocrx_word' id='word_1_132' title='bbox 712 1761 889 1820; x_wconf 89' lang='lat' dir='ltr'><strong>utero</strong></span> <span class='ocrx_word' id='word_1_133' title='bbox 937 1755 1304 1833; x_wconf 89' lang='lat' dir='ltr'><strong>solveretur,</strong></span> <span class='ocrx_word' id='word_1_134' title='bbox 1351 1756 1650 1820; x_wconf 86' lang='lat' dir='ltr'><strong>custodes</strong></span> <span class='ocrx_word' id='word_1_135' title='bbox 1697 1756 1984 1837; x_wconf 88' lang='lat' dir='ltr'><strong>apponit,</strong></span> <span class='ocrx_word' id='word_1_136' title='bbox 2033 1756 2180 1820; x_wconf 89' lang='lat' dir='ltr'><strong>dum</strong></span> <span class='ocrx_word' id='word_1_137' title='bbox 2216 1777 2349 1820; x_wconf 91' lang='lat' dir='ltr'><strong>eam</strong></span> <span class='ocrx_word' id='word_1_138' title='bbox 2385 1757 2658 1821; x_wconf 87' lang='lat' dir='ltr'><strong>deferret</strong></span> 
     </span>
     <span class='ocr_line' id='line_1_17' title="bbox 381 1841 2652 1924; baseline 0.001 -18"><span class='ocrx_word' id='word_1_139' title='bbox 381 1841 466 1906; x_wconf 86' lang='lat' dir='ltr'><strong>ad</strong></span> <span class='ocrx_word' id='word_1_140' title='bbox 513 1842 836 1924; x_wconf 89' lang='lat' dir='ltr'><strong>populum.</strong></span> <span class='ocrx_word' id='word_1_141' title='bbox 929 1841 1343 1905; x_wconf 90' lang='lat' dir='ltr'><strong>Multitudine</strong></span> <span class='ocrx_word' id='word_1_142' title='bbox 1387 1841 1536 1904; x_wconf 89' lang='lat' dir='ltr'><strong>inde</strong></span> <span class='ocrx_word' id='word_1_143' title='bbox 1582 1841 1663 1904; x_wconf 88' lang='lat' dir='ltr'><strong>ad</strong></span> <span class='ocrx_word' id='word_1_144' title='bbox 1712 1841 2074 1906; x_wconf 87' lang='lat' dir='ltr'><strong>contionem</strong></span> <span class='ocrx_word' id='word_1_145' title='bbox 2111 1847 2337 1906; x_wconf 87' lang='lat' dir='ltr'><strong>vocata</strong></span> <span class='ocrx_word' id='word_1_146' title='bbox 2380 1843 2652 1924; x_wconf 87' lang='lat' dir='ltr'><strong>puellam</strong></span> 
     </span>
     <span class='ocr_line' id='line_1_18' title="bbox 383 1927 2656 2010; baseline 0 -18"><span class='ocrx_word' id='word_1_147' title='bbox 383 1932 460 1992; x_wconf 90' lang='lat' dir='ltr'><strong>ut</strong></span> <span class='ocrx_word' id='word_1_148' title='bbox 507 1927 818 1992; x_wconf 83' lang='lat' dir='ltr'><strong>incestam</strong></span> <span class='ocrx_word' id='word_1_149' title='bbox 863 1932 1288 2010; x_wconf 86' lang='lat' dir='ltr'><strong>parentesque</strong></span> <span class='ocrx_word' id='word_1_150' title='bbox 1333 1927 1508 1990; x_wconf 90' lang='lat' dir='ltr'><strong>velut</strong></span> <span class='ocrx_word' id='word_1_151' title='bbox 1553 1927 1782 1990; x_wconf 85' lang='lat' dir='ltr'><strong>incesti</strong></span> <span class='ocrx_word' id='word_1_152' title='bbox 1814 1927 2107 1991; x_wconf 88' lang='lat' dir='ltr'><strong>conscios</strong></span> <span class='ocrx_word' id='word_1_153' title='bbox 2152 1934 2415 1991; x_wconf 87' lang='lat' dir='ltr'><strong>accusat</strong></span> <span class='ocrx_word' id='word_1_154' title='bbox 2440 1928 2656 2009; x_wconf 86' lang='lat' dir='ltr'><strong>jubet-</strong></span> 
     </span>
     <span class='ocr_line' id='line_1_19' title="bbox 383 2011 2656 2095; baseline 0.001 -19"><span class='ocrx_word' id='word_1_155' title='bbox 383 2034 510 2095; x_wconf 88' lang='lat' dir='ltr'><strong>que</strong></span> <span class='ocrx_word' id='word_1_156' title='bbox 557 2013 721 2076; x_wconf 85' lang='lat' dir='ltr'><strong>inibi</strong></span> <span class='ocrx_word' id='word_1_157' title='bbox 766 2033 878 2094; x_wconf 88' lang='lat' dir='ltr'><strong>pro</strong></span> <span class='ocrx_word' id='word_1_158' title='bbox 913 2013 1213 2076; x_wconf 85' lang='lat' dir='ltr'><strong>contione</strong></span> <span class='ocrx_word' id='word_1_159' title='bbox 1257 2033 1516 2076; x_wconf 88' lang='lat' dir='ltr'><strong>causam</strong></span> <span class='ocrx_word' id='word_1_160' title='bbox 1566 2012 1789 2076; x_wconf 87' lang='lat' dir='ltr'><strong>dicere.</strong></span> <span class='ocrx_word' id='word_1_161' title='bbox 1852 2012 1948 2076; x_wconf 80' lang='lat' dir='ltr'><strong>Ad</strong></span> <span class='ocrx_word' id='word_1_162' title='bbox 1981 2035 2053 2074; x_wconf 89' lang='lat' dir='ltr'><strong>ea</strong></span> <span class='ocrx_word' id='word_1_163' title='bbox 2094 2011 2391 2077; x_wconf 85' lang='lat' dir='ltr'><strong>Numitor</strong></span> <span class='ocrx_word' id='word_1_164' title='bbox 2427 2035 2656 2078; x_wconf 87' lang='lat' dir='ltr'><strong>novam</strong></span> 
     </span>
     <span class='ocr_line' id='line_1_20' title="bbox 383 2097 2655 2184; baseline -0 -21"><span class='ocrx_word' id='word_1_165' title='bbox 383 2121 452 2164; x_wconf 86' lang='lat' dir='ltr'><strong>se</strong></span> <span class='ocrx_word' id='word_1_166' title='bbox 501 2099 721 2163; x_wconf 87' lang='lat' dir='ltr'><strong>audire</strong></span> <span class='ocrx_word' id='word_1_167' title='bbox 769 2097 1049 2162; x_wconf 87' lang='lat' dir='ltr'><strong>fabulam</strong></span> <span class='ocrx_word' id='word_1_168' title='bbox 1102 2098 1424 2179; x_wconf 84' lang='lat' dir='ltr'><strong>praefatus</strong></span> <span class='ocrx_word' id='word_1_169' title='bbox 1471 2097 1631 2161; x_wconf 91' lang='lat' dir='ltr'><strong>nihil</strong></span> <span class='ocrx_word' id='word_1_170' title='bbox 1678 2097 1912 2162; x_wconf 85' lang='lat' dir='ltr'><strong>habere</strong></span> <span class='ocrx_word' id='word_1_171' title='bbox 1958 2120 2027 2161; x_wconf 90' lang='lat' dir='ltr'><strong>se</strong></span> <span class='ocrx_word' id='word_1_172' title='bbox 2072 2099 2417 2184; x_wconf 86' lang='lat' dir='ltr'><strong>respondit,</strong></span> <span class='ocrx_word' id='word_1_173' title='bbox 2484 2099 2655 2179; x_wconf 90' lang='lat' dir='ltr'><strong>quod</strong></span> 
     </span>
     <span class='ocr_line' id='line_1_21' title="bbox 383 2182 2655 2266; baseline 0 -16"><span class='ocrx_word' id='word_1_174' title='bbox 383 2205 498 2266; x_wconf 89' lang='lat' dir='ltr'><strong>pro</strong></span> <span class='ocrx_word' id='word_1_175' title='bbox 543 2184 676 2248; x_wconf 83' lang='lat' dir='ltr'><strong>filia</strong></span> <span class='ocrx_word' id='word_1_176' title='bbox 728 2188 792 2248; x_wconf 88' lang='lat' dir='ltr'><strong>et</strong></span> <span class='ocrx_word' id='word_1_177' title='bbox 859 2184 991 2247; x_wconf 87' lang='lat' dir='ltr'><strong>suis</strong></span> <span class='ocrx_word' id='word_1_178' title='bbox 1052 2187 1271 2265; x_wconf 89' lang='lat' dir='ltr'><strong>posset</strong></span> <span class='ocrx_word' id='word_1_179' title='bbox 1329 2184 1534 2247; x_wconf 86' lang='lat' dir='ltr'><strong>dicere</strong></span> <span class='ocrx_word' id='word_1_180' title='bbox 1586 2184 1651 2246; x_wconf 91' lang='lat' dir='ltr'><strong>in</strong></span> <span class='ocrx_word' id='word_1_181' title='bbox 1715 2203 1881 2248; x_wconf 88' lang='lat' dir='ltr'><strong>novo</strong></span> <span class='ocrx_word' id='word_1_182' title='bbox 1945 2182 2225 2261; x_wconf 89' lang='lat' dir='ltr'><strong>crimine,</strong></span> <span class='ocrx_word' id='word_1_183' title='bbox 2282 2185 2452 2264; x_wconf 91' lang='lat' dir='ltr'><strong>quod</strong></span> <span class='ocrx_word' id='word_1_184' title='bbox 2519 2189 2655 2250; x_wconf 85' lang='lat' dir='ltr'><strong>tum</strong></span> 
     </span>
     <span class='ocr_line' id='line_1_22' title="bbox 385 2268 2658 2353; baseline 0 -19"><span class='ocrx_word' id='word_1_185' title='bbox 385 2270 658 2353; x_wconf 88' lang='lat' dir='ltr'><strong>primum</strong></span> <span class='ocrx_word' id='word_1_186' title='bbox 712 2269 836 2334; x_wconf 89' lang='lat' dir='ltr'><strong>sibi</strong></span> <span class='ocrx_word' id='word_1_187' title='bbox 883 2273 948 2333; x_wconf 87' lang='lat' dir='ltr'><strong>et</strong></span> <span class='ocrx_word' id='word_1_188' title='bbox 1001 2269 1216 2334; x_wconf 88' lang='lat' dir='ltr'><strong>domui</strong></span> <span class='ocrx_word' id='word_1_189' title='bbox 1262 2291 1414 2335; x_wconf 87' lang='lat' dir='ltr'><strong>suae</strong></span> <span class='ocrx_word' id='word_1_190' title='bbox 1459 2268 1861 2349; x_wconf 87' lang='lat' dir='ltr'><strong>objiceretur.</strong></span> <span class='ocrx_word' id='word_1_191' title='bbox 1952 2269 2169 2332; x_wconf 87' lang='lat' dir='ltr'><strong>Poscit</strong></span> <span class='ocrx_word' id='word_1_192' title='bbox 2215 2273 2287 2334; x_wconf 86' lang='lat' dir='ltr'><strong>ut</strong></span> <span class='ocrx_word' id='word_1_193' title='bbox 2332 2292 2372 2332; x_wconf 87' lang='lat' dir='ltr'><strong>a</strong></span> <span class='ocrx_word' id='word_1_194' title='bbox 2416 2269 2549 2333; x_wconf 87' lang='lat' dir='ltr'><strong>filia</strong></span> <span class='ocrx_word' id='word_1_195' title='bbox 2593 2276 2658 2334; x_wconf 90' lang='lat' dir='ltr'><strong>et</strong></span> 
     </span>
     <span class='ocr_line' id='line_1_23' title="bbox 387 2354 2656 2438; baseline -0 -18"><span class='ocrx_word' id='word_1_196' title='bbox 387 2377 590 2420; x_wconf 84' lang='lat' dir='ltr'><strong>uxore</strong></span> <span class='ocrx_word' id='word_1_197' title='bbox 635 2354 878 2419; x_wconf 86' lang='lat' dir='ltr'><strong>discere</strong></span> <span class='ocrx_word' id='word_1_198' title='bbox 922 2354 1135 2432; x_wconf 91' lang='lat' dir='ltr'><strong>liceat,</strong></span> <span class='ocrx_word' id='word_1_199' title='bbox 1185 2355 1339 2436; x_wconf 91' lang='lat' dir='ltr'><strong>quid</strong></span> <span class='ocrx_word' id='word_1_200' title='bbox 1384 2354 1599 2438; x_wconf 88' lang='lat' dir='ltr'><strong>probri</strong></span> <span class='ocrx_word' id='word_1_201' title='bbox 1645 2354 1710 2417; x_wconf 92' lang='lat' dir='ltr'><strong>id</strong></span> <span class='ocrx_word' id='word_1_202' title='bbox 1756 2358 1942 2432; x_wconf 87' lang='lat' dir='ltr'><strong>esset,</strong></span> <span class='ocrx_word' id='word_1_203' title='bbox 1991 2357 2127 2417; x_wconf 90' lang='lat' dir='ltr'><strong>tum</strong></span> <span class='ocrx_word' id='word_1_204' title='bbox 2178 2375 2323 2418; x_wconf 84' lang='lat' dir='ltr'><strong>vero</strong></span> <span class='ocrx_word' id='word_1_205' title='bbox 2368 2356 2422 2418; x_wconf 91' lang='lat' dir='ltr'><strong>si</strong></span> <span class='ocrx_word' id='word_1_206' title='bbox 2470 2356 2656 2438; x_wconf 91' lang='lat' dir='ltr'><strong>culpa</strong></span> 
     </span>
     <span class='ocr_line' id='line_1_24' title="bbox 389 2439 2653 2523; baseline -0 -16"><span class='ocrx_word' id='word_1_207' title='bbox 389 2441 571 2520; x_wconf 85' lang='lat' dir='ltr'><strong>assit,</strong></span> <span class='ocrx_word' id='word_1_208' title='bbox 617 2441 887 2505; x_wconf 89' lang='lat' dir='ltr'><strong>liberum</strong></span> <span class='ocrx_word' id='word_1_209' title='bbox 935 2464 1004 2505; x_wconf 87' lang='lat' dir='ltr'><strong>se</strong></span> <span class='ocrx_word' id='word_1_210' title='bbox 1051 2441 1185 2520; x_wconf 83' lang='lat' dir='ltr'><strong>regi</strong></span> <span class='ocrx_word' id='word_1_211' title='bbox 1233 2444 1297 2503; x_wconf 92' lang='lat' dir='ltr'><strong>et</strong></span> <span class='ocrx_word' id='word_1_212' title='bbox 1340 2440 1577 2523; x_wconf 90' lang='lat' dir='ltr'><strong>populo</strong></span> <span class='ocrx_word' id='word_1_213' title='bbox 1617 2439 1927 2522; x_wconf 87' lang='lat' dir='ltr'><strong>judicium</strong></span> <span class='ocrx_word' id='word_1_214' title='bbox 1975 2440 2050 2504; x_wconf 87' lang='lat' dir='ltr'><strong>de</strong></span> <span class='ocrx_word' id='word_1_215' title='bbox 2082 2462 2153 2503; x_wconf 86' lang='lat' dir='ltr'><strong>ea</strong></span> <span class='ocrx_word' id='word_1_216' title='bbox 2200 2463 2266 2503; x_wconf 91' lang='lat' dir='ltr'><strong>re</strong></span> <span class='ocrx_word' id='word_1_217' title='bbox 2310 2442 2653 2523; x_wconf 44' lang='lat' dir='ltr'><strong>permissu*</strong></span> 
     </span>
     <span class='ocr_line' id='line_1_25' title="bbox 384 2526 2654 2608; baseline 0 -17"><span class='ocrx_word' id='word_1_218' title='bbox 384 2549 548 2591; x_wconf 87' lang='lat' dir='ltr'><strong>rum.</strong></span> <span class='ocrx_word' id='word_1_219' title='bbox 598 2528 846 2591; x_wconf 89' lang='lat' dir='ltr'><strong>Interea</strong></span> <span class='ocrx_word' id='word_1_220' title='bbox 893 2527 1228 2591; x_wconf 88' lang='lat' dir='ltr'><strong>nuntiatur</strong></span> <span class='ocrx_word' id='word_1_221' title='bbox 1258 2526 1550 2607; x_wconf 82' lang='lat' dir='ltr'><strong>geminos</strong></span> <span class='ocrx_word' id='word_1_222' title='bbox 1592 2548 1671 2588; x_wconf 88' lang='lat' dir='ltr'><strong>ex</strong></span> <span class='ocrx_word' id='word_1_223' title='bbox 1707 2526 1823 2589; x_wconf 90' lang='lat' dir='ltr'><strong>Ilia</strong></span> <span class='ocrx_word' id='word_1_224' title='bbox 1855 2548 2085 2608; x_wconf 85' lang='lat' dir='ltr'><strong>pueros</strong></span> <span class='ocrx_word' id='word_1_225' title='bbox 2120 2530 2324 2589; x_wconf 87' lang='lat' dir='ltr'><strong>natos.</strong></span> <span class='ocrx_word' id='word_1_226' title='bbox 2391 2527 2654 2591; x_wconf 88' lang='lat' dir='ltr'><strong>Publice</strong></span> 
     </span>
     <span class='ocr_line' id='line_1_26' title="bbox 384 2612 2653 2694; baseline -0.001 -17"><span class='ocrx_word' id='word_1_227' title='bbox 384 2614 605 2693; x_wconf 86' lang='lat' dir='ltr'><strong>itaque</strong></span> <span class='ocrx_word' id='word_1_228' title='bbox 651 2612 1012 2689; x_wconf 89' lang='lat' dir='ltr'><strong>damnatur,</strong></span> <span class='ocrx_word' id='word_1_229' title='bbox 1060 2617 1132 2675; x_wconf 92' lang='lat' dir='ltr'><strong>ut</strong></span> <span class='ocrx_word' id='word_1_230' title='bbox 1179 2613 1374 2691; x_wconf 86' lang='lat' dir='ltr'><strong>virgis</strong></span> <span class='ocrx_word' id='word_1_231' title='bbox 1418 2612 1593 2694; x_wconf 83' lang='lat' dir='ltr'><strong>prius</strong></span> <span class='ocrx_word' id='word_1_232' title='bbox 1640 2633 1823 2675; x_wconf 87' lang='lat' dir='ltr'><strong>caesa</strong></span> <span class='ocrx_word' id='word_1_233' title='bbox 1886 2614 2237 2687; x_wconf 88' lang='lat' dir='ltr'><strong>necaretur,</strong></span> <span class='ocrx_word' id='word_1_234' title='bbox 2294 2612 2470 2693; x_wconf 81' lang='lat' dir='ltr'><strong>pueri</strong></span> <span class='ocrx_word' id='word_1_235' title='bbox 2544 2614 2653 2693; x_wconf 91' lang='lat' dir='ltr'><strong>qui</strong></span> 
     </span>
     <span class='ocr_line' id='line_1_27' title="bbox 385 2696 2648 2780; baseline 0 -19"><span class='ocrx_word' id='word_1_236' title='bbox 385 2722 467 2761; x_wconf 83' lang='lat' dir='ltr'><strong>ex</strong></span> <span class='ocrx_word' id='word_1_237' title='bbox 511 2719 587 2761; x_wconf 85' lang='lat' dir='ltr'><strong>ca</strong></span> <span class='ocrx_word' id='word_1_238' title='bbox 639 2698 779 2761; x_wconf 88' lang='lat' dir='ltr'><strong>nati</strong></span> <span class='ocrx_word' id='word_1_239' title='bbox 838 2701 1053 2760; x_wconf 84' lang='lat' dir='ltr'><strong>essent</strong></span> <span class='ocrx_word' id='word_1_240' title='bbox 1118 2698 1430 2761; x_wconf 86' lang='lat' dir='ltr'><strong>Romulus</strong></span> <span class='ocrx_word' id='word_1_241' title='bbox 1477 2702 1540 2761; x_wconf 92' lang='lat' dir='ltr'><strong>et</strong></span> <span class='ocrx_word' id='word_1_242' title='bbox 1584 2696 1823 2760; x_wconf 90' lang='lat' dir='ltr'><strong>Remus</strong></span> <span class='ocrx_word' id='word_1_243' title='bbox 1888 2698 1953 2759; x_wconf 90' lang='lat' dir='ltr'><strong>in</strong></span> <span class='ocrx_word' id='word_1_244' title='bbox 2011 2697 2425 2778; x_wconf 89' lang='lat' dir='ltr'><strong>profluentem</strong></span> <span class='ocrx_word' id='word_1_245' title='bbox 2485 2698 2648 2780; x_wconf 88' lang='lat' dir='ltr'><strong>abji-</strong></span> 
     </span>
     <span class='ocr_line' id='line_1_28' title="bbox 385 2782 2651 2863; baseline 0 -16"><span class='ocrx_word' id='word_1_246' title='bbox 385 2788 696 2849; x_wconf 85' lang='lat' dir='ltr'><strong>cerentur.</strong></span> <span class='ocrx_word' id='word_1_247' title='bbox 787 2783 840 2847; x_wconf 92' lang='grc' dir='ltr'><strong>Ο</strong></span> <span class='ocrx_word' id='word_1_248' title='bbox 889 2782 1154 2847; x_wconf 89' lang='lat' dir='ltr'><strong>nimium</strong></span> <span class='ocrx_word' id='word_1_249' title='bbox 1203 2783 1474 2847; x_wconf 88' lang='lat' dir='ltr'><strong>crudelis</strong></span> <span class='ocrx_word' id='word_1_250' title='bbox 1519 2783 1813 2845; x_wconf 81' lang='lat' dir='ltr'><strong>censura!</strong></span> <span class='ocrx_word' id='word_1_251' title='bbox 1888 2782 2159 2845; x_wconf 86' lang='lat' dir='ltr'><strong>Vestalis</strong></span> <span class='ocrx_word' id='word_1_252' title='bbox 2204 2782 2257 2845; x_wconf 88' lang='lat' dir='ltr'><strong>si</strong></span> <span class='ocrx_word' id='word_1_253' title='bbox 2294 2783 2651 2863; x_wconf 87' lang='lat' dir='ltr'><strong>petulanter</strong></span> 
     </span>
     <span class='ocr_line' id='line_1_29' title="bbox 383 2866 2651 2952; baseline -0.001 -19"><span class='ocrx_word' id='word_1_254' title='bbox 383 2869 780 2952; x_wconf 85' lang='lat' dir='ltr'><strong>deliquisset,</strong></span> <span class='ocrx_word' id='word_1_255' title='bbox 831 2867 1286 2931; x_wconf 86' lang='lat' dir='ltr'><strong>verberabatur</strong></span> <span class='ocrx_word' id='word_1_256' title='bbox 1331 2890 1368 2929; x_wconf 94' lang='lat' dir='ltr'><strong>a</strong></span> <span class='ocrx_word' id='word_1_257' title='bbox 1415 2868 1759 2948; x_wconf 89' lang='lat' dir='ltr'><strong>pontifice;</strong></span> <span class='ocrx_word' id='word_1_258' title='bbox 1814 2868 1866 2931; x_wconf 92' lang='lat' dir='ltr'><strong>si</strong></span> <span class='ocrx_word' id='word_1_259' title='bbox 1915 2867 2162 2931; x_wconf 87' lang='lat' dir='ltr'><strong>incesta</strong></span> <span class='ocrx_word' id='word_1_260' title='bbox 2206 2866 2451 2943; x_wconf 86' lang='lat' dir='ltr'><strong>fuisset,</strong></span> <span class='ocrx_word' id='word_1_261' title='bbox 2516 2868 2651 2931; x_wconf 87' lang='lat' dir='ltr'><strong>mos</strong></span> 
     </span>
     <span class='ocr_line' id='line_1_30' title="bbox 385 2952 2653 3034; baseline -0 -17"><span class='ocrx_word' id='word_1_262' title='bbox 385 2954 512 3019; x_wconf 83' lang='lat' dir='ltr'><strong>fuit</strong></span> <span class='ocrx_word' id='word_1_263' title='bbox 555 2959 627 3018; x_wconf 90' lang='lat' dir='ltr'><strong>ut</strong></span> <span class='ocrx_word' id='word_1_264' title='bbox 674 2954 820 3017; x_wconf 88' lang='lat' dir='ltr'><strong>viva</strong></span> <span class='ocrx_word' id='word_1_265' title='bbox 865 2952 1284 3017; x_wconf 82' lang='lat' dir='ltr'><strong>defoderetur.</strong></span> <span class='ocrx_word' id='word_1_266' title='bbox 1376 2952 1627 3019; x_wconf 86' lang='lat' dir='ltr'><strong>lndicat</strong></span> <span class='ocrx_word' id='word_1_267' title='bbox 1687 2953 1807 3016; x_wconf 90' lang='lat' dir='ltr'><strong>hoc</strong></span> <span class='ocrx_word' id='word_1_268' title='bbox 1865 2952 2222 3015; x_wconf 86' lang='lat' dir='ltr'><strong>Juvenalis:</strong></span> <span class='ocrx_word' id='word_1_269' title='bbox 2286 2952 2653 3034; x_wconf 86' lang='lat' dir='ltr'><strong>„Sanguine</strong></span> 
     </span>
     <span class='ocr_line' id='line_1_31' title="bbox 383 3036 2656 3103; baseline 0 0"><span class='ocrx_word' id='word_1_270' title='bbox 383 3039 595 3103; x_wconf 86' lang='lat' dir='ltr'><strong>adhuc</strong></span> <span class='ocrx_word' id='word_1_271' title='bbox 663 3040 805 3103; x_wconf 91' lang='lat' dir='ltr'><strong>vivo</strong></span> <span class='ocrx_word' id='word_1_272' title='bbox 877 3043 1107 3102; x_wconf 88' lang='lat' dir='ltr'><strong>terram</strong></span> <span class='ocrx_word' id='word_1_273' title='bbox 1177 3038 1472 3102; x_wconf 87' lang='lat' dir='ltr'><strong>subitura</strong></span> <span class='ocrx_word' id='word_1_274' title='bbox 1523 3036 1919 3101; x_wconf 85' lang='lat' dir='ltr'><strong>sacerdos.“&#39;</strong></span> <span class='ocrx_word' id='word_1_275' title='bbox 2016 3038 2208 3101; x_wconf 82' lang='lat' dir='ltr'><strong>Lucio</strong></span> <span class='ocrx_word' id='word_1_276' title='bbox 2270 3037 2523 3103; x_wconf 89' lang='lat' dir='ltr'><strong>Pinario</strong></span> <span class='ocrx_word' id='word_1_277' title='bbox 2591 3044 2656 3103; x_wconf 89' lang='lat' dir='ltr'><strong>et</strong></span> 
     </span>
     <span class='ocr_line' id='line_1_32' title="bbox 387 3122 2657 3189; baseline 0 -1"><span class='ocrx_word' id='word_1_278' title='bbox 387 3125 620 3189; x_wconf 90' lang='lat' dir='ltr'><strong>Publio</strong></span> <span class='ocrx_word' id='word_1_279' title='bbox 666 3123 858 3187; x_wconf 88' lang='lat' dir='ltr'><strong>Furio</strong></span> <span class='ocrx_word' id='word_1_280' title='bbox 900 3123 1272 3187; x_wconf 85' lang='lat' dir='ltr'><strong>consulibus</strong></span> <span class='ocrx_word' id='word_1_281' title='bbox 1317 3122 1589 3187; x_wconf 87' lang='lat' dir='ltr'><strong>Urbinia</strong></span> <span class='ocrx_word' id='word_1_282' title='bbox 1620 3122 1890 3186; x_wconf 82' lang='lat' dir='ltr'><strong>Vestalis</strong></span> <span class='ocrx_word' id='word_1_283' title='bbox 1922 3122 2149 3186; x_wconf 85' lang='lat' dir='ltr'><strong>incesti</strong></span> <span class='ocrx_word' id='word_1_284' title='bbox 2183 3122 2479 3185; x_wconf 87' lang='lat' dir='ltr'><strong>convicta</strong></span> <span class='ocrx_word' id='word_1_285' title='bbox 2510 3124 2657 3187; x_wconf 88' lang='lat' dir='ltr'><strong>viva</strong></span> 
     </span>
     <span class='ocr_line' id='line_1_33' title="bbox 391 3207 2657 3289; baseline -0 -15"><span class='ocrx_word' id='word_1_286' title='bbox 391 3216 492 3275; x_wconf 86' lang='lat' dir='ltr'><strong>est</strong></span> <span class='ocrx_word' id='word_1_287' title='bbox 539 3209 808 3273; x_wconf 88' lang='lat' dir='ltr'><strong>defossa.</strong></span> <span class='ocrx_word' id='word_1_288' title='bbox 902 3210 1059 3273; x_wconf 87' lang='lat' dir='ltr'><strong>Item</strong></span> <span class='ocrx_word' id='word_1_289' title='bbox 1109 3230 1181 3273; x_wconf 88' lang='lat' dir='ltr'><strong>eo</strong></span> <span class='ocrx_word' id='word_1_290' title='bbox 1227 3230 1416 3281; x_wconf 75' lang='lat' dir='ltr'><strong>ann0,</strong></span> <span class='ocrx_word' id='word_1_291' title='bbox 1466 3230 1595 3289; x_wconf 90' lang='lat' dir='ltr'><strong>quo</strong></span> <span class='ocrx_word' id='word_1_292' title='bbox 1642 3209 1839 3272; x_wconf 87' lang='lat' dir='ltr'><strong>creati</strong></span> <span class='ocrx_word' id='word_1_293' title='bbox 1885 3216 2039 3271; x_wconf 88' lang='lat' dir='ltr'><strong>sunt</strong></span> <span class='ocrx_word' id='word_1_294' title='bbox 2084 3208 2374 3271; x_wconf 86' lang='lat' dir='ltr'><strong>consules</strong></span> <span class='ocrx_word' id='word_1_295' title='bbox 2418 3207 2499 3271; x_wconf 94' lang='lat' dir='ltr'><strong>M.</strong></span> <span class='ocrx_word' id='word_1_296' title='bbox 2536 3209 2657 3273; x_wconf 89' lang='lat' dir='ltr'><strong>Fa-</strong></span> 
     </span>
     <span class='ocr_line' id='line_1_34' title="bbox 385 3290 2651 3373; baseline -0.001 -14"><span class='ocrx_word' id='word_1_297' title='bbox 385 3296 532 3361; x_wconf 86' lang='lat' dir='ltr'><strong>bius</strong></span> <span class='ocrx_word' id='word_1_298' title='bbox 583 3294 887 3359; x_wconf 88' lang='lat' dir='ltr'><strong>Caesonis</strong></span> <span class='ocrx_word' id='word_1_299' title='bbox 934 3294 1128 3359; x_wconf 84' lang='lat' dir='ltr'><strong>frater</strong></span> <span class='ocrx_word' id='word_1_300' title='bbox 1171 3299 1234 3356; x_wconf 88' lang='lat' dir='ltr'><strong>et</strong></span> <span class='ocrx_word' id='word_1_301' title='bbox 1264 3293 1332 3356; x_wconf 93' lang='lat' dir='ltr'><strong>L.</strong></span> <span class='ocrx_word' id='word_1_302' title='bbox 1371 3294 1653 3357; x_wconf 85' lang='lat' dir='ltr'><strong>Valerius</strong></span> <span class='ocrx_word' id='word_1_303' title='bbox 1686 3293 1882 3357; x_wconf 89' lang='lat' dir='ltr'><strong>Marci</strong></span> <span class='ocrx_word' id='word_1_304' title='bbox 1913 3293 2102 3369; x_wconf 82' lang='lat' dir='ltr'><strong>filius,</strong></span> <span class='ocrx_word' id='word_1_305' title='bbox 2136 3293 2190 3355; x_wconf 91' lang='lat' dir='ltr'><strong>is</strong></span> <span class='ocrx_word' id='word_1_306' title='bbox 2224 3294 2334 3373; x_wconf 91' lang='lat' dir='ltr'><strong>qui</strong></span> <span class='ocrx_word' id='word_1_307' title='bbox 2365 3290 2651 3357; x_wconf 88' lang='lat' dir='ltr'><strong>Cassium</strong></span> 
     </span>
     <span class='ocr_line' id='line_1_35' title="bbox 385 3378 2652 3461; baseline -0.003 -15"><span class='ocrx_word' id='word_1_308' title='bbox 385 3386 485 3446; x_wconf 85' lang='lat' dir='ltr'><strong>ter</strong></span> <span class='ocrx_word' id='word_1_309' title='bbox 530 3381 856 3445; x_wconf 87' lang='lat' dir='ltr'><strong>consulem</strong></span> <span class='ocrx_word' id='word_1_310' title='bbox 905 3380 1253 3455; x_wconf 88' lang='lat' dir='ltr'><strong>accusavit,</strong></span> <span class='ocrx_word' id='word_1_311' title='bbox 1300 3378 1464 3461; x_wconf 87' lang='lat' dir='ltr'><strong>Opia</strong></span> <span class='ocrx_word' id='word_1_312' title='bbox 1495 3379 1765 3443; x_wconf 89' lang='lat' dir='ltr'><strong>Vestalis</strong></span> <span class='ocrx_word' id='word_1_313' title='bbox 1798 3379 2027 3441; x_wconf 89' lang='lat' dir='ltr'><strong>incesti</strong></span> <span class='ocrx_word' id='word_1_314' title='bbox 2061 3379 2363 3441; x_wconf 86' lang='lat' dir='ltr'><strong>damnata</strong></span> <span class='ocrx_word' id='word_1_315' title='bbox 2394 3383 2508 3441; x_wconf 85' lang='lat' dir='ltr'><strong>est.</strong></span> <span class='ocrx_word' id='word_1_316' title='bbox 2570 3380 2652 3441; x_wconf 91' lang='lat' dir='ltr'><strong>M.</strong></span> 
     </span>
     <span class='ocr_line' id='line_1_36' title="bbox 389 3463 2655 3545; baseline -0.001 -16"><span class='ocrx_word' id='word_1_317' title='bbox 389 3466 641 3531; x_wconf 89' lang='lat' dir='ltr'><strong>Tullius</strong></span> <span class='ocrx_word' id='word_1_318' title='bbox 687 3466 756 3528; x_wconf 90' lang='lat' dir='ltr'><strong>P.</strong></span> <span class='ocrx_word' id='word_1_319' title='bbox 792 3464 1014 3529; x_wconf 87' lang='lat' dir='ltr'><strong>Clodio</strong></span> <span class='ocrx_word' id='word_1_320' title='bbox 1049 3466 1280 3529; x_wconf 86' lang='lat' dir='ltr'><strong>sororis</strong></span> <span class='ocrx_word' id='word_1_321' title='bbox 1326 3466 1641 3528; x_wconf 89' lang='lat' dir='ltr'><strong>incestum</strong></span> <span class='ocrx_word' id='word_1_322' title='bbox 1688 3463 1945 3545; x_wconf 85' lang='lat' dir='ltr'><strong>objecit,</strong></span> <span class='ocrx_word' id='word_1_323' title='bbox 1994 3469 2368 3527; x_wconf 88' lang='lat' dir='ltr'><strong>nontamen</strong></span> <span class='ocrx_word' id='word_1_324' title='bbox 2417 3484 2655 3543; x_wconf 83' lang='lat' dir='ltr'><strong>poenas</strong></span> 
     </span>
     <span class='ocr_line' id='line_1_37' title="bbox 387 3549 2657 3631; baseline -0.001 -16"><span class='ocrx_word' id='word_1_325' title='bbox 387 3552 626 3615; x_wconf 88' lang='lat' dir='ltr'><strong>luebat.</strong></span> <span class='ocrx_word' id='word_1_326' title='bbox 717 3551 864 3615; x_wconf 87' lang='lat' dir='ltr'><strong>Jovi</strong></span> <span class='ocrx_word' id='word_1_327' title='bbox 909 3550 1152 3631; x_wconf 89' lang='lat' dir='ltr'><strong>optimo</strong></span> <span class='ocrx_word' id='word_1_328' title='bbox 1199 3550 1476 3614; x_wconf 85' lang='lat' dir='ltr'><strong>maximo</strong></span> <span class='ocrx_word' id='word_1_329' title='bbox 1523 3550 1739 3613; x_wconf 87' lang='lat' dir='ltr'><strong>eadem</strong></span> <span class='ocrx_word' id='word_1_330' title='bbox 1789 3549 1912 3613; x_wconf 85' lang='lat' dir='ltr'><strong>fuit</strong></span> <span class='ocrx_word' id='word_1_331' title='bbox 1942 3569 2119 3612; x_wconf 88' lang='lat' dir='ltr'><strong>soror</strong></span> <span class='ocrx_word' id='word_1_332' title='bbox 2150 3552 2214 3611; x_wconf 86' lang='lat' dir='ltr'><strong>et</strong></span> <span class='ocrx_word' id='word_1_333' title='bbox 2246 3549 2546 3630; x_wconf 85' lang='lat' dir='ltr'><strong>conjunx,</strong></span> <span class='ocrx_word' id='word_1_334' title='bbox 2594 3553 2657 3612; x_wconf 91' lang='lat' dir='ltr'><strong>et</strong></span> 
     </span>
     <span class='ocr_line' id='line_1_38' title="bbox 386 3632 2657 3717; baseline -0.001 -17"><span class='ocrx_word' id='word_1_335' title='bbox 386 3642 603 3701; x_wconf 84' lang='lat' dir='ltr'><strong>tamen</strong></span> <span class='ocrx_word' id='word_1_336' title='bbox 651 3658 765 3717; x_wconf 89' lang='lat' dir='ltr'><strong>pro</strong></span> <span class='ocrx_word' id='word_1_337' title='bbox 812 3656 1060 3700; x_wconf 90' lang='lat' dir='ltr'><strong>summo</strong></span> <span class='ocrx_word' id='word_1_338' title='bbox 1105 3634 1317 3699; x_wconf 88' lang='lat' dir='ltr'><strong>cultus</strong></span> <span class='ocrx_word' id='word_1_339' title='bbox 1347 3640 1446 3699; x_wconf 87' lang='lat' dir='ltr'><strong>est</strong></span> <span class='ocrx_word' id='word_1_340' title='bbox 1478 3635 1614 3698; x_wconf 90' lang='lat' dir='ltr'><strong>de0.</strong></span> <span class='ocrx_word' id='word_1_341' title='bbox 1687 3632 1918 3697; x_wconf 88' lang='lat' dir='ltr'><strong>Caesar</strong></span> <span class='ocrx_word' id='word_1_342' title='bbox 1950 3633 2243 3714; x_wconf 85' lang='lat' dir='ltr'><strong>Caligula</strong></span> <span class='ocrx_word' id='word_1_343' title='bbox 2274 3655 2416 3696; x_wconf 90' lang='lat' dir='ltr'><strong>cum</strong></span> <span class='ocrx_word' id='word_1_344' title='bbox 2450 3634 2657 3698; x_wconf 89' lang='lat' dir='ltr'><strong>tribus</strong></span> 
     </span>
     <span class='ocr_line' id='line_1_39' title="bbox 387 3719 2651 3802; baseline -0 -18"><span class='ocrx_word' id='word_1_345' title='bbox 387 3722 716 3786; x_wconf 88' lang='lat' dir='ltr'><strong>sororibus</strong></span> <span class='ocrx_word' id='word_1_346' title='bbox 761 3720 1056 3798; x_wconf 87' lang='lat' dir='ltr'><strong>Drusilla,</strong></span> <span class='ocrx_word' id='word_1_347' title='bbox 1104 3721 1285 3783; x_wconf 87' lang='lat' dir='ltr'><strong>Livia</strong></span> <span class='ocrx_word' id='word_1_348' title='bbox 1331 3725 1394 3783; x_wconf 84' lang='lat' dir='ltr'><strong>et</strong></span> <span class='ocrx_word' id='word_1_349' title='bbox 1442 3720 1794 3802; x_wconf 82' lang='lat' dir='ltr'><strong>Agrippina</strong></span> <span class='ocrx_word' id='word_1_350' title='bbox 1856 3719 2057 3801; x_wconf 82' lang='lat' dir='ltr'><strong>stupri</strong></span> <span class='ocrx_word' id='word_1_351' title='bbox 2126 3720 2651 3783; x_wconf 85' lang='lat' dir='ltr'><strong>consuetudinem</strong></span> 
     </span>
     <span class='ocr_line' id='line_1_40' title="bbox 388 3803 2656 3887; baseline -0 -17"><span class='ocrx_word' id='word_1_352' title='bbox 388 3807 544 3871; x_wconf 87' lang='lat' dir='ltr'><strong>fecit</strong></span> <span class='ocrx_word' id='word_1_353' title='bbox 587 3812 652 3871; x_wconf 86' lang='lat' dir='ltr'><strong>et</strong></span> <span class='ocrx_word' id='word_1_354' title='bbox 697 3811 911 3871; x_wconf 87' lang='lat' dir='ltr'><strong>tamen</strong></span> <span class='ocrx_word' id='word_1_355' title='bbox 959 3806 1082 3869; x_wconf 87' lang='lat' dir='ltr'><strong>fuit</strong></span> <span class='ocrx_word' id='word_1_356' title='bbox 1126 3806 1442 3887; x_wconf 87' lang='lat' dir='ltr'><strong>impunita</strong></span> <span class='ocrx_word' id='word_1_357' title='bbox 1486 3804 1777 3868; x_wconf 65' lang='lat' dir='ltr'><strong>foeditas</strong></span> <span class='ocrx_word' id='word_1_358' title='bbox 1839 3805 1995 3881; x_wconf 83' lang='lat' dir='ltr'><strong>Quis</strong></span> <span class='ocrx_word' id='word_1_359' title='bbox 2029 3803 2284 3867; x_wconf 89' lang='lat' dir='ltr'><strong>dubitat</strong></span> <span class='ocrx_word' id='word_1_360' title='bbox 2313 3804 2485 3885; x_wconf 82' lang='lat' dir='ltr'><strong>leges</strong></span> <span class='ocrx_word' id='word_1_361' title='bbox 2518 3828 2656 3869; x_wconf 88' lang='lat' dir='ltr'><strong>esse</strong></span> 
     </span>
     <span class='ocr_line' id='line_1_41' title="bbox 386 3886 2654 3973; baseline -0.001 -17"><span class='ocrx_word' id='word_1_362' title='bbox 386 3892 552 3957; x_wconf 83' lang='lat' dir='ltr'><strong>telas</strong></span> <span class='ocrx_word' id='word_1_363' title='bbox 597 3914 990 3971; x_wconf 85' lang='lat' dir='ltr'><strong>aranearum,</strong></span> <span class='ocrx_word' id='word_1_364' title='bbox 1039 3894 1111 3955; x_wconf 90' lang='lat' dir='ltr'><strong>ut</strong></span> <span class='ocrx_word' id='word_1_365' title='bbox 1154 3890 1368 3971; x_wconf 89' lang='lat' dir='ltr'><strong>inquit</strong></span> <span class='ocrx_word' id='word_1_366' title='bbox 1415 3890 1669 3973; x_wconf 87' lang='lat' dir='ltr'><strong>sapiens</strong></span> <span class='ocrx_word' id='word_1_367' title='bbox 1716 3889 1820 3954; x_wconf 92' lang='lat' dir='ltr'><strong>ille</strong></span> <span class='ocrx_word' id='word_1_368' title='bbox 1865 3886 2195 3971; x_wconf 80' lang='lat' dir='ltr'><strong>Schyt-a?²</strong></span> <span class='ocrx_word' id='word_1_369' title='bbox 2265 3888 2511 3953; x_wconf 85' lang='lat' dir='ltr'><strong>Tenent</strong></span> <span class='ocrx_word' id='word_1_370' title='bbox 2556 3892 2654 3953; x_wconf 91' lang='lat' dir='ltr'><strong>in-</strong></span> 
     </span>
     <span class='ocr_line' id='line_1_42' title="bbox 393 3974 2655 4057; baseline 0 -16"><span class='ocrx_word' id='word_1_371' title='bbox 393 3978 578 4041; x_wconf 87' lang='lat' dir='ltr'><strong>firma</strong></span> <span class='ocrx_word' id='word_1_372' title='bbox 623 3977 944 4056; x_wconf 86' lang='lat' dir='ltr'><strong>animalia,</strong></span> <span class='ocrx_word' id='word_1_373' title='bbox 991 3977 1385 4057; x_wconf 88' lang='lat' dir='ltr'><strong>potentiores</strong></span> <span class='ocrx_word' id='word_1_374' title='bbox 1431 3997 1557 4039; x_wconf 85' lang='lat' dir='ltr'><strong>non</strong></span> <span class='ocrx_word' id='word_1_375' title='bbox 1604 3976 1826 4055; x_wconf 82' lang='lat' dir='ltr'><strong>ligant.</strong></span> <span class='ocrx_word' id='word_1_376' title='bbox 1924 3974 2087 4055; x_wconf 88' lang='lat' dir='ltr'><strong>„Dat</strong></span> <span class='ocrx_word' id='word_1_377' title='bbox 2134 3975 2381 4037; x_wconf 87' lang='lat' dir='ltr'><strong>veniam</strong></span> <span class='ocrx_word' id='word_1_378' title='bbox 2429 3978 2655 4052; x_wconf 50' lang='lat' dir='ltr'><strong>corvis</strong></span> 
     </span>
     <span class='ocr_line' id='line_1_43' title="bbox 401 4059 2658 4129; baseline -0.001 -1"><span class='ocrx_word' id='word_1_379' title='bbox 401 4066 596 4129; x_wconf 85' lang='lat' dir='ltr'><strong>vexat</strong></span> <span class='ocrx_word' id='word_1_380' title='bbox 643 4084 908 4127; x_wconf 86' lang='lat' dir='ltr'><strong>censura</strong></span> <span class='ocrx_word' id='word_1_381' title='bbox 952 4059 1374 4125; x_wconf 76' lang='lat' dir='ltr'><strong>columba8.“²</strong></span> <span class='ocrx_word' id='word_1_382' title='bbox 1435 4060 1701 4125; x_wconf 82' lang='lat' dir='ltr'><strong>Miserae</strong></span> <span class='ocrx_word' id='word_1_383' title='bbox 1746 4060 1971 4123; x_wconf 89' lang='lat' dir='ltr'><strong>Vestae</strong></span> <span class='ocrx_word' id='word_1_384' title='bbox 2019 4060 2343 4123; x_wconf 89' lang='lat' dir='ltr'><strong>ministras</strong></span> <span class='ocrx_word' id='word_1_385' title='bbox 2388 4061 2658 4125; x_wconf 90' lang='lat' dir='ltr'><strong>circum-</strong></span> 
     </span>
    </p>
   </div>
   <div class='ocr_carea' id='block_1_3' title="bbox 390 4246 2655 4449">
    <p class='ocr_par' dir='ltr' id='par_1_3' title="bbox 390 4246 2655 4449">
     <span class='ocr_line' id='line_1_44' title="bbox 526 4246 2153 4321; baseline -0.004 -21"><span class='ocrx_word' id='word_1_386' title='bbox 526 4262 554 4291; x_wconf 72' lang='lat' dir='ltr'><strong>a</strong></span> <span class='ocrx_word' id='word_1_387' title='bbox 585 4264 724 4315; x_wconf 89' lang='lat' dir='ltr'><strong>erga.</strong></span> <span class='ocrx_word' id='word_1_388' title='bbox 865 4252 893 4288; x_wconf 86' lang='lat' dir='ltr'><strong>b</strong></span> <span class='ocrx_word' id='word_1_389' title='bbox 924 4246 1212 4299; x_wconf 85' lang='lat' dir='ltr'><strong>celandam.</strong></span> <span class='ocrx_word' id='word_1_390' title='bbox 1731 4312 1739 4321; x_wconf 32' lang='grc' dir='ltr'>ι</span> <span class='ocrx_word' id='word_1_391' title='bbox 2144 4312 2153 4321; x_wconf 93' lang='lat'><strong>.</strong></span> 
     </span>
     <span class='ocr_line' id='line_1_45' title="bbox 534 4312 2655 4381; baseline -0.002 -12"><span class='ocrx_word' id='word_1_392' title='bbox 534 4318 552 4348; x_wconf 90' lang='lat'>¹</span> <span class='ocrx_word' id='word_1_393' title='bbox 588 4315 696 4369; x_wconf 80' lang='lat' dir='ltr'><strong>Sat.</strong></span> <span class='ocrx_word' id='word_1_394' title='bbox 732 4315 827 4381; x_wconf 73' lang='lat' dir='ltr'><strong>IV,</strong></span> <span class='ocrx_word' id='word_1_395' title='bbox 867 4315 945 4369; x_wconf 90' lang='lat'><strong>10.</strong></span> <span class='ocrx_word' id='word_1_396' title='bbox 1092 4316 1111 4347; x_wconf 85' lang='lat'><strong>²</strong></span> <span class='ocrx_word' id='word_1_397' title='bbox 1148 4314 1285 4367; x_wconf 83' lang='lat' dir='ltr'><strong>Statt</strong></span> <span class='ocrx_word' id='word_1_398' title='bbox 1321 4313 1534 4380; x_wconf 81' lang='lat' dir='ltr'><strong>Scytha,</strong></span> <span class='ocrx_word' id='word_1_399' title='bbox 1584 4312 1811 4365; x_wconf 88' lang='lat' dir='ltr'><strong>nemhch</strong></span> <span class='ocrx_word' id='word_1_400' title='bbox 1868 4313 2215 4380; x_wconf 74' lang='lat' dir='ltr'><strong>Anaclia1s1s3</strong></span> <span class='ocrx_word' id='word_1_401' title='bbox 2269 4312 2405 4364; x_wconf 85' lang='lat' dir='ltr'><strong>nach</strong></span> <span class='ocrx_word' id='word_1_402' title='bbox 2460 4312 2655 4365; x_wconf 81' lang='lat' dir='ltr'><strong>andern</strong></span> 
     </span>
     <span class='ocr_line' id='line_1_46' title="bbox 390 4380 1887 4449; baseline -0.002 -10"><span class='ocrx_word' id='word_1_403' title='bbox 390 4386 512 4439; x_wconf 84' lang='lat' dir='ltr'><strong>that</strong></span> <span class='ocrx_word' id='word_1_404' title='bbox 545 4384 702 4439; x_wconf 83' lang='lat' dir='ltr'><strong>Solon</strong></span> <span class='ocrx_word' id='word_1_405' title='bbox 739 4384 839 4437; x_wconf 89' lang='lat' dir='ltr'><strong>den</strong></span> <span class='ocrx_word' id='word_1_406' title='bbox 876 4383 1224 4449; x_wconf 83' lang='lat' dir='ltr'><strong>Ausspruch.-</strong></span> <span class='ocrx_word' id='word_1_407' title='bbox 1345 4384 1365 4413; x_wconf 71' lang='lat'><strong>²⁵</strong></span> <span class='ocrx_word' id='word_1_408' title='bbox 1397 4383 1520 4435; x_wconf 86' lang='lat' dir='ltr'><strong>Juv.</strong></span> <span class='ocrx_word' id='word_1_409' title='bbox 1558 4380 1665 4437; x_wconf 84' lang='lat' dir='ltr'><strong>Sat.</strong></span> <span class='ocrx_word' id='word_1_410' title='bbox 1702 4380 1771 4449; x_wconf 91' lang='lat' dir='ltr'><strong>II,</strong></span> <span class='ocrx_word' id='word_1_411' title='bbox 1806 4382 1887 4436; x_wconf 87' lang='lat'><strong>63.</strong></span> 
     </span>
    </p>
   </div>
  </div>
 </body>
</html>
