3084 4895
447 366 573 430 246
1289 364 1460 417 Briefe
1495 365 1591 417 des
1626 364 1677 420 J.
1720 364 1868 421 1512.

451 544 645 620 atque
691 536 848 598 adeo
894 534 1143 599 hebetis
1189 537 1254 597 et
1297 532 1514 598 obtusi
1572 534 1800 611 cordiS,
1862 538 1935 599 ut
1990 534 2161 617 quod
2218 536 2429 601 sentio
2490 538 2725 603 vulnus

450 645 578 687 non
635 621 926 685 sentiam.
1019 620 1325 701 Ignavum
1377 621 1470 681 vis
1517 642 1656 682 esse
1702 624 1897 701 atque
1942 620 2230 698 inertem,
2295 622 2480 703 quasi
2535 624 2723 688 testi-

451 707 732 772 monium
781 705 933 769 illud
969 709 1150 769 tuum
1185 726 1313 768 non
1347 705 1433 767 sit
1465 693 1668 785 ἇργός
1700 694 1914 787 λόγος,
1957 706 2021 768 id
2056 710 2154 769 est
2198 707 2434 789 ignava
2479 709 2667 785 ratio,
2696 722 2725 749 ⁸

451 794 551 858 cui
599 794 653 856 si
707 813 1059 875 pareamUS‚
1127 790 1286 854 nihil
1347 794 1444 853 est
1502 792 1785 869 omnin0,
1854 792 2025 872 quod
2094 813 2363 873 agamus
2431 794 2498 857 in
2566 795 2721 859 vita.

451 879 577 943 Sed
622 879 774 960 quia
822 877 996 940 vides
1044 877 1219 939 nulla
1266 876 1510 939 ratione
1581 877 1740 939 verti
1809 898 1997 957 posse
2062 877 2405 942 Lotianum
2476 880 2723 943 incom-

452 965 708 1028 modum
786 962 1063 1045 (tantum
1142 961 1338 1042 pollet
1410 962 1813 1025 inimicorum
1891 962 2331 1045 conspiratio),
2423 964 2723 1046 prudenti

453 1050 716 1113 consilio
786 1047 993 1129 jubeS,
1062 1052 1137 1110 ut
1205 1067 1456 1128 parcam
1533 1046 2075 1111 sollicitudinibus
2150 1053 2214 1111 et
2290 1050 2479 1126 curiS,
2555 1072 2725 1130 quae

460 1136 738 1215 vigorem
785 1132 981 1213 animi
1028 1132 1388 1195 subrodunt
1420 1135 1484 1195 et
1514 1131 2007 1214 tranquillitatis
2039 1134 2295 1197 avidum
2332 1155 2457 1197 non
2496 1134 2725 1199 sinunt

452 1243 590 1283 esse
643 1217 1079 1300 tranquillum.
1169 1218 1393 1298 Itaque
1447 1217 1649 1282 amice
1708 1217 2205 1299 simpliciterque
2268 1220 2577 1283 confiteor
2623 1242 2725 1283 me

453 1327 581 1369 non
648 1304 1026 1386 improbare,
1101 1302 1274 1383 quod
1353 1302 1653 1365 consulis.
1768 1300 2163 1383 Argumento
2236 1306 2323 1369 sit
2396 1305 2723 1369 cavillatio

455 1411 808 1465 numerosa,
878 1409 1070 1468 quam
1135 1388 1461 1450 recreandi
1521 1387 1719 1450 animi
1780 1389 1988 1467 gratia
2034 1390 2253 1471 paucis
2296 1395 2450 1453 ante
2496 1390 2725 1454 diebus

457 1477 540 1540 ad
584 1480 649 1539 te
697 1473 888 1538 dedi.¹
982 1472 1143 1548 Quid
1206 1473 1372 1535 enim
1443 1473 1682 1536 attinet
1728 1472 1793 1534 in
1839 1474 2023 1536 malis
2069 1478 2399 1538 aeternum
2454 1475 2727 1557 ingemi-

454 1582 644 1637 scere,
679 1581 820 1623 cum
855 1558 1041 1621 bonis
1088 1563 1390 1640 perpetuo
1438 1558 1561 1620 frui
1612 1580 1736 1620 non
1786 1560 2147 1639 possimus?
2238 1560 2448 1624 Etiam
2494 1562 2725 1643 spiritu

456 1646 733 1729 precario
779 1644 1035 1708 utimur.
1127 1644 1402 1725 Repetat
1447 1644 1557 1726 qui
1604 1643 1797 1719 dedit,
1833 1649 1896 1706 et
1928 1644 2249 1709 videbitur
2280 1646 2492 1709 inanis
2526 1646 2725 1713 fuisse

457 1737 729 1796 conatus
805 1733 1040 1792 noster.
1155 1729 1292 1791 Non
1373 1729 1540 1792 enim
1612 1732 1877 1792 externa
1947 1729 2279 1794 nobiscum
2355 1730 2723 1795 auferimus

458 1819 644 1899 Erg0‚
694 1817 778 1878 mi
825 1815 1100 1891 Urbane,
1146 1819 1386 1877 rectum
1435 1814 1671 1877 dedisti
1718 1815 2077 1892 consilium,
2125 1838 2241 1880 nec
2286 1817 2425 1879 sine
2470 1817 2723 1881 effectu.

453 1904 544 1966 De
591 1901 809 1965 Stoico
869 1900 1037 1963 enim
1103 1900 1448 1963 maximum
1498 1898 1785 1963 Stoicum
1836 1905 1899 1963 et
1945 1901 2130 1982 quasi
2200 1902 2469 1965 alterum
2535 1902 2725 1984 Epic-

453 1988 718 2052 tetumb
786 1985 1014 2049 fecisti.
1127 1984 1469 2067 Reliquum
1539 1989 1657 2061 est,
1724 1989 1799 2047 ut
1865 1986 2147 2049 animum
2196 2011 2235 2049 a
2290 2009 2575 2051 moerore
2644 1989 2725 2052 ad

459 2074 769 2137 laetitiam
833 2092 1218 2134 revocemus,
1313 2069 1540 2134 Casam
1600 2069 1913 2134 nostram²
1969 2071 2241 2135 libenter
2302 2073 2727 2155 patefacerem

454 2158 702 2241 Petrejo
748 2157 1155 2221 ornatissimo
1195 2156 1435 2237 juveni,
1484 2156 1608 2220 nisi
1648 2155 1889 2237 janitor
1932 2157 2290 2239 inquilinus
2335 2158 2726 2223 obaudiret.³

455 2246 576 2322 Qui
634 2264 872 2325 quaeso
921 2242 1068 2324 pelli
1111 2246 1343 2323 potest,
1392 2264 1535 2305 cum
1582 2245 1846 2324 appetat
1892 2243 2025 2305 dies
2071 2242 2489 2325 a1·changeli,⁴
2553 2244 2726 2309 loca-

456 2331 652 2394 tionis
713 2327 1117 2410 auspicium‘?
1205 2328 1466 2391 lncivile
1529 2326 1801 2390 habetur
1864 2349 1993 2391 non
2054 2329 2203 2393 dare
2266 2333 2542 2411 spatium
2596 2353 2729 2395 ses-

460 2418 808 2498 quimense,
844 2436 970 2495 quo
1004 2413 1128 2477 sibi
1161 2414 1522 2497 prospiciat.
1596 2412 1821 2477 Scribo
1855 2414 1930 2477 de
1961 2436 2028 2478 re
2060 2415 2199 2498 ipsa
2222 2417 2302 2480 ad
2324 2414 2726 2494 Martinum‚⁵

456 2527 536 2566 ex
582 2525 729 2585 qu0‚
777 2502 931 2582 quid
993 2499 1130 2562 fieri
1185 2500 1409 2582 possit,
1471 2500 1808 2580 intelliges.
1916 2500 2046 2564 Nos
2114 2502 2401 2566 favemus
2468 2501 2729 2584 Petrejo

457 2611 586 2652 non
656 2585 1043 2650 fastidiendo
1105 2584 1267 2666 juris
1343 2582 1715 2649 candidato⁶
1786 2588 1861 2648 ut
1920 2587 2022 2650 cui
2088 2588 2245 2651 totis
2318 2588 2726 2670 praecordiis.

456 2675 627 2737 Vale.
718 2673 1030 2736 Vocamur
1074 2671 1155 2733 ad
1201 2671 1476 2752 epulum.
1568 2671 1908 2735 Daturne⁰
1968 2672 2299 2755 aliquid?⁷
2390 2673 2460 2737 Si
2518 2674 2727 2753 datur,

459 2761 675 2824 sciam.
766 2758 865 2821 Ex
909 2755 1142 2821 Gotha.

768 2857 890 2912 Cod.
927 2855 1060 2909 Frof.
1099 2855 1214 2910 225.

458 3028 689 3096 (Gotha.)
1517 3009 1659 3072 194.
1926 3027 2078 3094 (kurz
2116 3043 2213 3081 vor
2246 3029 2327 3082 30.
2366 3029 2533 3099 Sept.)
2576 3032 2728 3085 1512.

1216 3118 1508 3188 Mutian
1554 3139 1652 3188 an
1695 3118 1977 3189 Urban.

459 3234 662 3300 (Lulsas
727 3231 971 3286 Cranaeh
1007 3231 1078 3282 ist
1114 3230 1253 3283 nach
1296 3231 1470 3283 Gotha
1511 3231 1828 3297 yekomme
1880 3231 2007 3283 doch
2054 3231 2183 3283 ohne
2228 3231 2393 3298 Rrief
2431 3234 2729 3301 &palatina

471 3302 741 3355 Wc'ihrend
791 3301 883 3352 der
945 3300 1269 3352 Oelccmomus
1323 3299 1605 3350 Friedrich
1657 3316 1758 3351 von
1809 3299 2292 3352 Reinhardsbmmn
2342 3299 2614 3370 besliindiy
2648 3303 2731 3355 im

458 3372 613 3424 Amic
660 3369 826 3433 bleibt,
875 3368 948 3420 ist
1007 3368 1216 3420 Urbans
1273 3368 1509 3434 Stellunq
1558 3372 1681 3419 sicis
1716 3368 1775 3419 in
1812 3367 1987 3435 Frayc
2026 3369 2236 3435 qestcllt.
2314 3369 2455 3422 Doch.
2487 3371 2619 3438 Izofft
2654 3371 2729 3424 M.

459 3441 558 3492 ilm
593 3439 676 3491 im
710 3437 865 3490 Amce
899 3453 974 3489 zu
1007 3437 1254 3488 erhaltcn.
1325 3435 1487 3488 Bittet
1521 3453 1620 3487 um
1652 3435 2149 3504 Biccherbesoryuny
2184 3441 2323 3490 trotx
2363 3438 2731 3508 Gddmnqels

818 3522 990 3574 weqen
1022 3505 1110 3557 des
1145 3504 1463 3571 Einkaufes·
1477 3504 1566 3556 des
1601 3503 1811 3556 Paulus
1846 3507 1910 3556 in
1941 3505 2039 3558 das
2076 3505 2365 3574 Hospital.)

595 3602 955 3652 Praestanti
992 3603 1056 3652 et
1089 3601 1392 3662 imprimis
1439 3604 1662 3650 ornato
1708 3601 2008 3661 magistro
2054 3603 2137 3652 Η.
2185 3603 2442 3654 Urbano
2479 3617 2657 3655 oeco-

973 3699 1176 3745 nom0,
1223 3686 1421 3736 amico
1459 3686 1825 3736 suavissimo
1860 3687 1949 3736 M.
1985 3687 2209 3738 Rufus·

667 3779 730 3843 S.
825 3781 1011 3844 Venit
1082 3779 1360 3843 Gotham
1429 3780 1637 3844 Lucas
1708 3781 1917 3863 pictor
1992 3779 2337 3845 excellens⁸
2406 3786 2489 3860 et,
2557 3785 2729 3866 quod

595 3931 622 3957 ὃ
653 3916 737 3972 So,
774 3913 922 3966 nicht
959 3913 1137 3966 oratio.
1282 3917 1311 3956 b
1338 3913 1653 3981 Epitectum.
1796 3929 1820 3956 ο
1849 3914 2003 3966 datur
2037 3931 2117 3967 ne.

600 3985 617 4014 ²
653 3984 776 4036 Vor.
813 3981 903 4035 ΒΥ.
943 3999 994 4034 v.
1034 3982 1116 4034 23.
1157 3981 1298 4049 Sept.
1441 3983 1460 4014 2
1495 3984 1605 4035 Das
1642 3999 1746 4035 von
1782 3983 1983 4036 seinem
2018 3982 2225 4036 Bruder
2261 3981 2463 4037 ererbte
2500 3984 2652 4038 Haus
2675 3985 2731 4037 in

463 4051 558 4103 der
593 4050 942 4117 Lowengasse
981 4050 1214 4118 (siidlich
1251 4067 1374 4104 vom
1411 4050 1775 4119 Petersberge)
1811 4051 1867 4103 in
1900 4051 2093 4116 Erfurt,
2131 4052 2185 4103 in
2222 4051 2482 4104 welchem
2516 4053 2599 4107 bis
2638 4053 2729 4106 da-

456 4120 548 4172 hin
599 4120 683 4172 ein
733 4120 967 4171 Erfurter
1015 4118 1220 4171 Offizial
1269 4118 1483 4186 (janitor
1530 4119 1843 4188 inquilinus)
1899 4121 2123 4172 wohnte.
2196 4120 2247 4174 S.
2287 4122 2352 4174 15
2388 4123 2450 4172 A.
2490 4121 2536 4173 2.
2608 4121 2727 4200 Vgl.

457 4189 508 4242 S.
548 4188 648 4242 239
686 4191 748 4241 A.
789 4189 817 4240 7
855 4204 909 4239 u.
947 4187 1068 4240 Cod.
1109 4188 1225 4241 230.
1325 4189 1345 4218 ³
1379 4187 1509 4239 Hier
1545 4187 1711 4240 soviel
1749 4187 1853 4240 als:
1890 4187 2269 4242 widerstrebte.
2379 4189 2401 4221 ⁴
2434 4189 2726 4243 Michaehs.

458 4259 479 4289 ⁵
513 4255 707 4308 Martia
743 4256 937 4322 Schilo,
975 4254 1206 4308 Mutians
1242 4256 1560 4308 Prokurator
1594 4256 1649 4308 in
1667 4256 1857 4310 Erfurt.
1896 4257 1947 4310 S.
1976 4257 2075 4309 133
2095 4259 2155 4311 A.
2185 4259 2231 4311 1.
2305 4258 2328 4290 ⁰
2361 4257 2481 4326 Vgl.
2519 4257 2605 4310 ΒΥ.
2629 4259 2724 4312 191

458 4341 580 4378 vom
602 4324 651 4379 8.
677 4323 836 4392 Sept..
857 4325 911 4376 in
931 4323 1190 4376 welchem
1229 4340 1348 4376 zum
1369 4324 1825 4377 bcvorstchendcn
1859 4323 2170 4379 Bakulariat
2206 4326 2300 4377 der
2316 4325 2521 4378 Rechte
2559 4325 2729 4378 Gliick

457 4394 768 4462 gewiinscht
801 4393 948 4446 wird.
1061 4394 1080 4426 '¹
1115 4393 1210 4445 Als
1245 4392 1519 4446 Geschenk
1557 4394 1643 4445 fiir
1677 4392 1761 4445 die
1796 4393 2106 4462 Einladung.
2216 4395 2237 4426 ⁸
2276 4393 2451 4448 Lucas
2487 4394 2728 4449 Cranaen
