3084 4895
467 392 595 456 300
1290 387 1466 441 Briefe
1500 387 1594 441 des
1628 386 1677 443 J.
1718 390 1864 445 1513.

467 562 972 626 benevolentiam
1021 584 1093 624 ac
1139 561 1431 642 gratiam,
1480 584 1607 644 qua
1651 561 1797 625 olim
1847 562 2346 645 amplectebariS,
2379 566 2705 644 restituam,

470 671 585 713 nec
659 649 863 712 solum
935 648 1254 721 restituas,
1329 670 1544 712 verum
1610 651 1674 712 et
1742 648 2097 731 plusculum
2173 649 2412 733 aliquid
2484 652 2707 729 addaS‚

470 736 638 817 quod
699 736 802 798 ille
847 735 1029 816 plane
1074 734 1392 815 intelligat
1436 756 1512 797 ex
1560 755 1651 808 e0‚
1700 734 1849 817 quia
1895 757 2071 799 meus
2117 736 2306 801 etiam
2362 738 2709 820 aliquando

470 820 680 899 fuerit,
755 822 833 884 ad
907 821 1208 903 pristinas
1293 820 1572 884 rationes
1660 842 1807 884 suas
1880 823 2236 887 accessisse.
2346 823 2508 888 Vale.
2608 824 2712 891 Ex

470 908 759 991 Augusta
801 906 995 970 XIIII.
1042 906 1179 969 Kal.
1227 906 1452 970 Junias
1500 904 1683 972 1513.

775 1007 896 1062 Cod.
931 1006 1063 1060 Frcf.
1100 1007 1217 1061 360.

470 1264 702 1334 (Gotha.)
1512 1252 1655 1317 243.
2120 1268 2236 1334 (vor
2269 1270 2349 1327 22.
2390 1272 2497 1325 Mai
2535 1273 2710 1343 1513.)

1023 1397 1309 1468 Mutian
1355 1416 1452 1466 an
1495 1397 1653 1467 Abt
1696 1398 2158 1509 Hartmann.¹

469 1542 736 1611 (Gedichte
789 1544 893 1612 auf
945 1544 1252 1599 Harlmamz
1305 1562 1403 1599 von
1455 1544 1633 1597 Fulda
1683 1545 1796 1597 und
1844 1544 1953 1613 auf
1986 1546 2085 1598 den
2125 1545 2443 1615 Ρῑὸικίίοὴεη
2481 1546 2527 1598 T
2518 1547 2589 1599 od
2618 1546 2713 1599 des

1293 1614 1503 1667 Dekans
1537 1613 1845 1667 Baumbaeh
1850 1616 1883 1681 .)

675 1768 738 1833 S.
827 1770 1108 1833 Joannes
1155 1768 1679 1853 Hennebergius‚²
1728 1770 1836 1853 qui
1862 1769 2032 1853 juste
2077 1791 2218 1833 cum
2251 1768 2373 1833 fide
2418 1770 2599 1848 vixit,
2636 1772 2715 1834 de

476 1855 590 1919 deo
639 1856 977 1921 immortali
1024 1862 1090 1919 et
1135 1857 1437 1920 coenobio
1487 1857 1773 1920 Vuldano
1843 1857 2001 1920 bene
2070 1856 2330 1919 meritus
2402 1857 2716 1939 proximis

477 1941 700 2005 diebus
766 1943 832 2007 in
901 1943 1228 2007 coelestem
1306 1942 1561 2008 domum
1636 1944 1840 2027 passis
1906 1942 2060 2005 velis
2124 1942 2507 2024 remigravit
2582 1965 2711 2006 non

474 2029 811 2110 requiescit
855 2029 918 2092 in
968 2028 1273 2111 sepulcro.
1329 2030 1436 2093 secl
1493 2031 1705 2115 elapso
1772 2029 1982 2097 animo
2049 1994 2318 2113 speratae>
2345 2034 2407 2093 et
2450 2033 2717 2095 aeterna

473 2113 772 2183 beatioris
818 2116 985 2180 vitae
1031 2116 1229 2202 gloria
1274 2114 1520 2181 fruitur.

1140 2236 1232 2301 Ad
1279 2258 1702 2303 successorem
1749 2238 2040 2319 elogium.

675 2339 771 2405 Ne
816 2345 1069 2424 caperet
1112 2345 1358 2405 vastam
1403 2363 1667 2423 regnum
1712 2340 2023 2406 Vuldense
2068 2341 2335 2420 ruinam,

763 2431 825 2491 te
872 2428 1165 2492 comitem
1211 2427 1366 2511 legit
1411 2429 1671 2513 provida
1722 2452 1869 2493 cura
1914 2427 2100 2494 senis,

676 2513 772 2577 Tu
816 2515 1039 2595 pieta8‚
1086 2516 1236 2596 quia
1280 2516 1409 2578 fixa
1451 2516 1572 2580 tibi
1619 2519 1716 2580 est
1758 2516 1960 2580 tutela
2004 2515 2249 2594 salutiS,

759 2601 1007 2682 egregie
1054 2601 1310 2666 doctum
1355 2603 1605 2684 suspice
1649 2624 1883 2683 quaeso
1930 2606 2192 2685 patrem.

676 2686 835 2750 Nam
884 2686 1132 2768 placida
1178 2709 1388 2752 sacros
1433 2689 1593 2752 fines
1638 2689 1878 2755 ditione
1923 2689 2239 2770 gubernat

759 2772 1192 2837 Hartmaunus
1239 2775 1477 2838 domini
1523 2796 1695 2838 more
1740 2776 1965 2862 prioris
2010 2796 2223 2856 agens

677 2859 849 2924 Juris
893 2864 958 2924 et
1001 2860 1236 2943 eloquii
1282 2861 1572 2944 princeps
1618 2866 1682 2924 et
1728 2866 2061 2925 stemmate
2107 2861 2311 2924 clarus

767 2951 1194 3028 praestantem
1241 2948 1470 3012 meruit
1513 2947 1723 3010 laudis
1768 2947 2004 3013 honore
2049 2947 2333 3030 gradum

673 3031 857 3112 Erg0‚
905 3038 1101 3115 pater,
1149 3033 1302 3098 felix
1350 3033 1595 3116 equites
1645 3055 1969 3115 compesce
2013 3031 2387 3117 proterVOS‚³

764 3123 827 3182 te
874 3118 1032 3184 duce
1075 3120 1346 3184 laetetur
1391 3120 1567 3203 pacis
1610 3119 1869 3184 alumna
1913 3120 2109 3202 quies

473 3237 880 3322 Epitaphium
945 3237 1184 3317 decani,
1246 3240 1356 3322 qui
1413 3261 1524 3324 per
1578 3239 1977 3323 apoplexiam
2037 3239 2196 3304 lucis
2254 3259 2507 3303 usuram
2571 3258 2718 3301 cum

1257 3330 1458 3390 morte
1503 3326 1935 3390 commutavit.

677 3428 848 3491 Dant
891 3427 1018 3491 cita
1063 3427 1290 3492 fatales
1335 3428 1576 3493 homini
1624 3428 1720 3492 vel
1763 3430 1946 3493 tarda
1990 3450 2253 3504 sorores,

766 3513 874 3576 sed
922 3535 1085 3596 quae
1132 3516 1573 3598 praecipitant,
1620 3538 1815 3598 pensa
1860 3514 2142 3578 timenda
2187 3515 2407 3596 magis,

679 3599 944 3663 Militiae
991 3600 1352 3664 Baumbach
1401 3601 1728 3666 Benedicti
1774 3601 2033 3700 signifer
2080 3604 2252 3664 atrae

767 3686 1015 3767 cogitur
1059 3709 1096 3750 a
1143 3709 1297 3751 cena
1346 3695 1526 3752 nocte
1573 3688 1798 3751 silente
1840 3687 2016 3750 mori.

679 3770 882 3836 Annis
932 3773 1115 3870 signa
1160 3774 1370 3838 decem
1417 3775 1567 3838 tulit
1610 3780 1683 3838 ut
1726 3775 1861 3838 sine
1906 3773 2047 3836 labe
2094 3771 2389 3847 decanus,

769 3859 894 3921 imo
941 3861 1082 3941 pins
1126 3865 1348 3922 sancta
1393 3861 1797 3943 simplicitate
1843 3881 2088 3941 parens

685 3944 882 4008 Parce
929 3948 1082 4009 deus
1129 3946 1208 4027 (si
1255 3967 1380 4025 qua
1427 3952 1522 4009 est
1568 3947 1815 4029 pietas),
1865 3946 2011 4009 dum
2058 3945 2291 4008 transit
2339 3943 2401 4006 in
2450 3965 2635 4006 auras

765 4030 1026 4113 spiritus
1075 4035 1137 4096 et
1181 4039 1383 4095 mater
1428 4053 1653 4115 corpus
1699 4033 1889 4096 inane
1933 4031 2113 4113 tegit.

615 4235 871 4287 ¹Bildete
905 4234 1273 4303 mspriinglich
1311 4233 1425 4286 eine
1459 4234 1676 4303 Einlage
1715 4253 1780 4288 zu
1816 4237 1934 4288 dem
1978 4236 2060 4289 Βι·.
2098 4233 2309 4287 U1bans
2338 4249 2404 4285 an
2428 4230 2722 4285 Hartmann

473 4305 566 4359 Nr.
605 4304 721 4371 245,
773 4305 936 4356 daher
969 4321 1091 4358 vom
1125 4303 1475 4356 Abschieiber
1509 4306 1644 4357 ohne
1680 4305 1961 4358 besondere
2014 4304 2276 4358 Nummer
2312 4318 2377 4355 an
2416 4301 2594 4353 diesen
2628 4317 2720 4354 an-

472 4374 710 4442 gehangt.
769 4363 912 4426 Uber
945 4373 1237 4426 Hartmann
1271 4390 1321 4424 v.
1359 4372 1664 4444 Kirehberg.
1701 4374 1751 4428 S.
1790 4374 1822 4426 9
1857 4376 1918 4426 A.
1964 4375 2008 4426 1.
2148 4371 2308 4425 *Abt
2342 4370 2611 4424 Johannes
2645 4370 2713 4424 Π.

472 4445 512 4511 †
547 4443 627 4498 20.
663 4442 772 4497 Mai
810 4444 956 4498 1513.
1028 4442 1144 4511 Vgl.
1181 4442 1232 4498 S.
1270 4441 1372 4496 279
1405 4445 1466 4497 A.
1508 4444 1552 4496 1.
1693 4444 1714 4474 ³
1745 4442 1844 4495 Die
1878 4441 2135 4498 Riedesel.
2173 4439 2379 4511 Vg1.S
2416 4439 2517 4492 259
2552 4443 2614 4496 A.
2652 4439 2700 4492 2.
