3084 4895
418 377 547 442 488
1260 375 1437 432 Briefe
1472 375 1566 430 des
1601 376 1653 432 J.
1695 377 1843 432 1514.

423 561 657 635 (Gotha.)
1480 546 1629 612 420.
2232 563 2316 618 26.
2352 562 2492 630 Sept.
2534 564 2688 617 1514.

1176 671 1470 744 Mutian
1514 691 1615 741 an
1659 669 1940 742 Urban.

422 801 639 868 (Urban
674 804 836 852 xicrnt
872 816 1044 868 weyen
1078 799 1171 852 der
1220 799 1494 868 Vonoic’rfe
1516 799 1814 859 anh'sslich.
1849 802 1942 854 der
1976 801 2171 868 12⁷1qu
2203 801 2290 853 des
2323 801 2568 854 Publius.
2621 801 2695 854 M.

422 869 773 938 beansssmwht
823 868 925 921 das
978 868 1162 932 Recta,
1216 868 1361 921 seim
1406 867 1732 1005 mmm?
1774 869 1994 937 strafen.
2079 868 2215 923 Uber
2265 868 2530 922 Harbords
2581 870 2696 922 An-

501 1051 894 1103 Amioissimo
934 1051 1212 1110 Urbano,
1246 1051 1382 1102 viro
1418 1052 1970 1112 compositissimae
2008 1052 2373 1112 sapientiae,
2409 1051 2522 1102 sed
2557 1053 2619 1108 et

1102 1137 1242 1186 auri
1276 1136 1635 1188 avidissimo
1670 1138 1760 1188 M.
1796 1137 2022 1188 Rufus.

637 1247 701 1312 S.
795 1247 986 1310 Deles
1030 1250 1096 1311 et
1138 1247 1561 1311 stomacharis
1606 1248 1828 1330 paucis
1886 1248 2255 1312 stimulatus
2318 1245 2699 1311 vocabuliS.¹

426 1331 527 1394 An
583 1332 805 1396 literae
866 1334 1167 1398 dentatae
1226 1339 1381 1396 sunt
1424 1337 1539 1396 aut.
1585 1334 1914 1397 aculeatae
1961 1339 2075 1396 aut.
2117 1333 2353 1396 infesto
2400 1355 2702 1397 mucrone

430 1421 545 1480 aut
590 1423 935 1499 praeacuta
980 1419 1241 1500 cuspide
1270 1417 1646 1482 horrentes?
1735 1419 2012 1482 Minime.
2109 1419 2202 1481 An
2239 1419 2497 1499 ignoras
2528 1419 2704 1481 anti-

427 1523 555 1584 qua
626 1503 899 1568 Mutiani
963 1503 1315 1567 instituta?
1404 1502 1643 1568 Credas
1709 1505 1930 1580 solere,
1995 1525 2158 1586 quae
2226 1505 2482 1582 sentiat,
2553 1525 2701 1585 pro-

427 1587 623 1667 ferre3
694 1593 919 1672 suapte
992 1592 1221 1653 natura
1289 1586 1644 1666 constane,²
1692 1590 1772 1652 ad
1817 1594 1992 1653 tuam
2043 1594 2108 1652 et
2151 1590 2421 1654 aliorum
2491 1594 2702 1653 muta-

434 1673 748 1737 bilitatem
808 1698 885 1738 ne
944 1675 1149 1738 dicam
1208 1675 1531 1738 levitatem
1592 1675 1843 1738 interim
1908 1674 2154 1755 aliquid
2211 1676 2542 1738 remittens
2599 1673 2703 1737 vel

428 1759 670 1824 addens
740 1760 983 1842 judicii.
1096 1759 1237 1824 Non
1318 1761 1572 1841 poterit,
1651 1761 1736 1823 mi
1812 1760 2084 1833 Urbane,
2163 1760 2352 1824 hodie
2428 1761 2699 1842 probum

428 1867 615 1926 agere
661 1844 948 1922 Publius,
1016 1868 1153 1909 cras
1210 1845 1634 1910 sceleratum?
1724 1845 1950 1909 Nonne
2005 1846 2168 1909 alius
2223 1843 2566 1910 Scbalbus³
2623 1846 2706 1908 de

434 1937 760 1994 momento
829 1933 892 1994 in
962 1931 1401 1995 momentum?
1490 1931 1635 1994 Non
1695 1931 1860 1994 idem
1925 1931 2324 1995 Democrit-us
2384 1933 2588 1995 intrat
2639 1935 2711 1994 et

427 2015 564 2078 exit
638 2015 924 2080 flumen.⁴
1042 2015 1177 2096 Ego
1257 2015 1589 2098 castigabo
1667 2017 1828 2080 istos
1904 2038 2096 2092 meOS‚
2174 2017 2386 2099 quoad
2461 2015 2699 2080 licebit.

429 2099 777 2166 Schalbum
829 2125 955 2166 non
1002 2102 1240 2184 recepi3
1274 2102 1559 2165 futurum
1594 2106 1847 2184 tempus
1883 2103 2186 2180 invenies,
2221 2124 2348 2166 non
2383 2125 2708 2185 praesenS‚

430 2209 557 2252 non
607 2189 1039 2270 praeteritum,
1074 2192 1137 2252 et
1169 2188 1427 2270 quidem
1460 2187 1581 2251 sub
1617 2189 2001 2253 conditione.
2095 2188 2219 2252 Sed
2255 2187 2410 2252 haec
2443 2187 2710 2269 nugalia

430 2279 584 2337 sunt
630 2279 692 2336 et
738 2295 909 2338 more
972 2272 1268 2338 foliorum
1329 2273 1615 2337 decidua.
1709 2271 2054 2338 Hallensis⁸
2113 2273 2545 2338 Herebordum
2604 2274 2706 2336 in-

429 2357 745 2423 solentiae
790 2364 854 2424 et
900 2358 1251 2441 impietatis
1297 2359 1627 2441 arguebat.
1722 2359 2064 2443 Obstupui.
2161 2359 2344 2424 Unde
2403 2364 2534 2423 tam
2585 2358 2708 2422 feri

434 2445 689 2509 mores‘?
806 2444 1095 2510 offendit
1165 2443 1732 2526 Engelmannum‚⁶
1806 2445 2004 2510 laedit
2080 2442 2463 2510 Cotionem.⁷
2582 2443 2703 2509 Cui

435 2532 692 2595 tandem
743 2536 959 2613 parcet
990 2531 1099 2595 illa
1132 2532 1427 2613 petulans
1462 2535 1527 2595 et
1558 2532 1866 2595 effrenata
1897 2532 2204 2596 licentia?
2278 2531 2440 2596 Nolo
2476 2530 2704 2594 reddas

438 2639 611 2681 meas
677 2617 758 2681 ad
829 2640 970 2682 eum
1040 2614 1308 2681 literas.⁸
1399 2616 1573 2681 Nihil
1642 2617 2009 2701 proficimus
2083 2617 2475 2699 corrigenda
2567 2616 2702 2699 Ego

437 2724 575 2767 sum
625 2704 869 2767 amicus
917 2702 1498 2781 constantissimuS,
1546 2707 1624 2765 ut
1666 2725 1856 2785 supra
1921 2704 2075 2779 dixi,
2131 2709 2444 2787 quantum
2491 2703 2556 2765 in
2604 2724 2706 2765 me

439 2794 553 2852 est.
647 2788 883 2854 Canem
932 2795 1147 2853 tamen
1197 2789 1481 2866 moverit,
1529 2787 1641 2869 qui
1689 2790 1844 2853 mihi
1889 2789 2101 2853 bilem.
2177 2789 2391 2867 Latr0,
2429 2788 2704 2865 mordeo,

440 2875 639 2956 prodo
716 2874 887 2939 fures
954 2882 1019 2938 et
1081 2875 1379 2939 latrones
1494 2874 1819 2938 Interdum
1894 2874 2073 2940 tituli
2145 2890 2386 2939 memor
2460 2874 2704 2938 dormio

440 2962 843 3043 tranquillus
936 2959 1031 3025 Tu
1101 2982 1335 3043 purgas
1402 2964 1466 3024 et
1536 2960 1726 3023 diluis
1793 2962 2025 3025 omnia.
2129 2960 2470 3043 Nunquam
2543 2959 2708 3041 petis

437 3067 707 3109 veniam.
801 3046 935 3128 Ego
1006 3046 1085 3109 do
1153 3051 1216 3109 et
1283 3050 1429 3128 peto
1496 3049 1562 3108 et
1629 3068 1728 3108 me
1795 3050 2004 3109 totum
2074 3050 2222 3110 tuae
2289 3046 2438 3109 fidei
2501 3044 2705 3109 trade.

436 3130 605 3195 Vale.
699 3132 797 3194 VI.
848 3130 978 3195 Cal.
1029 3130 1170 3196 Oct.
1223 3130 1537 3194 MDXIIII.

751 3232 875 3288 Cod.
913 3232 1045 3285 Frcf.
1082 3232 1203 3285 409.

440 3417 670 3486 (Gotha.)
1496 3403 1641 3465 421.
2254 3416 2336 3473 28.
2373 3414 2514 3483 Sept.
2553 3415 2704 3469 1514.

1198 3528 1491 3598 Mutian
1535 3548 1636 3597 an
1679 3526 1958 3597 Urban.

438 3656 643 3723 (Sobila
678 3656 772 3709 kat
806 3654 896 3708 em
936 3656 1104 3723 wem'y
1156 3656 1286 3709 Geld
1318 3655 1591 3724 yeschdckt.
1665 3654 1739 3706 M.
1776 3654 2056 3707 betracktet
2091 3669 2144 3705 es
2180 3652 2305 3705 aber
2338 3667 2449 3703 nur
2483 3650 2566 3703 als
2601 3648 2712 3702 Ab·

1330 3723 1809 3791 schlaqsxaklunq.)

584 3848 600 3878 ¹
638 3847 843 3914 Wegen
880 3847 974 3898 des
1010 3844 1214 3897 Briefes
1249 3846 1382 3897 iiber
1415 3843 1654 3908 Publius,
1692 3843 1787 3896 Nr.
1822 3842 1937 3896 415.
2077 3842 2096 3873 ²
2131 3839 2428 3907 Eigentlich
2464 3837 2616 3891 sollte
2651 3853 2713 3890 es

442 3916 767 3967 constantem
804 3915 933 3981 (und
968 3930 1027 3967 so
1062 3914 1201 3967 auch
1239 3912 1473 3965 nachher
1505 3912 1880 3975 remittentem,
1934 3910 2236 3975 addentem)
2283 3907 2524 3971 heissen3
2572 3906 2713 3983 doch

439 3982 513 4034 ist
546 3983 631 4035 die
668 3981 1048 4035 Konstruktion
1102 3981 1421 4035 absichtlich
1476 3980 1760 4033 verlassen.
1905 3978 1925 4009 ⁸
1958 3977 2096 4045 Mag.
2149 3976 2346 4043 Caspar
2392 3974 2619 4028 Schalbe
2653 3978 2734 4025 m*

440 4050 631 4115 Eifurt,
670 4052 793 4103 sehr
829 4050 1127 4103 wandelbar
1160 4049 1215 4103 in
1251 4049 1423 4103 seiner
1455 4048 1709 4115 Meinung
1744 4048 1876 4099 iiber
1909 4046 2186 4099 Reuchlin.
2259 4044 2310 4097 S.
2353 4044 2456 4096 413
2493 4046 2556 4095 A.
2593 4043 2642 4095 6.

511 4120 532 4151 ⁴
567 4120 709 4172 Weil
761 4120 853 4172 der
904 4119 1059 4171 Fluss
1106 4118 1263 4185 jeden
1316 4118 1554 4170 Momeut
1596 4118 1681 4168 ein
1729 4116 1952 4169 anderer
1985 4114 2058 4167 ist
2092 4128 2274 4181 wegen
2324 4113 2418 4165 (les
2453 4111 2714 4164 ununter-

444 4187 671 4240 brochen
708 4188 1039 4241 sti-emendem
1077 4187 1336 4239 Wassers.
1460 4186 1481 4218 ὅ
1518 4184 1723 4237 Offizial
1759 4184 1818 4236 G.
1858 4182 2096 4235 Osmund
2131 4196 2237 4235 von
2273 4180 2443 4233 Halle.
2515 4178 2570 4231 S.
2609 4178 2714 4231 279

440 4256 504 4310 Α.
544 4256 590 4309 2.
731 4258 753 4288 ⁶
789 4255 1243 4308 Kiichenmeister.
1286 4252 1435 4320 'VgL
1473 4252 1560 4305 ΒΓ.
1599 4255 1717 4306 416.
1863 4254 1879 4283 ⁷
1919 4250 2263 4317 Semmering.
2335 4248 2386 4301 S.
2427 4248 2527 4299 239
2563 4248 2627 4300 A.
2663 4247 2717 4300 6.

513 4323 535 4354 ⁸
566 4324 653 4376 ΒΥ.
690 4326 809 4390 416,
851 4325 943 4376 der
976 4324 1105 4375 kurz
1140 4339 1237 4375 vor
1272 4322 1353 4377 26.
1392 4322 1531 4389 Sept.
1570 4321 1913 4388 geschrieben
1936 4320 2117 4372 wurde
2153 4318 2264 4371 und
2301 4316 2436 4370 nach
2473 4314 2541 4369 M.
2578 4314 2718 4369 Vor-

443 4395 765 4461 aussetzung
799 4392 935 4445 noch
972 4392 1121 4444 nicht
1156 4391 1459 4459 abgegeben
1492 4406 1617 4445 war.
