3084 4895
482 409 612 483 500
1309 419 1484 474 Briefe
1520 420 1614 475 des
1648 421 1700 475 J.
1746 413 1894 475 1514.

481 593 697 654 tamen
748 590 890 672 plus
927 611 1026 653 me
1057 594 1331 673 occupat
1361 591 1488 655 imo
1521 590 1828 673 degravat
1865 590 2183 657 Martinus
2234 592 2499 658 Sobila·
2584 595 2767 660 Unde

484 680 550 739 et.
592 674 715 739 tibi
763 696 875 757 pro
921 696 1134 739 amore
1197 679 1420 741 mutuo
1485 678 1699 758 gravis
1762 677 1951 741 datur
2007 699 2201 742 causa
2260 680 2513 745 doloris.
2606 682 2764 757 Quis

488 760 659 823 enim
705 780 910 844 aequo
957 760 1121 825 ferat
1165 762 1378 825 animo
1439 766 1692 825 tantam
1760 761 2067 843 fraudem,
2139 764 2461 846 injuriam,
2532 774 2761 831 contu-

488 846 788 910 meliam?
898 846 1126 911 Nonne
1201 848 1661 929 praevaricatio
1730 853 1829 912 est
1895 850 2167 913 transire
2246 850 2559 914 dicenda?
2672 853 2761 915 De

485 930 664 994 XXX
720 933 954 996 annuis
1015 932 1192 996 nulla
1255 932 1331 996 fit
1389 934 1649 997 mentio.
1744 934 2049 998 Videlicet
2104 935 2347 999 oblitus
2410 941 2510 1000 est
2554 937 2761 1002 chiro-

491 1018 720 1099 graphi
767 1021 834 1081 et
877 1019 1170 1100 propriae
1215 1020 1603 1083 testationis,
1696 1016 1835 1084 Non
1906 1020 2165 1101 promisi
2234 1021 2555 1101 salarium,
2615 1022 2759 1105 juro

491 1103 700 1182 deum,
740 1103 884 1185 juro
931 1102 1139 1167 fidem.
1234 1104 1355 1181 Qui
1417 1108 1705 1187 poteram
1772 1107 2164 1187 promittere,
2231 1128 2373 1170 cum
2442 1107 2758 1172 inclusum

485 1192 657 1252 esset
726 1188 1167 1271 chirographo,
1233 1193 1307 1253 ut
1369 1190 1719 1253 numeratis
1776 1188 1956 1252 XXX
2016 1194 2363 1273 quotannis
2418 1194 2557 1275 ipse
2617 1194 2761 1257 reli-

492 1294 688 1355 quum
761 1274 1052 1338 teneret?
1166 1273 1289 1339 Sed
1356 1294 1578 1338 manes
1647 1280 1887 1339 evocat.
2002 1276 2173 1340 Bene
2237 1279 2417 1342 novit
2490 1281 2761 1345 mort-uis

490 1359 732 1423 nullam
786 1380 924 1423 esse
971 1380 1208 1423 curam.
1297 1359 1401 1424 Me
1434 1361 1947 1425 circumscribere
1979 1362 2240 1426 molitur
2269 1365 2456 1444 quasi
2487 1364 2757 1429 stultum

489 1447 557 1509 et
597 1444 789 1528 fingit
837 1444 1094 1509 famulis
1139 1448 1383 1510 nostris
1429 1446 1651 1510 datum
1698 1447 1918 1509 vinum
1962 1452 2028 1510 et
2070 1469 2319 1530 panem,
2382 1450 2532 1513 item
2596 1452 2760 1513 vini-

485 1527 662 1595 tori.²
753 1531 887 1611 Ego
957 1531 1100 1595 dedi
1171 1532 1364 1595 semel
1431 1534 1626 1612 atque
1694 1532 1927 1595 iterum
1982 1533 2049 1596 in
2106 1534 2294 1598 domo
2349 1535 2485 1616 ejus
2542 1538 2758 1618 prodi—

441 1660 456 1671 .
488 1616 737 1697 galiter.
828 1614 1038 1680 Testis
1103 1638 1283 1681 meus
1345 1618 1410 1679 in
1473 1616 1672 1696 coeIO‚
1742 1621 2055 1698 quantum
2124 1619 2504 1701 reliquerim.
2596 1620 2753 1685 Nam

486 1702 672 1765 multi
711 1701 884 1765 docti
917 1706 1380 1782 congesserunt
1419 1702 1758 1766 honoraria
1805 1725 1985 1766 suam
2017 1704 2082 1765 in
2115 1726 2215 1767 me
2248 1705 2756 1770 benevolentiam

489 1787 892 1852 declarando.
985 1786 1094 1851 Sic
1159 1790 1452 1870 ingratus
1498 1790 1565 1851 et
1609 1808 1915 1870 arrogans
1960 1796 2025 1852 et
2069 1790 2415 1854 sceleratus
2480 1792 2757 1856 rusticus

489 1894 734 1936 mecum
781 1873 934 1955 agit.
1028 1872 1226 1936 Putat
1257 1895 1358 1937 me
1388 1894 1576 1956 posse
1610 1874 1743 1937 suis
1776 1875 2080 1938 conviciis
2110 1877 2349 1953 terreri,
2382 1881 2456 1939 ut
2488 1880 2751 1941 taceam:

488 1958 717 2022 Verum
765 1963 970 2040 putat.
1064 1957 1227 2022 Nam
1275 1960 1467 2022 etiam
1515 1959 1653 2023 sine
1692 1960 1921 2041 jurgiis
1966 1961 2109 2026 istis
2154 1962 2426 2026 libenter
2466 1984 2573 2027 ero
2605 1984 2753 2027 con-

485 2048 705 2108 tentus
773 2064 987 2127 parm,
1047 2044 1100 2107 si
1155 2048 1229 2108 tu
1282 2044 1579 2109 volueris.
1672 2044 1798 2108 Sed
1863 2050 1936 2109 tu
1990 2047 2325 2111 consilium
2394 2048 2597 2111 dabis.
2686 2049 2751 2111 Id

483 2130 746 2193 tertium
815 2130 946 2193 imo
992 2135 1292 2210 quartum
1337 2130 1612 2212 postulo.
1704 2129 1943 2194 Tribuo
1987 2132 2111 2195 tibi
2164 2132 2308 2215 plus
2363 2152 2556 2213 quam
2616 2155 2753 2198 meo

483 2214 745 2297 judicio.
835 2214 1178 2297 Nunquam
1239 2216 1494 2297 inspexi
1554 2216 1835 2279 rationes
1902 2217 2191 2280 traditas
2280 2217 2525 2301 Nepos³
2594 2219 2756 2283 dixit

486 2300 598 2363 XV
629 2322 855 2365 aureos
887 2321 1236 2382 superesse,
1270 2321 1431 2383 quos
1461 2301 1655 2365 vellet
1685 2302 1957 2365 retinere
1988 2303 2201 2366 salarii
2232 2304 2442 2369 titulo.
2521 2303 2753 2387 Super-

491 2391 644 2451 sunt
688 2387 830 2469 plus
876 2406 1065 2468 quam
1130 2391 1404 2451 centum.
1497 2385 1845 2467 ConniveO,
1905 2392 2108 2468 taceO,
2170 2412 2311 2454 sum
2364 2397 2751 2456 mansuetus.

490 2472 719 2537 Verum
795 2473 952 2536 haec
1028 2474 1340 2554 patientia
1411 2473 1685 2536 habetur
1752 2494 1864 2555 pro
1934 2475 2227 2538 stultitia.
2340 2475 2519 2540 Dixi:
2596 2477 2755 2561 „Det

489 2558 820 2622 dimidium
889 2562 955 2622 et
1021 2557 1183 2622 liber
1247 2559 1425 2622 erit.“
1544 2557 1735 2624 Dedit
1800 2559 2129 2624 dimidium
2194 2561 2428 2626 furoris
2493 2559 2615 2642 sui,
2660 2565 2755 2626 uti

492 2645 688 2722 videS‚
737 2650 801 2707 et
845 2665 946 2707 me
993 2651 1214 2709 contra
1261 2644 1358 2708 fas
1404 2648 1470 2708 et
1513 2665 1720 2708 mores
1766 2645 1967 2709 bonos
2012 2647 2250 2711 lacerat
2291 2647 2749 2724 indignissime.

485 2731 648 2790 &met
708 2739 873 2803 guast
931 2735 1033 2791 nub
1097 2732 1342 2808 meisbtit
1399 2732 1549 2791 molle
1609 2734 1772 2792 batuli
1834 2731 1951 2790 stin
2011 2737 2107 2793 bas
2166 2733 2393 2810 suldjem
2460 2735 2751 2811 butisdjtm

486 2817 683 2888 gruum
753 2815 1028 2890 [utntmtn
1094 2817 1379 2876 nuthnmtn
1451 2819 1553 2874 nuh
1622 2817 1893 2890 nbssemtut
1958 2823 2149 2879 werbe.
2244 2817 2419 2881 Satis
2486 2819 2595 2883 diu
2653 2841 2754 2882 me

487 2899 740 2962 delusit.
839 2899 1000 2962 Vale.
1093 2899 1370 2980 Raptim.
1464 2899 1733 2964 Custodi
1791 2899 1981 2964 hasce
2039 2906 2103 2964 et
2156 2903 2315 2967 alias
2367 2904 2585 2968 literas
2642 2926 2752 2986 pro

487 2983 881 3049 testimonio.

794 3083 918 3137 Cod.
955 3083 1090 3140 Frcf.
1127 3083 1246 3136 423.

491 3271 722 3340 (Gotha.)
1544 3257 1689 3320 434.
2384 3275 2541 3343 (Nov.
2580 3277 2751 3346 1514.)

1250 3381 1544 3452 Mutian
1588 3403 1687 3452 an
1730 3381 2010 3452 Urban.

489 3510 736 3578 (Bereitet
779 3511 870 3563 ein
919 3509 1180 3563 Geschenk
1222 3528 1316 3564 vor
1360 3527 1434 3563 zu
1483 3510 1699 3564 Eobans
1736 3509 2004 3564 Hochxeit.
2074 3509 2305 3564 Publius
2338 3512 2432 3565 hat
2464 3513 2588 3566 hein
2628 3514 2755 3567 Geld

387 3621 391 3625 .
485 3596 587 3632 von
637 3579 905 3632 Eisenaeh
940 3579 1199 3646 gebracht.
1283 3579 1538 3632 Wansekt
1572 3579 1658 3632 die
1692 3579 1834 3632 Aleta
1866 3581 1959 3632 der
1992 3579 2231 3632 Par-iser.
2302 3579 2584 3634 Bedauem
2626 3582 2752 3635 iiber

1505 3647 1731 3714 Eoban.)

971 3761 1220 3822 Optimo
1257 3740 1427 3821 patri
1461 3763 1545 3812 Η.
1582 3763 1839 3812 Urbano
1878 3761 1990 3828 (M.
2024 3759 2271 3830 Rufus).

694 3873 758 3937 S.
849 3872 1084 3955 Magno
1147 3873 1471 3938 molimine
1519 3878 1582 3937 et
1629 3874 1797 3938 curis
1860 3894 2097 3957 apparo
2152 3895 2404 3952 munus»,
2461 3877 2535 3938 ut
2586 3873 2750 3938 votis

489 3959 622 4024 tuis
655 3964 718 4023 et
751 3959 999 4023 Eobani
1036 3961 1278 4041 optatis
1308 3960 1743 4042 respondeam.
1834 3959 1983 4024 Misi
2012 3958 2356 4024 Adamum⁴
2386 3961 2466 4024 ad
2497 3959 2751 4036 Hessos,

488 4045 692 4109 solum
756 4051 828 4109 ut
875 4047 1276 4109 venationem
1345 4047 1673 4108 excitaret.
1765 4045 1937 4109 Nihil
1992 4049 2341 4128 reportavit
2397 4050 2462 4109 et
2516 4043 2749 4110 frustra

631 4217 646 4247 ¹
681 4214 753 4267 Er
787 4214 1029 4282 laugnete
1066 4216 1160 4268 das
1197 4215 1271 4267 im
1308 4217 1440 4280 Aug.
1494 4229 1677 4282 wegen
1714 4215 1807 4266 der
1840 4215 1908 4267 30
1944 4213 2025 4266 Gl.
2062 4215 2324 4282 gegebene
2368 4214 2747 4282 Versprechen.

489 4283 576 4335 Br.
613 4282 730 4336 402.
875 4285 895 4316 ²
930 4283 1175 4336 Dieselbe
1211 4283 1378 4348 Klage
1415 4283 1488 4334 im
1525 4283 1667 4334 Juni.
1740 4283 1825 4335 Br.
1864 4283 1981 4335 370.
2098 4283 2359 4350 ³„Schilos
2394 4282 2547 4335 Neffe
2584 4283 2749 4350 Georg

488 4351 683 4403 Sohilo.
755 4350 806 4402 S.
843 4351 946 4402 498
996 4355 1054 4404 A.
1092 4354 1140 4406 4.
1282 4353 1304 4383 ⁴
1339 4349 1576 4404 Publius,
1648 4350 1697 4404 S.
1735 4351 1839 4403 498
1886 4354 1947 4402 Α.
1984 4351 2031 4402 9.
2106 4351 2251 4403 Uber
2303 4354 2507 4418 spatere
2560 4350 2747 4404 Reisen

487 4419 625 4470 nach
661 4418 864 4470 Hessen
900 4419 1015 4470 Jan.
1052 4421 1159 4472 und
1195 4419 1336 4472 Marz
1377 4421 1508 4472 1515
1546 4419 1648 4486 vgl.
1687 4419 1773 4474 Br.
1809 4420 1926 4472 449.
1964 4419 2081 4472 470.
