3084 4895
485 410 610 476 412
1332 409 1507 465 Briefe
1541 411 1635 466 des
1678 411 1728 467 J.
1764 409 1914 467 1514.

496 586 809 668 Petrejani
856 583 1180 650 nominis?
1269 583 1469 648 Tuum
1517 589 1618 648 est
1659 585 1853 668 igitur
1896 586 2238 650 resalutare
2282 590 2347 650 et
2389 587 2572 652 ituris
2618 587 2745 652 ist-

496 673 642 735 hinc
717 673 981 735 Romam
1058 671 1204 735 dare
1271 671 1484 735 literas
1550 671 1628 734 ad
1693 672 2088 736 carissimum
2156 677 2221 735 et
2284 673 2742 738 suavissimum

488 758 826 841 Petrejum,
869 779 1164 821 romanae
1209 757 1463 839 linguae
1507 757 1782 821 delicias.
1872 757 1969 821 Ex
2017 756 2229 823 Goth'a
2284 759 2533 841 raptim,
2591 782 2743 824 curn

496 844 741 924 Urbani.
811 843 1010 909 nostri
1085 842 1478 925 Nepotianus
1548 844 1904 907 mitteretur
1971 844 2051 908 ad
2118 845 2331 909 ludum
2400 843 2739 924 Matthiae,

495 932 938 1012 magistrorum
989 929 1439 1015 candidissimi.
1528 927 1730 994 Nonis
1776 929 2097 1012 Aprilibus
2146 933 2329 996 Anno
2376 930 2690 996 MDXIIIl.

791 1032 914 1086 Cod.
957 1029 1090 1084 Frcf.
1129 1030 1245 1087 289.
1280 1027 1286 1100 ’-
1323 1106 1327 1111 ,

481 1221 710 1290 (Gotha.)
955 1161 958 1163 .
1005 1161 1008 1163 .
1245 1193 1248 1196 ’
1427 1257 1449 1284 „
1539 1206 1685 1272 340.
1905 1166 1908 1170 ⁵
2185 1297 2188 1299 ,
2310 1227 2358 1279 5.
2397 1224 2544 1293 April
2582 1225 2740 1281 1514.

1073 1343 1076 1346 ’
1243 1332 1524 1406 Mutian
1572 1353 1669 1404 an
1715 1332 1991 1406 Urban.

483 1465 613 1532 (Hac
655 1465 773 1518 Gott
806 1465 923 1518 sein
964 1464 1126 1532 Opfer
1161 1464 1518 1532 darqebracht.
1555 1465 1729 1517 sandei
1762 1465 1885 1525 αὖον
1931 1464 2144 1518 Urbane
2179 1465 2601 1534 Ehrmyesohenk
2635 1483 2738 1518 xu-

482 1535 624 1598 rizolo,
671 1533 790 1588 weil
831 1551 888 1588 ον
930 1533 1028 1588 -ίΙιη
1069 1533 1377 1586 absiclztlioh
1429 1533 1578 1586 nicht
1630 1533 1943 1602 einyelcu'len.
2028 1533 2141 1586 Von
2198 1535 2362 1588 Goode
2408 1535 2582 1592 nio-ms
2626 1536 2726 1590 Ge-

697 1661 700 1664 ,
954 1602 1144 1664 wisse-3.
1216 1602 1322 1654 Der
1355 1601 1462 1655 Bac
1495 1603 1626 1655 steht
1660 1601 1771 1670 auf
1796 1602 2053 1657 Mul-iane
2091 1603 2266 1670 Seite.)

829 1719 952 1768 Suo
986 1721 1288 1780 perpetuo
1323 1717 1558 1770 vindici
1591 1699 1673 1769 H.
1709 1719 1963 1770 Urbano
2000 1716 2103 1786 (M.
2144 1717 2387 1786 Rufus).

693 1828 756 1892 S.
846 1828 1008 1892 Nolo
1055 1829 1174 1892 tibi
1243 1829 1694 1912 praejudicium
1763 1829 1973 1906 faciat,
2042 1824 2211 1913 quod
2277 1829 2417 1894 dedi
2487 1830 2729 1896 literas¹

495 1914 867 1997 Nepotiano.
985 1914 1106 1978 Sed
1179 1917 1328 1996 quia
1399 1915 1560 1980 idem
1638 1915 1873 1997 delegit
1946 1915 2450 1982 Vuratislaviam
2519 1917 2735 2000 paravi

492 1997 1072 2066 commendationes
1125 2002 1221 2066 vel
1267 2002 1482 2084 potius
1535 2001 2039 2066 introductiones
2082 2003 2161 2067 ad
2208 2002 2731 2068 benevolentiam.

489 2088 710 2170 Itaque
767 2088 888 2152 tibi
941 2088 1026 2152 sit
1088 2088 1402 2170 integrum
1451 2085 1549 2150 vel
1594 2087 1890 2172 ablegare
1935 2088 2031 2153 vel
2078 2089 2347 2154 retinere
2410 2090 2729 2170 gentilem.

491 2173 625 2257 Ego
682 2175 848 2257 quod
910 2174 1064 2241 felix
1129 2173 1534 2255 faustumque
1582 2174 1685 2252 sit,
1733 2175 1874 2248 dedi
1921 2176 2035 2240 deo
2081 2175 2341 2252 munus²
2408 2198 2534 2241 non
2600 2181 2731 2239 tam

490 2261 828 2324 secundum
879 2261 1160 2326 ordinem
1207 2259 1664 2325 Melchisedech
1724 2283 1911 2343 quam
1968 2284 2081 2345 pro
2142 2261 2379 2327 Christi
2436 2263 2731 2326 instituto

497 2352 562 2410 et
604 2348 730 2411 ritu
765 2351 1139 2412 nostrorum.
1230 2347 1410 2410 Dixi:
1465 2347 1801 2428 „Paratum
1836 2355 2199 2428 cormeum,
2233 2348 2407 2424 dene,
2441 2352 2727 2432 paratum

491 2457 598 2498 cor
667 2457 901 2514 meum3
969 2433 1241 2499 cantabo
1289 2438 1351 2497 et
1397 2432 1657 2517 psallam
1721 2435 1861 2513 tibi,
1918 2435 2167 2501 domine
2214 2433 2385 2501 deuS.
2399 2433 2425 2465 “
2518 2435 2729 2499 Hono-

470 2522 722 2587 .rarium
790 2544 934 2585 vero
1003 2522 1258 2603 pietatis
1315 2521 1379 2585 in
1434 2544 1532 2585 me
1580 2526 1726 2594 tuae
1795 2522 2047 2586 remit-to
2126 2544 2251 2586 non
2320 2522 2519 2587 veluti
2586 2542 2728 2585 con-

496 2612 788 2690 temptor,
834 2607 941 2671 sed
988 2630 1067 2671 ne
1111 2612 1366 2690 putares
1410 2606 1551 2670 ideo
1598 2608 1921 2689 scripsisse
1972 2630 2065 2671 me
2110 2607 2249 2688 tibi,
2289 2613 2364 2673 ut
2417 2604 2729 2673 donareS.³

497 2692 831 2757 Confertur
873 2694 1038 2757 enim
1099 2714 1341 2776 semper
1396 2693 1637 2775 aliquid
1682 2694 1744 2757 in
1792 2715 1991 2759 novos
2043 2693 2427 2759 sacrificulos
2469 2694 2549 2759 ad
2593 2692 2731 2758 offi-

501 2780 660 2843 cium
727 2780 852 2844 tale
916 2784 1274 2844 sanctarum
1340 2780 1780 2863 primitiarum.
1870 2780 2011 2843 Non
2056 2786 2121 2844 te
2165 2781 2403 2846 vocavi.
2496 2779 2564 2845 Si
2623 2802 2731 2844 vo-

497 2888 756 2943 cassem,
825 2867 1027 2931 locum
1101 2865 1371 2932 fortasse
1435 2865 1699 2930 haberet
1765 2864 2038 2948 largitio.
2126 2866 2464 2950 Utcunque
2508 2887 2733 2940 resea

503 2952 605 3029 sit,
651 2952 771 3016 tibi
817 2953 1054 3035 gratias
1101 2974 1240 3035 ag0.
1303 2950 1420 3037 ¹De
1455 2952 1823 3031 Henningo⁴
1856 2951 2011 3018 nihil
2045 2955 2198 3017 certi
2232 2954 2455 3018 habeo.
2530 2952 2732 3034 Vigila

499 3043 592 3114 tu,
658 3044 730 3102 ut
795 3040 975 3103 soleS.
1067 3037 1223 3103 Mihi
1290 3044 1549 3103 senatus
1615 3037 1757 3117 (deo
1824 3040 1909 3103 sit
1972 3038 2197 3122 gloria)
2264 3038 2731 3122 suffragabitur.

495 3124 689 3189 Parce
762 3125 1306 3208 occupat-ionibus,
1420 3123 1546 3188 Alii
1618 3146 1728 3207 per
1798 3126 2007 3189 lusum
2082 3129 2365 3191 mactant
2439 3124 2731 3190 hostiam.

496 3210 740 3275 Putant
805 3234 933 3275 rem
1005 3234 1139 3275 esse
1207 3234 1460 3294 parvam
1531 3208 1854 3285 immolare
1920 3212 2215 3295 pocillum
2275 3218 2339 3277 et
2394 3232 2729 3309 popanum.

497 3294 622 3360 Sed
688 3296 854 3379 fugit
920 3320 1026 3363 eos
1093 3297 1299 3361 latens
1365 3296 1795 3379 significantia
1863 3298 2189 3362 verborum
2248 3303 2313 3363 et
2356 3296 2733 3362 divinissimi

501 3384 780 3465 mysterii
837 3384 1094 3448 romani.
1185 3382 1417 3466 Recepi
1478 3387 1540 3450 te
1585 3382 1651 3445 in
1696 3384 2059 3448 memoriam
2116 3384 2423 3461 vivorum,
2484 3384 2581 3449 in
2608 3404 2751 3466 qua.

502 3469 857 3534 diutissime
904 3470 1082 3551 (deus
1127 3468 1317 3549 faxit)
1364 3475 1426 3533 te
1459 3469 1863 3534 conservabo.
1938 3469 2105 3536 Vale.
2182 3470 2458 3552 Raptim.
2533 3468 2733 3535 Nonis

501 3555 820 3637 Aprilibus
865 3554 1182 3619 MDXIIII.
1627 3592 1631 3596 —

801 3654 921 3709 Cod.
956 3655 1088 3709 Frof.
1125 3656 1240 3710 294.

417 3867 422 3871 -
502 3842 730 3913 (cutha.)
1171 3852 1174 3857 ·
1541 3830 1684 3893 341.
2281 3843 2361 3897 28.
2398 3842 2547 3911 April
2582 3844 2732 3897 1514.

1243 3956 1531 4028 Mutian
1576 3977 1674 4027 an
1719 3956 1995 4028 Urban.

503 4084 630 4152 (Der
663 4084 856 4139 Dikner
889 4084 1068 4139 Adam
1099 4085 1172 4139 ist
1205 4086 1524 4155 emoti-etan.
1596 4086 1799 4141 Mbehte
1830 4104 1887 4140 er
1920 4104 2022 4141 aus
2056 4084 2227 4139 eimm
2270 4083 2569 4139 Faustinus
2608 4082 2729 4137 hein

959 4153 1214 4208 Lentulus
1247 4156 1460 4209 werden.
1537 4155 1739 4211 Orotus'
1778 4154 2015 4224 witm'yer
2056 4154 2226 4208 Grues
2230 4156 2263 4221 .)

499 4270 656 4277 -——.

640 4324 791 4378 ¹Die
840 4325 1026 4378 beiden
1077 4326 1304 4395 vorigen.
1445 4327 1466 4359 ²
1499 4326 1608 4381 Das
1660 4325 1818 4395 Opfer
1860 4342 1945 4380 am
1980 4325 2027 4381 4.
2065 4330 2110 4405 A
2146 4342 2188 4379 r.
2330 4325 2351 4357 ³
2383 4322 2499 4393 Vgl.
2538 4322 2588 4376 S.
2626 4318 2727 4373 228

507 4393 571 4449 A
605 4396 653 4447 5.
793 4394 1041 4459 4(ὶοειᾶθ,
1086 4410 1179 4447 ιιιιι
1227 4396 1412 4449 dessen
1457 4395 1744 4450 stadtisohe
1778 4394 2007 4449 Psi-[inde
2042 4394 2118 4449 sic
2190 4392 2260 4448 M.
2301 4392 2439 4458 beim
2472 4390 2604 4446 Rate
2638 4390 2728 4443 be-

503 4461 659 4570 warb.
731 4432 1599 4534 Vgl.s.22'2A.81tB1-.346
