3084 4895
446 466 572 531 628
1144 462 1251 517 Der
1287 462 1582 533 gedruckte
1623 461 2004 518 Briefwechsel.

452 644 734 723 tempore
769 640 891 704 fuit
923 661 1166 703 mecum
1203 638 1624 721 SpalatinuS,¹
1663 638 1896 720 probus
1943 643 2006 701 et
2049 638 2339 702 literatus
2367 649 2395 677 ⁸
2432 638 2707 719 juveniS,

451 729 562 809 qui
611 731 861 790 nostras
908 725 1099 789 hasce
1146 747 1244 788 me
1290 726 1578 788 dictante
1609 724 1986 787 conscribit:
2037 723 2409 807 Spalatinus
2441 728 2706 805 inquam

443 820 517 878 ut
563 820 710 876 tuas
756 811 1041 894 perlegit,
1088 810 1459 874 felicitatem
1522 811 1645 875 tibi
1701 815 1994 893 precatus
2063 810 2340 874 mirificis
2409 810 2708 874 laudibus

449 907 512 963 te
562 897 985 963 decorandum
1058 920 1196 960 esse
1265 898 1516 960 censuit
1585 896 2076 979 habendumque
2119 898 2184 959 in
2235 918 2492 960 numero
2557 896 2710 959 doc-

445 986 855 1050 tissimorum.
945 983 1265 1065 Expectas
1313 982 1546 1055 forsan,
1599 983 1682 1044 mi
1731 982 1992 1056 Thoma,
2043 988 2118 1045 ut
2148 984 2227 1045 de
2260 1006 2357 1045 me
2391 983 2710 1063 rebusque

442 1073 599 1135 meis
668 1069 1072 1153 perscribam.
1166 1067 1750 1151 Obtemperandum
1801 1073 1898 1131 est
1941 1068 2064 1131 tibi
2111 1070 2314 1132 amico
2383 1069 2707 1132 rarissimo

445 1164 509 1220 et
569 1156 1005 1219 amantissimo
1070 1155 1355 1218 Mutiani.
1447 1154 1562 1217 His
1623 1154 1926 1236 proximis
1991 1153 2214 1217 diebus
2273 1155 2567 1218 assiduus
2615 1153 2708 1217 fui

446 1245 509 1307 in
558 1242 824 1325 pompiS,
873 1241 1202 1305 sacrificiis
1250 1245 1313 1304 et
1360 1240 1741 1321 spectaculis
1798 1240 2260 1305 ecclesiasticis,
2354 1240 2710 1304 Salvatoris

450 1328 952 1393 Bethlehemitae
1026 1327 1300 1390 natalem
1373 1333 1437 1389 et
1503 1328 1878 1390 cerimonias
1944 1346 2132 1408 quam
2200 1328 2710 1389 reverentissime

448 1416 781 1489 celebravi,
828 1414 1291 1496 insequentem,
1320 1435 1465 1475 vero
1514 1413 1675 1475 diem
1724 1415 1924 1495 primo
1986 1414 2138 1476 testi
2200 1412 2706 1477 Christianorum

448 1507 883 1565 consecratum
931 1504 1185 1582 propter
1236 1519 1505 1564 coronae
1536 1500 1949 1562 reverentiam
1990 1521 2114 1561 non
2153 1500 2361 1562 minus
2393 1500 2705 1581 religiose.

447 1587 805 1672 Stephanos
850 1587 1016 1649 enim
1064 1607 1286 1669 graece
1330 1584 1496 1666 apud
1548 1606 1664 1648 nos
1711 1606 1944 1648 corona
1996 1584 2245 1663 dicitur,
2295 1586 2462 1666 quod
2513 1587 2708 1649 etiam

444 1674 607 1737 libro
654 1680 878 1736 octavo
927 1671 1355 1736 Philostratus
1400 1671 1585 1753 ponit
1630 1672 1704 1733 de
1755 1670 2083 1753 Stephano
2131 1671 2480 1735 Domitiani
2510 1673 2710 1736 inter-

445 1760 677 1824 fectore
740 1760 1121 1821 mentionem
1185 1757 1439 1821 faciens.
1534 1756 1805 1821 Constat
1866 1763 2076 1820 autem
2141 1780 2256 1821 nos
2303 1760 2598 1821 initiatos
2644 1766 2711 1820 et

446 1869 582 1910 esse
626 1849 690 1909 et
737 1845 858 1908 dici
907 1848 1263 1919 coronatos,
1310 1864 1677 1924 quanquam
1731 1843 2184 1906 monachorum
2234 1844 2567 1908 calvicium
2616 1845 2709 1907 ita

445 1934 578 2010 fiat,
624 1936 697 1995 ut
741 1932 974 1994 circum
1023 1935 1305 2011 tempora
1357 1930 1650 1993 crinitam
1689 1951 1986 1992 coronam
2019 1930 2378 2011 expressius
2418 1931 2712 2011 designet

447 2040 636 2100 quam
704 2019 1170 2081 canonicorum.
1280 2016 1583 2091 Quotusb
1651 2017 1814 2079 enim
1886 2017 2155 2097 quisque
2229 2022 2509 2079 nostrum
2586 2022 2709 2089 est,

447 2106 557 2187 qui
625 2126 749 2167 non
799 2105 885 2165 sit
934 2124 1100 2165 inore
1171 2102 1483 2182 modoque
1553 2101 2025 2183 Pythagorico⁰
2096 2102 2490 2184 capillatus?
2581 2101 2710 2165 Sed

449 2198 788 2271 utrumque
838 2192 1171 2252 veneratus
1222 2210 1358 2250 sum
1406 2189 1539 2268 ipse
1591 2190 1652 2249 in
1705 2188 2009 2268 Stephani
2073 2189 2343 2263 nomine,
2406 2210 2706 2252 coronam

450 2286 513 2340 et
559 2277 839 2339 ordinem
889 2273 1359 2339 sacerdotalem.
1458 2272 1939 2337 Nudiustertius
1983 2274 2237 2348 Joanni,
2285 2294 2468 2356 quem
2503 2274 2707 2337 Zebe-

448 2365 587 2427 daei
616 2363 646 2401 ἀ
692 2364 889 2426 filiurn
940 2362 1179 2438 dicunt,
1228 2359 1419 2423 libavi
1452 2371 1475 2397 ‘³
1520 2360 1601 2422 ad
1647 2382 1929 2423 mensam
1977 2382 2180 2423 meam
2214 2361 2422 2424 dulcia
2453 2362 2708 2442 pocula,

449 2458 519 2515 ut
586 2450 709 2513 illis
777 2450 1174 2531 potissimum
1252 2445 1702 2518 satisfacerem,
1777 2449 1888 2529 qui
1964 2446 2153 2510 hodie
2226 2447 2712 2512 Bacchanaliaf

448 2557 659 2601 amore
703 2535 972 2599 Joannis
1018 2534 1255 2597 colunt.
1344 2532 1504 2596 Nam
1558 2533 1738 2613 plura
1784 2533 1991 2596 adhuc
2036 2535 2269 2597 retinet
2303 2557 2446 2597 vera
2479 2537 2709 2616 pietaS,

449 2645 610 2704 quae
656 2623 896 2685 semina
946 2621 1305 2684 viderentur
1349 2641 1487 2682 esse
1531 2620 1856 2700 religionis
1902 2621 2206 2702 antiquae
2252 2625 2313 2684 et
2360 2622 2519 2684 ritus
2567 2621 2711 2684 eth-

452 2711 755 2773 nicorum.
845 2707 1071 2770 Verum
1119 2706 1195 2769 de
1240 2707 1358 2769 hoc
1404 2706 1578 2769 alias.
1673 2705 1841 2778 Heri,
1891 2706 2147 2787 quando
2181 2713 2291 2769 tua
2324 2707 2712 2771 reddebatur

451 2796 737 2879 epistola,
786 2793 1250 2876 disputavimus
1294 2814 1421 2854 una
1466 2791 1828 2874 praedictus
1891 2794 2258 2873 &palatinus
2302 2798 2366 2856 et
2411 2815 2546 2873 eg0.
2609 2800 2714 2857 est

449 2883 614 2946 enim
660 2903 805 2944 acer
862 2885 923 2943 et
986 2879 1254 2960 diligens
1323 2878 1740 2959 investigator
1802 2879 1889 2941 rei
1949 2879 2206 2952 latinae,
2284 2879 2467 2943 hodie
2536 2880 2709 2944 idern

450 2969 617 3051 quod
664 2967 814 3029 heri.
909 2965 1061 3028 Cras
1107 2989 1145 3028 a
1191 2965 1375 3028 nobis
1422 2964 1722 3040 discedet,
1772 2969 1917 3047 post
1964 2966 2147 3046 cujus
2192 2965 2535 3030 abitionem
2587 2988 2712 3043 me,

450 3055 617 3136 quod
667 3053 1175 3133 frequentissime
1219 3051 1312 3124 fit,
1360 3050 1742 3114 lect-ionibus
1787 3051 2102 3114 involvam
2139 3058 2202 3115 et
2234 3053 2506 3115 silenti0.
2586 3051 2709 3128 Tu,

450 3141 689 3204 Thoma
740 3140 820 3200 mi
870 3139 1100 3210 suavis,
1172 3138 1324 3219 quid
1370 3158 1523 3217 agas
1573 3143 1634 3198 et
1681 3138 1996 3218 quomodo
2059 3138 2290 3214 valeas„
2355 3139 2504 3202 stilo
2569 3161 2713 3201 ver—

451 3229 667 3290 bosius
746 3226 992 3305 explica
1066 3231 1128 3285 et
1202 3245 1349 3287 cura
1431 3223 1854 3286 valetudinem
1887 3234 1916 3270 3
1991 3225 2491 3306 diligentissime.
2609 3224 2712 3287 Ex

454 3314 665 3376 (lotha
714 3314 897 3374 tertio
948 3311 1261 3373 Calendas
1305 3309 1597 3372 ,ianuarii
1641 3330 1810 3372 anno
1862 3310 2048 3393 hujus
2095 3311 2328 3374 saeculi
2377 3313 2620 3391 quinto,
2657 3313 2688 3350 ¹¹

652 3413 880 3465 «Ioannes
918 3413 1130 3472 Gai-son,
1170 3411 1248 3462 Do
1285 3410 1497 3462 miseria
1531 3410 1778 3462 humana.
1851 3413 2062 3478 Argent.
2105 3414 2251 3464 1505.
2325 3414 2363 3462 Γ
2402 3415 2446 3466 ἲ.

452 3601 859 3671 (Georgenthal.)
1506 3584 1652 3647 560·
2309 3602 2353 3654 7.
2390 3601 2513 3654 Dez.
2557 3601 2710 3655 1505.

1148 3710 1492 3798 spalatin
1536 3731 1635 3780 an
1677 3710 2015 3781 Mutian.²

462 3842 645 3895 Urbem
678 3842 751 3894 ist
787 3860 878 3894 vor
910 3842 1045 3894 mcci
1084 3842 1252 3909 Taqen
1287 3842 1426 3895 nach,
1463 3840 1725 3894 Aru-stadt
1766 3841 1971 3908 yere‘ist.
2044 3840 2194 3893 Nacle
2231 3841 2402 3892 seiner
2436 3840 2714 3892 Buca-leem·

447 3912 548 3963 soll
592 3912 689 3963 (la-s
739 3898 1175 3978 Bu'ehevyeseln'ift
1224 3915 1327 3964 ‘mit
1377 3911 1548 3963 Aldus
1602 3910 1833 3978 beendiqt
1883 3911 2099 3962 werden.
2194 3909 2349 3961 W'ird
2397 3910 2496 3960 den
2549 3909 2713 3961 hules

587 4083 613 4110 ε
643 4068 919 4122 litteratus
1062 4072 1089 4109 b
1119 4067 1359 4133 Quottus
1501 4080 1525 4108 0
1554 4065 1870 4134 pytagorioe.
2027 4069 2056 4107 <1
2085 4065 2321 4118 Zebedei.
2469 4079 2494 4106 Θ
2524 4065 2709 4120 libani.

459 4141 481 4180 f
504 4137 824 4191 bachanalia.
966 4151 995 4188 Β
1022 4138 1391 4190 vaietudinem.
1532 4139 1564 4176 h
1593 4135 1785 4202 qnint0.

595 4208 608 4237 ¹
646 4205 762 4258 Von
798 4206 969 4258 einen]
1008 4205 1249 4260 Besuche
1298 4204 1561 4273 Spalatius
1596 4206 1651 4255 in
1688 4204 1859 4256 Gotha
1893 4205 2040 4256 redet
2075 4204 2213 4256 auch
2247 4202 2333 4256 Br.
2371 4205 2420 4268 5,
2458 4204 2550 4254 der
2598 4203 2710 4255 also

451 4274 723 4328 vielleicht
760 4275 815 4329 E.
857 4276 989 4328 1504
1026 4292 1091 4327 zu
1128 4281 1303 4327 setzen
1360 4275 1442 4326 ist.
1516 4272 1562 4322 V
1567 4290 1634 4326 on
1670 4273 1763 4324 dei·
1795 4263 2135 4325 Ubernahme
2171 4274 2263 4325 des
2301 4271 2711 4339 Geor-genthaler

451 4344 759 4395 Lehramtes
800 4345 866 4394 ist
906 4344 1078 4395 weder
1118 4345 1233 4396 dort
1270 4345 1401 4395 noch
1450 4343 1568 4394 hier
1617 4342 1702 4394 die
1754 4339 1912 4395 Rede.
1986 4343 2072 4394 ΒΥ.
2109 4347 2140 4394 6
2178 4341 2376 4393 euthalt
2431 4343 2514 4394 die
2571 4349 2708 4392 erste

451 4411 784 4530 ξθῐὲιὲήὲιιηξ
838 4412 1060 4463 dariiber
1108 4413 1213 4464 und
1263 4412 1373 4464 fa'llt
1420 4411 1862 4464 wahrscheinlich
1899 4413 1950 4462 in
1989 4413 2037 4466 d.
2078 4412 2191 4464 Ans.
2242 4410 2387 4464 1505.
2531 4415 2550 4441 ²
2588 4410 2706 4476 vgl.
