3084 4895
1147 431 1358 518 Mutian
1392 447 1460 485 an
1497 431 1818 487 Hartmann.
2476 437 2597 502 311

349 607 664 684 tractasti,
716 627 1010 687 praesens
1054 605 1120 668 in
1166 605 1629 670 solemnissima
1671 627 1904 689 pompa
1934 610 2259 688 spectator
2290 608 2605 674 celebrare

346 701 540 775 teque
584 693 937 756 laureatum
983 693 1494 774 ornatioremque
1523 692 1690 756 tiara
1720 692 1958 757 factum
1997 693 2210 757 videre
2243 716 2371 759 non
2402 697 2603 777 potui,

350 780 644 862 quamvis
711 799 837 842 non
903 778 1162 841 omnino
1223 778 1432 859 justas
1500 778 1695 842 attuli
1757 801 2013 843 causas:
2082 781 2301 877 rogavi
2367 787 2605 870 tamen,

349 890 430 930 ne
475 865 540 928 id
586 868 699 929 aut
744 864 1170 946 negligentiae
1215 864 1526 928 tribueres
1572 869 1687 928 aut
1732 865 2139 948 occupationi
2204 888 2396 946 meae,
2460 861 2607 932 cum

351 952 528 1017 nulla
575 950 728 1015 mihi
774 954 959 1015 tanta
1023 950 1252 1014 debeat
1319 973 1457 1014 esse
1522 951 1878 1034 occupatiO,
1952 973 2117 1034 quae
2181 953 2603 1037 interrumpat

348 1040 470 1103 iter
515 1037 748 1102 amoris
811 1041 875 1100 et
931 1034 1381 1100 officiosissimi
1449 1058 1599 1117 erga
1666 1037 2101 1118 dignationem
2167 1043 2346 1103 tuam
2412 1046 2607 1124 atque

349 1122 910 1224 obsequentissimi
969 1122 1168 1186 animi
1225 1122 1445 1187 nostri.
1536 1122 1773 1188 Factus
1829 1146 1969 1187 sum
2034 1125 2263 1189 certior
2308 1148 2347 1190 a
2392 1125 2605 1205 Croto,

329 1212 460 1295 qui
523 1210 704 1274 valde
765 1209 986 1273 doctos
1045 1208 1344 1273 observat
1387 1212 1451 1273 et
1494 1209 1683 1293 pleno
1730 1213 1981 1310 pectore
2026 1211 2214 1292 sapit,
2275 1213 2611 1277 admisisse

346 1303 414 1362 te
455 1301 736 1361 nostram
784 1295 1258 1359 excusationem
1295 1299 1504 1358 mente
1535 1318 1777 1374 serena,
1810 1297 1980 1379 quod
2016 1302 2115 1360 est
2146 1293 2301 1361 mihi
2332 1299 2609 1362 maxime

340 1383 732 1467 jucundum,
781 1401 890 1463 pro
937 1402 1064 1462 qua
1108 1384 1222 1444 tua
1269 1381 1484 1444 divina
1518 1383 1859 1447 serenitate
1906 1387 1971 1446 et
2014 1383 2223 1464 gratia
2268 1389 2343 1448 ut
2386 1389 2607 1468 gratus
2653 1391 2659 1397 '

347 1471 538 1534 homo
585 1469 934 1552 scripturus
980 1487 1148 1534 eram
1201 1490 1241 1530 a
1286 1488 1480 1548 puero
1523 1467 1916 1532 recitandam
1954 1470 2422 1535 oratiunculam
2457 1492 2609 1535 con·

349 1555 642 1632 vivalem,
709 1555 836 1618 nisi
905 1553 1239 1617 consilium
1308 1553 1426 1618 hoc
1493 1575 1701 1618 meum
1744 1555 2091 1620 ,·tabellarii
2160 1555 2449 1620 defectus
2496 1558 2612 1620 im-

348 1641 710 1725 pedivisset.
799 1639 1224 1704 Nihilominus
1285 1640 1578 1704 umbram
1642 1641 1959 1721 quandam
2008 1646 2083 1705 ut
2126 1643 2349 1724 prima,
2409 1648 2481 1706 ut.
2521 1644 2611 1707 ita

347 1730 576 1806 dicam,
619 1725 926 1792 orationis
969 1725 1355 1790 lineamenta
1385 1725 1507 1790 tibi
1558 1727 1971 1792 dedicamus¹
2020 1727 2149 1792 ,Me
2180 1733 2393 1794 autem
2425 1735 2607 1795 tuum

350 1838 489 1881 esse
533 1814 824 1880 dubitare
867 1816 934 1876 te
979 1833 1108 1877 non
1151 1813 1470 1877 existimo.

666 1914 787 1970 eod.
822 1912 955 1967 Frcf.
992 1912 1112 1966 311.

356 2121 590 2194 (Gotha.)
1405 2103 1551 2169 253.
2038 2118 2108 2190 (n.
2157 2121 2235 2175 13.
2275 2121 2402 2176 Juni
2440 2123 2611 2194 1513.)

1019 2230 1308 2302 Mutian
1353 2251 1451 2302 an
1495 2231 1937 2302 Hartmann.

349 2361 576 2430 (Freude
623 2361 737 2414 ‘tend
777 2361 982 2430 Besanq
983 2361 1152 2415 enheit
1197 2362 1285 2414 des
1329 2361 1577 2415 Redners.
1651 2361 1798 2414 Nock
1833 2361 2348 2416 bezeundemswmer
2392 2363 2477 2416 als
2525 2363 2610 2416 die

352 2433 548 2486 Demut
591 2432 678 2485 des
727 2431 810 2485 dse'e
843 2431 1108 2500 Krb'nunq
1151 2431 1534 2485 vollxiehenden
1577 2430 1823 2498 Bischofs
1865 2450 1967 2485 von
2024 2431 2323 2512 Wiorxbury
2368 2452 2483 2487 war
2526 2433 2627 2509 die,

461 2502 550 2555 des
593 2502 892 2555 Gelor6nten.
971 2502 1025 2555 F
1017 2518 1250 2554 rammer
1294 2500 1528 2555 Wzmsc-Iz
1562 2501 1659 2569 fu‘r
1692 2501 1806 2554 eine
1826 2501 2122 2569 yluckliche
2156 2502 2453 2572 Reyieruny
2456 2506 2489 2570 .)

440 2617 566 2667 Pro
602 2628 795 2677 puero
832 2615 914 2666 ad
949 2616 1295 2675 prinoipem
1329 2616 1792 2666 Hartmannum
1825 2616 1891 2666 in
1926 2616 2211 2667 convivio
2247 2618 2522 2669 celebra-

1149 2701 1385 2751 tissimo
1427 2698 1535 2769 (M.
1572 2699 1813 2767 Rufus).

556 2814 738 2891 Quod
784 2812 1036 2895 imperii
1083 2809 1351 2877 Fuldani
1398 2816 1622 2894 gentes
1668 2813 1979 2894 equestris
2022 2814 2263 2878 ordinis
2296 2819 2359 2879 et
2389 2815 2610 2898 populi

347 2901 634 2985 pagatim
690 2896 1168 2983 oppidatimque
1215 2899 1335 2963 hoc
1379 2903 1550 2964 stato
1596 2900 2027 2964 coronationis
2074 2922 2147 2964 ac
2192 2900 2460 2965 solemni
2507 2902 2607 2966 die

348 2986 710 3051 incredibili
771 2986 985 3049 affecti
1044 2984 1292 3049 laetitia
1337 3007 1436 3049 me
1480 2985 1837 3061 hortantur
1892 2992 1966 3049 ut
2010 2987 2374 3051 celsitudini
2433 2994 2601 3067 tuae,

347 3078 529 3171 pater
609 3070 1098 3151 consultissime,
1175 3072 1484 3153 grzatuler
1563 3070 1831 3136 facerem
1906 3072 2188 3154 profecto
2277 3074 2607 3153 libentiuS,

349 3159 672 3225 excitatus
739 3158 1058 3221 communi
1127 3158 1361 3237 gaudio
1417 3161 1482 3221 et
1538 3180 1852 3222 consensu
1888 3164 1984 3221 et
2050 3158 2284 3223 eximia
2350 3168 2602 3223 tuorum

350 3246 707 3322 devotione,
776 3244 899 3307 nisi
961 3264 1206 3307 mecum
1250 3242 1591 3308 infantiam
1637 3245 1702 3309 in
1749 3244 1868 3307 hac
1926 3248 2112 3309 tanta
2170 3265 2496 3326 procerum
2544 3251 2609 3309 et

351 3332 709 3416 principum
741 3330 1014 3393 virorum
1051 3350 1283 3393 corona
1313 3333 1690 3412 reputarem
1767 3330 1893 3394 Sed
1925 3331 2143 3394 nat-iva
2171 3337 2285 3395 tua
2316 3332 2607 3408 comitaS,

355 3414 873 3499 incomparabilis
943 3417 1362 3479 mansuetudo
1433 3420 1496 3479 et
1565 3415 1931 3481 humanitas
1995 3437 2121 3480 non
2192 3418 2469 3498 vulgaris
2536 3381 2609 3482 ut

349 3504 496 3581 tibi,
574 3501 997 3567 sacratissime
1069 3506 1268 3586 patei,
1347 3502 1743 3584 majestatem
1814 3507 1878 3565 et
1942 3503 2216 3584 gratiam
2288 3504 2381 3568 ita
2449 3502 2605 3567 mihi

355 3588 654 3653 fiduciam
701 3588 765 3651 in
815 3588 1081 3652 dicendo
1129 3588 1509 3651 conciliavit.
1602 3588 2013 3652 Admirantur
2066 3610 2285 3653 omnes
2335 3589 2432 3671 (ut
2471 3590 2607 3653 sine

347 3675 526 3742 omni
571 3674 956 3738 adulationis
1001 3674 1381 3756 suspicione,
1428 3672 1599 3756 quod
1648 3696 1858 3737 verum
1907 3678 2022 3751 est,
2058 3676 2376 3756 profitear)
2410 3676 2606 3739 Fran-

350 3783 568 3827 corum
637 3760 940 3842 principis
1001 3782 1075 3823 ac
1135 3766 1267 3823 tam
1329 3760 1519 3838 beati,
1591 3763 1722 3823 tam
1790 3760 2116 3843 sapientie,
2188 3767 2319 3825 tam
2388 3764 2606 3843 magni

351 3845 828 3929 Herbipolensis
867 3845 1205 3911 antistitis²
1239 3868 1551 3910 summam
1584 3850 1648 3910 et
1682 3868 1821 3911 vere
1855 3846 2265 3911 christianam
2301 3850 2603 3929 pietatem

353 4052 464 4104 erst
499 4050 574 4101 im
609 4048 748 4117 Sept.
785 4066 853 4101 zu
888 4048 1061 4102 Mainz
1116 4050 1255 4101 statt.
1326 4048 1426 4101 Mit
1477 4064 1671 4103 unsern
1724 4048 1931 4101 Briefen
1990 4050 2133 4103 steht
2187 4050 2330 4104 diese
2388 4052 2604 4119 Angabe

349 4119 502 4173 nicht
535 4118 591 4170 ιιι
625 4118 894 4187 Eiuklang.
932 4120 999 4171 da
1033 4118 1102 4172 M.
1141 4118 1321 4170 seinen
1357 4117 1748 4171 Gli'ickwunsch
1783 4119 1946 4172 sehon
1980 4135 2065 4171 am
2102 4119 2183 4171 22.
2220 4119 2332 4172 Mai
2353 4120 2459 4187 (Br.
2482 4122 2603 4183 244)

349 4206 418 4242 an
455 4188 634 4241 Urban
669 4189 866 4253 sendet,
906 4204 996 4239 um
1032 4187 1126 4239 ihu
1162 4186 1329 4239 durch
1363 4186 1533 4254 Petrje
1539 4203 1603 4239 us
1640 4188 1778 4240 nach
1812 4186 1981 4240 Fulda
2006 4205 2073 4240 zu
2097 4188 2389 4242 beformdein
2449 4193 2564 4242 Aue
2554 4190 2604 4241 ·h

349 4256 649 4325 schweigen
694 4255 779 4309 die
828 4256 1000 4309 Briefe
1048 4272 1170 4309 vom
1216 4255 1355 4322 Sept.
1401 4256 1559 4308 iiber·
1576 4255 1659 4308 (lie
1705 4255 2134 4324 Angelegenheit.
2206 4258 2291 4325 Vg
2291 4258 2323 4311 1.
2361 4258 2446 4312 Br.
2486 4259 2601 4312 306.

353 4330 368 4360 ¹
408 4325 549 4394 Folg.
609 4325 881 4379 Nummer.
1023 4327 1042 4357 ²
1075 4326 1274 4378 Lorenz
1313 4340 1418 4377 von
1453 4324 1614 4378 Bibra
1667 4324 2066 4393 (1495-151()).
2140 4327 2211 4379 Ει·
2264 4326 2468 4395 vollzog
2525 4326 2603 4379 als

349 4395 558 4463 Suffrag
558 4410 624 4447 an
673 4397 766 4447 des
811 4395 961 4448 Erzb.
999 4412 1049 4446 v.
1087 4394 1260 4447 Mainz
1295 4393 1351 4445 in
1388 4393 1699 4461 Gegenwart
1748 4395 1841 4446 der
1894 4395 2034 4447 Abte
2088 4395 2225 4462 Volp
2226 4398 2307 4447 ert
2357 4393 2602 4448 Riedesel

351 4482 403 4520 v.
430 4411 676 4519 Hersfeld
711 4464 820 4517 und
856 4463 1118 4517 Christian
1155 4480 1205 4517 v.
1243 4460 1593 4519 Schliichtern
1617 4462 1669 4515 di
1672 4478 1701 4515 e
1721 4463 1926 4515 Weihe.
1987 4462 2081 4516 Als
2100 4464 2252 4517 boses
2276 4464 2602 4517 Voizeichen
