3084 4895
528 373 654 441 336
751 365 760 370 ⁴
1353 373 1528 427 Briet‘e
1564 372 1656 430 des
1689 375 1739 431 J.
1780 377 1925 432 1513.

537 568 700 629 quae
747 547 1038 630 scripturi
1095 567 1312 612 sumus
1355 547 1436 612 ad
1478 551 1545 612 te
1588 550 1830 630 patrem
1884 549 2247 628 amandum,
2298 549 2569 612 amicum
2624 549 2772 614 dul-

537 634 874 708 cissimum,
937 634 1137 697 virum
1199 637 1625 715 praestantem
1695 634 1845 696 boni
1914 635 2225 698 consulas,
2312 633 2530 716 Neque
2594 637 2769 698 enim

536 721 695 783 male
759 720 984 796 sentio,
1059 720 1166 783 sed
1232 725 1440 783 tecum
1499 720 1591 782 ita
1644 720 1867 800 loquor
1923 724 1995 782 ut
2049 741 2308 784 mecum.
2398 719 2598 784 Hodie
2666 744 2771 784 me

534 805 835 869 salutavit
888 805 1244 868 Musardus¹
1295 811 1359 868 et
1403 807 1629 868 mirum
1684 805 2036 879 candorem,
2104 805 2321 870 miram
2387 808 2769 870 modestiam

531 914 678 974 prae
745 914 812 955 se
879 892 1043 954 tulit.
1160 889 1281 954 Sed
1351 892 1493 972 quis
1563 895 1773 973 potest
1838 892 2083 955 duobus
2148 892 2417 956 dominis
2486 893 2769 956 servire?

535 978 706 1054 Quae
765 977 1119 1041 communio
1189 976 1348 1039 lucis
1413 981 1476 1040 et
1537 978 1983 1041 tenebrarum?
2070 977 2387 1042 Adhaeret
2452 978 2765 1042 Lotianis.

530 1063 782 1127 Lotium
831 1063 1022 1144 elegit
1064 1063 1130 1124 in
1175 1052 1593 1144 μυσταγωγόν
1638 1062 1698 1125 h.
1746 1086 1797 1126 e.
1846 1067 2179 1128 astantem.
2268 1063 2712 1128 Sacrificabit
2695 1087 2767 1127 m

536 1151 734 1231 prima
800 1150 900 1212 die
967 1147 1135 1212 Solis
1198 1153 1344 1230 post
1410 1150 1575 1212 diem
1646 1146 1975 1214 Bernardi²
2042 1151 2309 1214 vestitus
2362 1172 2398 1212 a
2451 1148 2765 1214 Ι)111·011103

534 1236 797 1316 egregie.
887 1235 1123 1297 Damus
1165 1233 1474 1298 Reuchlin
1533 1235 1771 1316 grande
1829 1240 2195 1316 argenteum
2252 1235 2577 1314 nomisma,
2632 1257 2762 1299 non

531 1327 743 1384 tamen
829 1320 983 1383 illud
1073 1319 1466 1384 maximum.⁴
1582 1321 1805 1402 Itaque
1876 1322 2063 1384 fidem
2133 1323 2402 1385 cursoris
2476 1322 2759 1404 explora.

531 1407 782 1472 Scribat
829 1405 1131 1487 PetrejuS.
1200 1406 1334 1485 Ego
1378 1407 1566 1488 plane
1620 1414 1682 1469 et
1740 1408 2107 1488 simpliciter
2159 1409 2383 1483 scrib0‚
2438 1413 2512 1470 ut
2558 1409 2764 1488 magis

530 1515 804 1557 amorem
873 1514 1058 1573 quam
1128 1491 1500 1572 elegantiam
1572 1492 1814 1574 probet.
1903 1493 2053 1556 Vale
2112 1499 2174 1557 et
2228 1495 2333 1557 diu
2395 1493 2552 1556 bene
2599 1495 2757 1556 vive.

525 1579 640 1642 Die
685 1579 1105 1658 MagdaleneS.

830 1677 952 1730 Cod.
988 1677 1120 1730 Frcf.
1159 1677 1274 1729 324.

526 1865 752 1936 (eotha.)
1566 1850 1709 1914 273.
2418 1865 2548 1934 (Juli
2584 1866 2755 1934 1513.)

1269 1974 1560 2046 Mutian
1599 1996 1696 2045 an
1740 1976 2017 2046 Urban.

528 2103 742 2170 (Ur-ban
773 2102 866 2156 hat
900 2102 997 2154 den
1032 2101 1424 2156 Hauscontrakt
1457 2105 1588 2172 jetxt
1620 2105 1685 2156 in
1718 2104 1957 2164 Hermen,
2002 2103 2176 2157 damit
2208 2103 2298 2156 der
2331 2103 2455 2156 Bau
2504 2103 2753 2170 beyinmen

527 2175 687 2226 kann.
761 2173 848 2224 Da
893 2171 966 2223 M.
1011 2171 1156 2224 dama
1201 2173 1322 2224 hein
1375 2173 1502 2226 Geld
1544 2174 1651 2238 hat,
1695 2191 1753 2226 so
1797 2173 1910 2226 will
1948 2190 2004 2225 er
2050 2173 2147 2226 das
2182 2171 2339 2225 Hau-s
2372 2189 2446 2225 an
2480 2172 2751 2225 Maternus

527 2243 648 2294 oder
699 2242 784 2295 die
847 2240 1038 2294 Vikare
1083 2257 1240 2308 yeqen
1283 2242 1361 2293 20
1411 2243 1490 2295 Ge.
1535 2243 1631 2310 fiir
1663 2242 1857 2295 imwaer
1890 2243 2009 2294 oder
2042 2242 2081 2293 2
2122 2241 2201 2294 Gt.
2224 2241 2460 2309 jc‘ikrlich
2512 2241 2749 2303 ahtreterz,

827 2327 977 2363 werm
1010 2327 1120 2362 nur
1153 2310 1291 2363 nach
1324 2310 1617 2364 Maternus'
1661 2312 1787 2364 Tude
1819 2311 1991 2364 seiner
2018 2310 2233 2378 yedaekt
2278 2309 2449 2376 wird.)

675 2425 759 2475 Et
795 2423 1039 2475 domino
1077 2427 1138 2475 et
1173 2425 1341 2485 patri
1373 2426 1553 2477 nobis
1588 2427 1953 2477 amicissimo
1991 2427 2055 2477 et
2087 2437 2385 2485 perquam
2420 2423 2601 2475 docto

800 2511 882 2561 Η.
921 2511 1194 2570 Urbane,
1229 2524 1558 2563 oeconomo
1596 2516 1658 2563 et
1695 2513 2059 2573 presbytero
2098 2508 2206 2578 (M.
2240 2506 2483 2576 Rufus).

731 2620 794 2685 S.
885 2621 1052 2697 Quas
1097 2624 1384 2704 praeterii
1430 2623 1681 2688 tabulas
1739 2624 1987 2687 aedium
2048 2622 2257 2685 nescio
2312 2641 2440 2702 qua
2492 2620 2750 2700 incuria,

525 2726 712 2783 nunc,
787 2706 1056 2786 Urbane,
1121 2709 1301 2772 dulce
1357 2710 1547 2773 decus
1602 2732 1829 2789 meum,
1882 2708 2099 2786 habeS,
2157 2712 2230 2771 ut
2293 2706 2529 2770 amussi
2592 2706 2753 2803 lapis

525 2792 891 2874 applicetur.
981 2794 1123 2857 Non
1181 2800 1280 2859 est
1336 2800 1566 2874 autem,
1613 2801 1686 2859 ut
1728 2803 1793 2859 te
1837 2799 2189 2858 currentem
2243 2798 2315 2857 ut
2368 2792 2597 2857 dicitur
2655 2794 2752 2854 in-

529 2880 733 2953 citem,
782 2883 1136 2961 promptum
1171 2880 1325 2944 mihi
1355 2846 1701 2962 providere,
1734 2881 1903 2964 quod
1933 2885 2029 2944 est
2061 2881 2189 2943 veri
2220 2879 2417 2962 patris
2448 2877 2743 2941 officium.

527 2963 646 3039 Qui
691 2967 854 3028 enim
900 2964 1054 3029 talia
1098 2972 1400 3065 praestat,
1447 2989 1608 3049 quae
1653 2973 1725 3031 tu
1770 2966 1943 3042 mihi,
1992 2988 2174 3030 verus
2220 2970 2395 3047 pater
2441 2968 2505 3027 et
2534 2962 2751 3025 haberi

526 3054 589 3112 et
633 3050 752 3113 dici
815 3055 1039 3133 potest.
1135 3052 1256 3115 F'ac
1300 3054 1512 3135 igitur,
1560 3059 1633 3117 ut
1675 3054 1774 3117 vel
1832 3057 1945 3116 tua
1998 3052 2189 3115 unius
2242 3072 2431 3133 opera
2484 3050 2584 3112 vel
2642 3050 2752 3112 ad-

523 3133 732 3216 jutore
777 3136 1240 3216 Engelmanno⁸
1287 3141 1509 3202 domus
1554 3140 1878 3203 alienetur.
1970 3138 2365 3235 Quamquam
2409 3131 2753 3199 Duronius⁸

526 3224 1047 3287 reconcinnaturo
1093 3224 1277 3287 nobis
1322 3226 1507 3288 aedes
1552 3219 1874 3289 materiam
1932 3224 2237 3305 promisit
2328 3221 2448 3285 Sed
2505 3221 2755 3284 reficere

527 3314 608 3385 et,
657 3314 729 3371 ut
774 3308 1080 3391 Ulpianus
1147 3311 1372 3391 inquit,
1439 3312 1608 3392 quod
1677 3315 2037 3393 corruptum
2106 3316 2219 3385 est,
2286 3308 2352 3371 in
2416 3309 2753 3389 pristinum

532 3400 768 3457 statum
830 3397 1142 3474 reducere,
1203 3401 1637 3494 sumptuosum
1685 3402 1749 3459 et
1792 3416 2093 3479 pergrave
2136 3401 2249 3459 est.
2337 3394 2558 3475 Itaque
2624 3394 2755 3455 sive

525 3478 874 3544 Maternus⁷
919 3480 1037 3543 XX
1080 3502 1301 3545 aureos
1361 3483 1493 3546 sive
1546 3482 1917 3546 vicariorum
1980 3481 2132 3545 ordo
2194 3482 2351 3543 duos
2411 3478 2754 3560 quotannis

523 3568 1107 3648 repraesentaverit,
1178 3569 1513 3632 dummodo
1583 3574 1725 3650 post
1792 3568 2037 3631 obitum
2106 3566 2377 3629 Materni
2446 3586 2754 3628 memores

668 3704 684 3734 ¹
719 3701 769 3755 S.
809 3702 908 3755 212
942 3706 1004 3755 A.
1042 3704 1088 3757 6.
1231 3703 1250 3734 ²
1283 3702 1555 3757 Bernhard
1590 3703 1670 3757 20.
1718 3704 1879 3771 Aug.3
1923 3702 2017 3754 (161
2058 3700 2176 3769 folg.
2228 3699 2456 3767 Sonntag
2506 3714 2617 3751 war
2664 3698 2756 3750 der

530 3770 612 3825 21.
754 3773 774 3803 ³
807 3772 918 3823 Der
949 3772 1067 3824 Abt.
1105 3770 1156 3823 S.
1197 3770 1294 3825 108
1328 3772 1390 3827 A.
1431 3774 1476 3825 1.
1616 3771 1929 3825 ⁴Reuchlin
1965 3770 2125 3823 dankt
2158 3770 2243 3821 1111
2277 3769 2417 3821 diese
2451 3768 2642 3820 Miinze
2668 3782 2753 3819 am

523 3839 603 3893 22.
640 3840 771 3907 Aug.
846 3840 1102 3909 Geigei,
1139 3839 1199 3894 R.
1236 3840 1442 3893 Briefw.
1481 3840 1531 3893 S.
1573 3842 1683 3894 194.
1754 3840 1983 3893 Mutians
2024 3835 2110 3891 Β1.
2162 3854 2228 3891 an
2274 3838 2335 3890 R.
2388 3837 2458 3890 ist
2490 3836 2639 3889 nicht
2672 3851 2752 3887 er-

526 3908 719 3963 halten
791 3910 945 3961 Auch
981 3909 1218 3977 Petiejus
1252 3926 1303 3961 u.
1340 3909 1521 3963 Urban
1556 3910 1775 3963 sandten
1806 3910 1881 3961 im
1916 3912 2049 3977 Aug.
2086 3906 2257 3960 Briefe
2281 3922 2347 3959 an
2368 3904 2427 3960 R.
2434 3922 2568 3973 ,von
2588 3906 2755 3957 denen

527 3978 619 4029 der
641 3977 924 4030 letzterein
950 3978 1118 4031 dieser
1138 3978 1454 4047 Sammlung.
1479 3978 1573 4032 Nr.
1589 3978 1701 4033 291.
1741 3978 1971 4047 Geiger
1995 3976 2180 4031 S.19l.
2252 3947 2753 4028 5Μ11.1111’1.Κ11611611-

531 4046 744 4099 meister
780 4047 849 4115 (S.
889 4048 987 4101 206
1023 4050 1083 4101 A.
1123 4049 1192 4112 2),
1229 4048 1320 4099 (161
1353 4050 1452 4100 mit
1492 4047 1675 4101 Urban
1709 4048 1792 4099 die
1826 4044 2366 4123 Hausangelegenheit
2398 4043 2581 4112 regelt
2634 4041 2751 4110 Vgl.

531 4115 772 4170 Β1.225.
913 4118 934 4148 ⁶
968 4117 1075 4169 Der
1119 4117 1238 4170 Abt.
1287 4116 1336 4170 S.
1379 4116 1474 4171 108
1519 4118 1581 4170 A.
1623 4120 1667 4169 1.
1810 4118 1828 4149 ⁷
1864 4115 2130 4167 Maternus
2174 4113 2429 4166 l'istorius
2484 4128 2588 4166 von
2631 4112 2751 4178 Ing-

523 4185 713 4239 weiler.
753 4185 801 4239 S.
839 4186 872 4237 9
907 4189 968 4239 A.
1005 4187 1053 4237 4.
1124 4185 1196 4237 Er
1231 4186 1380 4238 sollte
1415 4187 1468 4237 in
1503 4186 1735 4239 Mutians
1782 4184 1930 4237 Hans
1977 4184 2129 4235 ziehn
2175 4183 2298 4235 oder
2345 4182 2661 4249 uenigstens
2696 4195 2753 4231 es

519 4254 906 4319 iibernehmen3
955 4255 1091 4307 nach
1125 4255 1323 4305 seinem
1358 4254 1493 4307 Tode
1529 4255 1653 4307 aber
1688 4253 1859 4307 wolltc
1894 4254 2008 4306 sich
2044 4252 2113 4305 M.
2152 4252 2253 4303 den
2288 4249 2580 4304 Besitztitel
2634 4264 2752 4300 vor-

521 4322 777 4376 behalten.
859 4295 927 4375 E’s
980 4324 1157 4375 w·u1de
1207 4324 1400 4389 jedoch
1447 4323 1569 4376 bald
1617 4324 1701 4375 6111
1747 4323 2073 4375 Abkommen
2124 4322 2221 4373 mit
2274 4321 2444 4373 einem
2495 4318 2753 4387 geuissen

521 4389 758 4445 Dictmar
792 4393 1055 4459 goti-offen
1127 4392 1242 4460 Vgl.
1284 4394 1383 4445 den
1420 4392 1506 4446 Β1·.
1544 4410 1595 4447 1.
1632 4394 1679 4445 7.
1716 4394 1848 4459 Aug.
1885 4391 1977 4443 Nr.
2016 4390 2130 4445 282.
