3084 4895
493 385 622 457 448
1335 387 1513 448 Briefe
1550 386 1643 447 des
1678 389 1729 448 J.
1772 391 1920 450 1514.

507 588 610 630 me
657 563 898 628 contuli
947 565 1027 626 ad
1077 563 1149 626 D.
1197 563 1580 642 Mutianum,
1630 565 1810 647 cujus
1840 587 2100 648 promus
2132 589 2269 631 sum
2306 572 2369 631 et
2399 567 2781 634 obsonator.

501 649 732 716 Janus¹
784 649 1044 714 Urbano
1082 653 1299 713 nostro
1331 649 1527 713 servit
1572 656 1637 713 et
1682 652 1899 715 studet
1941 653 2221 719 mirifice.
2313 652 2459 730 Fac,
2504 655 2783 720 obsecro

501 743 585 814 te,
633 737 914 801 studium
966 735 1103 818 ejus
1161 735 1498 816 diligentia
1564 741 1783 800 nostra
1846 759 2327 819 consequamur.
2420 740 2583 804 Nam
2652 742 2783 806 flos

499 824 732 887 aetatis
765 843 890 885 non
926 821 1240 885 illecebris
1271 820 1702 902 voluptatum,
1728 823 1840 885 sed
1874 823 2059 888 bonis
2092 824 2293 888 literis
2325 829 2387 887 et
2420 826 2783 890 modestiae

502 909 890 973 dedicandus
951 908 1089 986 erit,
1145 911 1218 970 ut
1275 907 1534 970 tandem
1600 906 1912 972 bonorum
1980 910 2186 990 gratia
2251 910 2553 974 fruamur.
2647 912 2783 990 Qui

501 1017 646 1059 vero
715 1016 840 1058 non
920 998 1253 1056 moventur
1330 993 1391 1054 in
1463 991 1898 1058 adolescentia
1972 995 2307 1076 splendore
2381 997 2639 1060 virtutis
2710 1003 2783 1060 et

499 1081 883 1145 auctoritate
945 1077 1318 1160 disciplinae
1371 1077 1673 1159 melioris,
1720 1080 1767 1142 ii
1812 1080 1912 1160 (ut
1958 1103 2203 1162 semper
2249 1081 2407 1146 mihi
2453 1085 2778 1164 persuasi)
2854 1095 2861 1102 '

498 1169 636 1230 sine
681 1167 1015 1246 dignitate,
1061 1165 1190 1228 imo
1238 1185 1377 1226 cum
1427 1129 1723 1226 molestia
1768 1166 2039 1248 turpiter
2099 1173 2581 1232 consenescunt.
2674 1169 2782 1232 Da

497 1274 772 1352 operam,
821 1255 891 1314 ut
955 1250 1184 1325 valeaS‚
1250 1253 1314 1313 et
1373 1249 1526 1330 quia
1590 1248 1835 1314 Urbani
1897 1251 2345 1316 humanissimi
2410 1261 2475 1317 et
2541 1256 2782 1337 optimi

497 1339 616 1402 viri
661 1358 856 1420 nepos
903 1358 992 1412 eS‚
1039 1357 1190 1398 cura
1238 1339 1309 1398 ut
1357 1334 1591 1416 dignus
1638 1358 1775 1400 esse
1823 1337 2093 1414 videare,
2144 1361 2332 1421 quem
2379 1339 2485 1402 ille
2532 1340 2780 1420 diligat

499 1428 564 1486 et
625 1425 781 1506 ipse,
845 1427 918 1484 ut
975 1441 1220 1501 semper
1285 1420 1503 1497 habui,
1576 1443 1789 1486 carum
1860 1423 2149 1488 habeam.
2239 1424 2311 1487 Id
2374 1429 2450 1487 te
2504 1427 2779 1490 omnino

498 1509 748 1572 confido
795 1507 1135 1582 facturum,
1182 1507 1553 1588 praesertim
1600 1507 1719 1570 sub
1767 1511 2074 1590 magistro
2106 1510 2271 1573 bene
2302 1509 2511 1574 docto,
2521 1508 2542 1543 ²
2622 1511 2776 1576 Dat.

498 1595 700 1677 pridie
745 1592 1058 1656 Calendas
1105 1591 1422 1668 Quintiles
1468 1591 1835 1656 DDDXIIII.

803 1693 926 1746 Cod.
965 1691 1098 1745 Frcf.
1137 1693 1242 1745 374
1259 1693 1337 1746 a.³

497 1883 727 1952 (Gotha.)
1559 1865 1704 1929 378.
2379 1885 2425 1938 1.
2460 1883 2573 1936 Juli
2614 1886 2772 1941 1514.

1118 1989 1123 1996 ’
1181 1991 1506 2062 Vulcan‘
1550 2011 1647 2060 an
1694 1991 1759 2060 N
1761 1993 2085 2078 epotian.

1019 2119 1435 2187 (Aufforderwm
1468 2137 1602 2172 xum
1634 2119 1907 2188 fleissiqen
1943 2121 2238 2196 Studium.)

1005 2234 1363 2294 Nepotiane
1400 2245 1512 2283 suo
1548 2234 1877 2284 Vulcanus
1910 2235 2246 2286 Drusillae.

705 2343 774 2408 Si
821 2345 1011 2420 vales,
1069 2345 1231 2408 bene
1277 2349 1394 2409 est.
1485 2345 1621 2427 Ego
1688 2345 1945 2426 quidem
2017 2351 2083 2410 et
2154 2347 2418 2410 Publius
2480 2348 2775 2411 valemus

498 2435 564 2494 et
604 2431 891 2495 instante
959 2432 1130 2511 her0,
1199 2431 1493 2531 quamvis
1539 2437 1603 2495 et
1650 2437 1868 2497 nostra
1934 2438 2180 2515 sponte,
2253 2434 2574 2498 discimuS.
2669 2433 2775 2499 Tu

499 2538 645 2580 vero
711 2516 944 2582 celebri
1010 2519 1076 2581 in
1149 2517 1299 2581 ludo
1371 2518 1494 2581 nisi
1554 2517 1915 2599 profece1i3‚
1982 2519 2145 2582 male
2213 2521 2451 2583 audies.
2540 2519 2773 2600 Neque

495 2603 1159 2781 I<ein1121jihfiiieieceptores
1205 2604 1526 2667 desideras
1572 2607 1633 2667 et
1680 2605 1939 2685 ingenio
1976 2604 2166 2669 vales
2258 2605 2355 2668 Ad
2389 2604 2520 2668 Cal.
2554 2605 2769 2669 Julias

807 2789 930 2844 Cod.
967 2789 1100 2844 Frcf.
1139 2790 1240 2842 375
1260 2791 1332 2843 αὖ
1419 2822 1422 2825 ·

497 2975 730 3045 (Gotha.)
1553 2962 1699 3025 379.
2317 2978 2403 3031 30.
2441 2978 2475 3030 J
2477 2980 2570 3032 uni
2609 2980 2765 3037 1514.

1234 3088 1524 3159 Mutian
1570 3110 1669 3159 an
1714 3088 2024 3161 Urban.⁶

497 3218 523 3281 (
530 3214 646 3283 U
645 3214 828 3283 ibn-stig
827 3232 881 3268 es
928 3215 1097 3269 Urteil
1127 3216 1256 3269 ‘liber
1288 3216 1487 3270 Fabcrs
1521 3217 1750 3271 Psalter.
1820 3218 1937 3272 Das
1983 3218 2351 3273 Herkulesbild
2383 3219 2499 3272 will
2529 3219 2604 3272 M.
2639 3220 2765 3272 dem

498 3284 741 3337 Osmund
773 3284 1030 3337 bezaklen.
1108 3284 1431 3354 Triumphus
1479 3285 1677 3339 Neobii
1708 3288 1823 3339 und
1856 3287 2019 3353 Brraef
2044 3305 2119 3341 an
2154 3288 2409 3355 Ayricola
2452 3288 2759 3341 xum‘iolczu-

490 3353 662 3419 qeben.
734 3352 846 3405 Hat
882 3355 919 3405 5
961 3353 1041 3408 Gt.
1080 3354 1190 3419 auf
1212 3354 1297 3406 die
1343 3354 1723 3421 Naumburqer
1765 3356 1931 3409 Messe
1974 3374 2105 3409 zum
2152 3356 2422 3424 Einkaufe
2464 3356 2606 3409 eines
2658 3356 2759 3409 Ge-

491 3422 734 3475 schenkes
775 3421 871 3489 fu'r
914 3421 1158 3490 Hersfeld
1196 3424 1431 3489 qesamit,
1467 3440 1565 3476 um
1616 3424 1798 3476 Urbem
1843 3425 1991 3478 nwht
2024 3426 2174 3478 vnehr
2205 3443 2280 3478 κα
2315 3425 2614 3492 belii-stiym,
2664 3426 2761 3477 der

1365 3492 1485 3545 dem
1527 3493 1681 3545 Gelde
1714 3492 1859 3545 dv'ent
1862 3496 1895 3560 .)

589 3604 999 3654 sacrosancto
1035 3604 1293 3655 Urbano
1327 3606 1629 3666 magistro
1664 3608 1933 3668 egregio,
1969 3608 2167 3657 amico
2202 3609 2268 3658 et
2302 3608 2564 3657 colendo
2599 3610 2665 3657 et

1371 3691 1497 3741 fido
1533 3692 1623 3741 M.
1658 3691 1881 3743 Rufus.

699 3798 892 3862 Initio
961 3801 1104 3879 tibi,
1160 3804 1235 3865 ut
1291 3800 1512 3883 debeo,
1569 3803 1837 3866 salutern
1894 3803 2056 3867 dico.
2116 3802 2235 3865 Te
2280 3804 2448 3865 enim
2508 3803 2757 3867 salvum

499 3934 689 4011 befand
724 3934 840 3987 sich
877 3935 978 3987 seit
1013 3934 1158 4002 April
1203 3936 1256 3987 in
1231 3936 1516 4057 '‘Bieslau
1552 3938 1606 3990 in
1644 3938 1736 4016 der
1780 3936 1975 3991 Schule
2023 3937 2305 3991 Kaumlers
2350 3938 2460 3990 und
2505 3937 2582 3991 als
2627 3953 2761 4005 puer

495 4141 688 4193 ebenso
740 4140 844 4193 wie
897 4113 1003 4193 die
1034 4114 1287 4207 folgende.
1317 4077 1492 4197 'iiCod
1542 4144 1645 4196 374
1664 4144 1697 4196 b
1740 4144 1869 4213 folgt
1912 4144 1991 4197 als
2038 4144 2131 4199 Nr.
2168 4144 2284 4197 379.
2426 4146 2448 4175 ⁴
2483 4143 2755 4195 Vulcanus

497 4209 716 4275 DruSUS,
772 4209 1006 4262 Mutians
1059 4210 1254 4263 Diener
1306 4211 1477 4264 neben
1532 4211 1770 4265 Publius.
1843 4213 1893 4266 S.
1930 4214 2033 4266 416
2069 4216 2129 4266 A.
2168 4214 2216 4264 3.
2288 4212 2475 4265 Dieser
2520 4212 2629 4263 und
2664 4212 2757 4263 der

496 4278 674 4346 voiige
704 4250 1021 4345 'B1·.sqllten
1059 4279 1392 4348 gleichzeitig
1427 4280 1527 4333 mit
1565 4280 1652 4333 Br.
1691 4282 1793 4335 380
1828 4298 1894 4335 an
1932 4280 2177 4349 Agricola
2225 4281 2361 4333 nach
2408 4280 2629 4333 Breslau
2663 4280 2755 4332 ab·

497 4348 650 4413 gehn.
794 4350 815 4379 ⁵
850 4336 996 4400 Uber
1044 4350 1129 4399 die
1177 4348 1440 4401 Numiner
1482 4349 1588 4417 vgl.
1627 4366 1736 4403 vxor
1764 4350 1847 4404 ΒΥ.
1886 4350 2007 4405 Cod.
2046 4350 2198 4403 37512
2234 4348 2362 4416 folgt
2398 4348 2475 4401 als
2514 4349 2601 4403 Br.
2635 4349 2753 4399 411.

560 4416 582 4446 θ
616 4416 716 4467 Die
769 4415 956 4467 beiden
1005 4415 1178 4468 Briefe
1226 4418 1318 4469 des
1367 4418 1593 4471 Publius
1639 4420 1749 4471 und
1798 4419 2001 4471 Drusus
2056 4420 2177 4486 (377
2228 4419 2303 4487 f.,)
2358 4418 2443 4469 die
2502 4416 2576 4469 im
2632 4416 2753 4470 Cod.
