3084 4895
1275 367 1486 430 Mutian
1521 391 1592 430 an
1627 375 1826 431 Urban.
2546 373 2670 444 317

424 546 636 612 liciam
682 548 1067 629 attribuant3
1133 571 1296 631 quae
1339 572 1491 613 sane
1536 549 1855 614 vitiositas
1922 547 2125 613 lucem
2187 549 2418 614 rationi
2483 550 2671 632 eripit

425 640 492 701 et
535 635 616 697 ad
664 634 896 716 praelia
941 635 1142 699 trudit
1187 637 1506 712 inermem,
1541 637 1710 700 unde
1741 635 1962 700 caedes
1996 640 2073 698 et
2114 636 2375 699 vulnera
2404 642 2469 700 et
2501 638 2668 706 mille

426 721 822 786 calamitates
883 721 1165 801 quotidie
1224 722 1621 804 proveniunt.
1711 721 2022 799 §ethelbert
2076 722 2241 794 haben
2300 742 2460 784 unser
2520 742 2569 796 o.
2618 725 2667 797 Ι).

427 817 545 884 gnte
595 811 866 880 lesterunss
911 812 1011 868 nuh
1060 813 1157 869 bns
1205 808 1438 888 unflebig
1481 806 1782 878 3uttinrhtn
1828 808 1922 866 mit
1969 816 2145 868 etus-te
2188 812 2289 869 »nb
2338 809 2496 887 sttnff
2549 829 2671 869 nrt-

424 904 598 974 puten.
692 891 890 956 Credo
956 899 1019 956 et
1079 892 1355 956 Duronio
1422 893 1729 956 traditum
1799 915 1933 954 esse
1998 895 2420 974 praeceptum.
2510 893 2667 957 Mihi

399 979 635 1062 ‘placet
664 979 1030 1061 principalis
1063 1001 1356 1042 censura:
1404 999 1520 1039 man
1561 985 1659 1038 bas
1702 979 1907 1057 snuffm
1954 981 2141 1052 kttngt
2186 999 2284 1048 ete,
2313 989 2341 1018 ⁸
2384 980 2667 1058 uttnunfft,

427 1068 532 1127 [ἰὼ
579 1071 678 1124 nub
727 1074 821 1138 gut
864 1069 964 1124 mih
1012 1067 1088 1124 ist
1133 1065 1442 1138 sdnnblid).
1533 1063 1645 1143 pie
1692 1067 1889 1123 anbrrn
1932 1065 2137 1123 nanim
2184 1067 2274 1141 bat
2318 1066 2419 1125 mit
2462 1067 2668 1126 (eltutus

423 1154 674 1212 ubetsnnt
733 1151 828 1209 mit
885 1151 1031 1211 biset
1093 1167 1250 1210 unser
1316 1149 1681 1224 muttttlidjcn
1750 1149 1927 1228 aptati)
1994 1149 2290 1222 uerutum.
2348 1150 2527 1210 -wit
2586 1143 2668 1231 ἔτ

425 1239 594 1296 lesen.
687 1235 924 1298 Scribit
985 1235 1180 1298 fuisse
1239 1234 1476 1298 Fuldae
1537 1235 1748 1298 nescio
1809 1255 1997 1315 quem
2039 1233 2137 1309 Jo.
2189 1235 2661 1314 Someringum3

427 1344 507 1384 an
557 1320 812 1384 fratrem
859 1321 1166 1403 praetoris
1211 1343 1292 1383 an
1338 1321 1551 1394 alium,
1600 1341 1723 1383 non
1767 1319 2099 1400 intellig0.¹
2192 1321 2383 1384 Miror
2414 1325 2665 1384 tantum

423 1406 540 1470 otii
599 1429 735 1471 esse
779 1409 843 1470 in
892 1406 1122 1480 Africa,
1183 1412 1258 1470 ut
1314 1403 1602 1487 Petrejus
1662 1411 1876 1469 noster
1936 1407 2141 1468 dicere
2199 1407 2377 1484 solet,
2437 1409 2512 1470 ut
2567 1407 2665 1470 J0.

425 1493 531 1556 ille
575 1515 613 1556 a
658 1515 807 1558 cura
852 1492 1323 1575 philogynetiae
1369 1514 1607 1556 vacuus
1666 1514 1803 1555 esse
1863 1493 2175 1574 tantisper
2232 1492 2453 1575 possit,
2518 1493 2667 1556 dum

423 1579 659 1642 redeat.
783 1579 1074 1643 Fortasse
1162 1579 1499 1642 constituit
1572 1583 2039 1660 procuratorem
2112 1577 2191 1640 ad
2265 1601 2413 1642 rem.
2534 1578 2667 1643 Hoc

425 1666 670 1729 scilicet
716 1666 916 1728 clerus
964 1666 1235 1728 maxime
1281 1669 1478 1741 curat,
1512 1669 1587 1728 ut
1617 1686 1795 1728 suam
1828 1664 1950 1727 sibi
1979 1663 2279 1728 Venerem
2326 1665 2665 1748 propitiam

427 1752 652 1815 reddat
695 1755 887 1833 atque
935 1751 1284 1833 placatam3
1331 1754 1395 1814 et
1439 1752 1490 1813 si
1539 1751 1613 1814 de
1660 1751 2017 1832 suspicione
2064 1756 2127 1814 et
2171 1756 2345 1814 metu
2402 1750 2665 1829 laborat,

425 1838 712 1901 admittit
755 1838 852 1901 vel
887 1837 1036 1900 data
1071 1836 1350 1900 mercede
1381 1836 1673 1901 colonum
1706 1837 2032 1913 vicarium,
2066 1836 2175 1917 qui
2208 1842 2612 1918 praestrenue
2639 1839 2667 1876 b

434 1923 702 2002 fundum
751 1924 1039 1986 dominae
1086 1922 1252 1986 colat
1300 1928 1492 2005 atque
1539 1927 1845 1986 exerceat.
1936 1922 2079 1984 Non
2110 1923 2171 1985 id
2207 1923 2445 1986 dictum
2479 1924 2665 1986 velim

426 2011 488 2072 in
538 2009 974 2090 Someringum
1026 2009 1320 2090 majorem
1367 2009 1463 2071 vel
1508 2010 1833 2072 minorem.
1879 2072 1887 2080 ,
1928 2007 2111 2071 Absit
2173 2009 2322 2073 talis
2391 2009 2665 2073 licentia.

426 2096 564 2159 Non
601 2102 767 2159 esset
792 2095 1138 2177 impunitas
1171 2094 1476 2177 ejusmodi
1502 2095 1845 2172 dicacitati,
1880 2116 2019 2158 cum
2057 2094 2254 2176 major
2283 2096 2665 2177 praet-orium

425 2187 791 2263 suggestum
868 2186 1086 2245 teneat
1151 2188 1214 2246 et
1280 2203 1446 2264 aqua
1517 2181 1725 2264 possit
1798 2186 1990 2262 atque
2065 2181 2197 2261 igni
2272 2182 2661 2245 interdicere.

426 2269 731 2344 Quocirca
789 2269 946 2331 haec
1008 2268 1157 2330 boni
1225 2268 1497 2331 consule.
1592 2267 1821 2330 Datum
1884 2267 2265 2330 Sabbataria
2321 2268 2479 2342 luce,
2541 2269 2665 2332 imo

423 2354 676 2419 Joviali.
767 2354 1067 2418 Putaram
1115 2375 1252 2417 cras
1298 2353 1428 2417 fore
1473 2353 1638 2416 diem
1688 2352 1871 2416 Solis.
1965 2354 2199 2416 Erravi.
2287 2353 2551 2435 Ignosce
2604 2359 2669 2418 et

425 2442 639 2506 statim
687 2439 1042 2505 conscinde.

733 2541 856 2595 Cod.
893 2541 1026 2595 Frcf.
1065 2540 1181 2594 281.

425 2668 658 2801 ⁸(Grotha.)
886 2755 892 2762 ·
1471 2713 1615 2779 258.
2108 2732 2176 2797 (n.
2216 2730 2297 2784 30.
2333 2730 2478 2800 Juni)
2518 2732 2665 2785 1513.

1172 2839 1459 2910 Mutian
1502 2859 1600 2909 an
1645 2838 1921 2909 Urban.

541 2976 562 3037 (
573 2968 684 3022 Von
717 2970 810 3021 der
837 2985 1054 3036 qrosscn
1102 2957 1617 3036 U'bersehwemmuny
1650 2968 1714 3021 in
1756 2968 2097 3036 Gemyenthal
2130 2986 2221 3021 am
2256 2970 2346 3022 30.
2382 2968 2555 3037 Juni.)

919 3084 1172 3135 Urbano
1206 3084 1374 3143 patri
1409 3083 1794 3134 sanctissimo
1830 3084 1913 3135 M.
1950 3081 2170 3134 Rufus.

629 3196 690 3259 S.
781 3194 1016 3277 Magna
1073 3197 1168 3259 vis
1225 3200 1650 3277 aquarumet
1689 3194 1871 3277 quasi
1928 3182 2421 3273 κατακλυσμὸςθ
2480 3217 2669 3277 supra

423 3303 612 3364 quam
685 3284 955 3345 enarrari
1024 3286 1236 3364 potest
1303 3282 1609 3345 coenobio
1680 3287 1887 3345 vestro
1950 3282 2185 3344 nocuit.
2228 3289 2231 3292 '
2275 3280 2411 3356 Qua
2467 3282 2542 3345 de
2601 3304 2666 3345 re

421 3368 702 3450 pressius
761 3375 825 3431 et
887 3369 1162 3432 tenuiter
1206 3368 1497 3444 scribam,
1567 3374 1639 3431 ut
1702 3390 1830 3431 rem
1899 3366 2131 3449 oppido
2198 3368 2665 3431 memorabilem

424 3454 674 3518 facilius
747 3455 812 3518 in
887 3454 1171 3518 libellum
1245 3454 1496 3519 referas,
1618 3454 1782 3517 Prid.
1860 3452 1988 3516 Cal.
2066 3452 2379 3529 Quintiles
2470 3455 2662 3537 (quod

424 3542 763 3622 posteritas
809 3540 1092 3622 miretur)
1159 3541 1422 3605 duorum
1482 3536 1793 3605 amniu1n²
1840 3540 1997 3603 alias
2042 3540 2273 3602 sensim
2316 3546 2379 3603 et
2424 3540 2667 3621 placide

423 3627 752 3691 fluentium
785 3628 814 3666 ‘¹
859 3628 1190 3709 inopinato
1223 3624 1578 3691 redundata
1608 3637 1633 3665 Θ
1678 3626 2049 3690 coenobium
2088 3624 2278 3687 Vallis
2310 3624 2374 3689 S.
2410 3627 2664 3708 Georgii
2730 3631 2735 3636 '

395 3714 714 3795 'procellis
760 3714 1068 3787 obruitur,
1120 3720 1189 3775 ut
1235 3713 1450 3795 procul
1513 3713 1953 3795 spectantibus
2012 3717 2342 3792 appareret
2408 3713 2664 3776 semise-

424 3798 678 3879 pultum
725 3821 798 3863 ac
843 3800 1068 3862 mediis
1114 3799 1178 3861 in
1225 3800 1415 3862 undis
1447 3799 1770 3863 fluctuare.
1867 3798 2056 3875 Adeo,
2102 3798 2390 3861 deorsum
2425 3799 2665 3881 impetu

421 3886 685 3948 terribili
746 3885 1212 3949 confluentibus
1274 3886 1555 3966 undique
1620 3884 1869 3966 pluviiS‚
1938 3884 2123 3964 aquis
2188 3884 2666 3965 complebantur

424 3993 692 4053 superne
739 3972 1056 4035 convalles
1102 3978 1165 4035 et
1213 3972 1569 4052 voraginosi
1632 3992 1873 4053 specus,
1966 3970 2359 4051 Quamquam
2409 3972 2502 4034 vis
2556 3972 2665 4035 illa

557 4138 583 4166 ⁸
611 4124 724 4175 ihre
765 4124 910 4176 Temo.
1051 4128 1080 4166 b
1107 4122 1502 4191 praestrennue.'
1634 4136 1659 4163 c
1687 4118 2030 4186 κατακλισμός.
2135 4123 2163 4161 d
2192 4136 2329 4189 aqua
2359 4120 2477 4188 fiiyt
2516 4121 2663 4174 Temo,

418 4192 521 4245 ein.
661 4207 685 4235 θ
711 4194 1002 4246 redundata
1040 4193 1186 4245 Teme.

561 4265 577 4294 ¹
613 4263 712 4315 Ein
766 4262 969 4315 Brudcr
1004 4261 1096 4314 des
1131 4262 1423 4317 bekannten
1476 4260 1596 4313 Joh.
1653 4258 1996 4327 Somnicring,
2034 4257 2133 4311 wic
2168 4258 2238 4311 M.
2276 4261 2449 4325 spiitei·
2500 4257 2664 4311 selbst

424 4330 516 4383 ihn
566 4331 885 4384 bezeichnet.
934 4331 1019 4384 ΒΥ.
1059 4332 1172 4383 297.
1315 4334 1334 4363 ²
1370 4330 1631 4399 Oberhalb
1681 4328 2041 4395 Georgenthal,
2096 4328 2179 4380 bei
2220 4328 2497 4395 Tambach‚
2546 4345 2665 4380 ver-

431 4399 594 4469 einigt
627 4402 743 4455 sich
779 4401 878 4453 mit
914 4402 1006 4452 der
1040 4400 1309 4467 Apfclstct,
1347 4416 1412 4452 an
1449 4401 1540 4451 der
1576 4397 1921 4465 Georgenthal
1955 4397 2097 4464 liegt,
2123 4398 2215 4450 das
2242 4396 2664 4453 Schmalwasser.
