3084 4895
463 361 592 430 190
1238 359 1416 420 Briefo
1450 378 1555 418 von
1590 359 1949 418 1509-1511.

469 535 640 600 dinis
687 537 844 598 sunt
885 534 1182 612 remedia,
1243 535 1479 618 quibus
1521 535 1645 599 viri
1688 555 1915 618 graves
1956 537 2249 612 utuntur,
2308 557 2391 600 ne
2434 535 2739 602 seminale

474 620 782 701 polluant.
898 619 1236 684 Bracatum
1307 621 1476 686 enim
1546 643 1685 684 esse
1750 620 1935 684 decet
2006 619 2245 684 Christi
2318 622 2733 686 sacerdotem.

471 706 773 784 Legimus
832 705 1192 768 sacerdotes
1236 705 1300 766 in
1349 706 1489 788 lege
1535 705 1752 768 Moses
1812 725 1967 768 usos
2031 704 2227 768 fuisse
2292 706 2483 770 lineis
2548 707 2735 770 femi-

471 790 746 866 nalibuS,
793 811 960 869 quae
991 811 1194 870 usque
1241 790 1318 854 ad
1367 811 1577 871 genua
1608 795 1673 852 et
1702 790 1977 872 poplites
2005 791 2381 872 pudibunda
2413 791 2732 856 celabant.

471 874 773 957 Superior
817 879 1028 938 autem
1080 896 1222 956 pars
1266 876 1388 939 sub
1421 875 1723 940 umbilico
1754 875 2251 956 astringebatur,
2284 881 2357 940 ut
2386 877 2734 959 siquando

469 960 752 1042 expediti
825 963 1182 1023 mactarent
1207 971 1236 1000 ὃ
1307 961 1602 1024 victimas
1666 965 1733 1023 et
1796 959 1959 1024 forte
2025 961 2523 1041 prolaberentur,
2598 983 2733 1026 non

469 1050 734 1127 pateret,
781 1045 956 1127 quod
1002 1049 1172 1108 esset
1213 1050 1523 1127 opertum.
1616 1044 1843 1108 Verum
1888 1046 1955 1108 in
1999 1045 2285 1109 Levitico
2330 1046 2409 1109 de
2444 1047 2733 1110 feminali

471 1131 632 1194 nihil
699 1131 840 1212 legi.
928 1129 1090 1193 Illud
1136 1130 1280 1212 legi,
1327 1131 1499 1212 quod
1563 1131 1811 1194 utinam
1884 1131 2115 1212 poetici
2171 1131 2464 1194 homines
2508 1131 2731 1196 obser-

475 1221 722 1279 varent:
805 1215 984 1296 „Non
1059 1215 1369 1279 revelabis
1441 1216 1905 1298 turpitudinem
1980 1215 2181 1298 patris
2246 1215 2401 1279 tui.“
2504 1217 2733 1280 Patres

469 1301 877 1366 ecclesiarum
955 1304 1108 1364 sunt
1180 1301 1482 1382 theologi.
1604 1299 1908 1365 Solomon
1990 1301 2232 1382 inquit:
2329 1301 2491 1383 „Qui
2564 1303 2733 1366 celat

468 1386 789 1463 delictum,
837 1386 1088 1466 quaerit
1119 1385 1462 1464 amicitias3
1500 1387 1613 1466 qui
1642 1386 1843 1450 altero
1874 1407 2161 1450 sermone
2190 1389 2439 1470 repetit,
2474 1394 2734 1469 separat

469 1471 885 1534 foederatos“
979 1471 1166 1534 Dices
1231 1471 1474 1534 forsan:
1547 1471 1713 1552 „Cur
1778 1472 1977 1552 igitur
2037 1493 2136 1534 me
2182 1476 2247 1535 et
2288 1471 2727 1535 Herebordum

466 1557 642 1620 velut
707 1557 934 1619 tertius
1015 1554 1174 1620 Cato
1251 1558 1531 1620 severius
1604 1555 2045 1638 objurgasti?“
2160 1557 2307 1620 Feci
2372 1557 2600 1638 pudice
2662 1561 2733 1620 et

467 1647 774 1705 amanter.
868 1641 1024 1704 Cum
1088 1641 1308 1704 amicis
1353 1664 1456 1704 me
1501 1661 1688 1721 agere
1748 1641 2077 1724 putabam.
2168 1641 2307 1704 Non
2356 1643 2725 1706 irascimini.

365 1796 374 1802 ,
469 1727 673 1791 Malos
717 1748 844 1790 non
907 1726 1314 1806 reprehendo.
1407 1726 1641 1790 Docuit
1684 1748 1783 1789 me
1828 1725 2164 1790 Solomon:
2228 1727 2411 1807 „Noli
2464 1749 2729 1808 arguere

471 1813 830 1887 derisorem,
878 1834 958 1874 ne
1003 1812 1210 1876 oderit
1251 1817 1337 1874 te.
1429 1811 1641 1892 Argue
1687 1812 2041 1893 sapientem
2074 1817 2138 1874 et
2169 1811 2395 1893 diliget
2437 1816 2519 1876 te.
2605 1812 2728 1888 Qui

464 1899 604 1962 odit
676 1897 1162 1979 increpationeS,
1236 1897 1547 1978 insipiens
1620 1901 1745 1974 est3
1821 1898 1933 1977 qui
2006 1898 2261 1980 sapiens
2345 1903 2460 1972 est,
2542 1899 2731 1961 audit

469 1983 752 2047 consilia.
842 1983 1090 2046 Inauris
1151 2003 1298 2047 area
1343 1987 1410 2044 et
1450 1981 1800 2062 margarita
1860 1982 2131 2064 fulgenS,
2199 1983 2311 2065 qui
2366 1983 2579 2064 arguit
2624 2005 2727 2046 sa-

467 2069 744 2152 pientem
791 2073 856 2131 et
899 2089 1115 2130 aurem
1165 2067 1589 2130 obedientem.
1680 2067 1987 2131 Doctrina
2030 2068 2151 2130 viri
2197 2089 2307 2150 per
2346 2068 2725 2150 patientiam

470 2155 774 2218 noscitur.
863 2153 934 2215 In
968 2153 1230 2216 auribus
1273 2152 1715 2233 insipientium
1749 2174 1829 2215 ne
1859 2153 2159 2234 loquaris,
2194 2155 2346 2234 quia
2376 2153 2731 2236 despicient

467 2241 822 2304 doctrinam
893 2238 1127 2318 eloquii
1193 2237 1348 2301 tui.“
1466 2237 1675 2310 Vides,
1744 2239 1829 2300 mi
1902 2237 2171 2314 Urbane,
2242 2259 2438 2320 quare
2500 2239 2727 2302 fuerim

469 2326 837 2408 objurgator
899 2328 964 2386 et
1029 2323 1409 2386 austeruluS.
1501 2320 1573 2385 Si
1634 2322 1928 2405 displicet
1994 2323 2398 2398 dolatorium,
2444 2345 2573 2387 non
2622 2343 2727 2386 ero

470 2411 780 2475 molestus
824 2409 1199 2492 prudentiae
1245 2412 1508 2472 vestrae.
1600 2406 1695 2471 Ne
1741 2429 1887 2471 vero
1932 2414 1998 2472 te
2040 2409 2329 2472 territum
2379 2409 2553 2473 dicas
2600 2409 2729 2472 elo-

470 2498 750 2577 quentia,
821 2517 983 2576 quae
1037 2496 1100 2557 in
1161 2515 1257 2557 me
1301 2494 1477 2556 nulla
1521 2498 1638 2567 est,
1693 2494 1929 2567 hortor,
1975 2507 2064 2556 ut.
2108 2493 2453 2557 christiane
2500 2495 2576 2557 ad
2624 2516 2728 2557 me

466 2583 730 2659 scribaS,
765 2584 827 2643 et
858 2581 1128 2643 libenter
1157 2579 1504 2641 latinitatis
1536 2578 1894 2641 obliviscar.
1974 2579 2139 2641 Vale.
2214 2578 2428 2643 Natali
2462 2580 2729 2659 Magda-

467 2669 665 2731 lenae.
741 2665 938 2728 MDX.
1017 2663 1166 2727 Sive
1209 2664 1385 2727 vivat
1429 2664 1643 2725 adhuc
1674 2665 1807 2727 sive
1838 2670 2125 2727 mortuus
2156 2666 2242 2727 sit
2274 2664 2722 2741 HereborduS,'
2822 2665 2824 2667 ’

467 2774 578 2815 ora
621 2773 733 2835 pro
779 2772 871 2813 eo.
963 2749 1125 2813 Nam
1171 2743 1514 2829 utrunlque
1562 2754 1849 2812 nostrum
1898 2771 2025 2811 non
2074 2749 2421 2830 vulgariter
2466 2750 2615 2813 olim
2663 2756 2730 2813 et

466 2838 868 2921 humanitate
913 2840 978 2897 et
1021 2834 1234 2897 officio
1281 2834 1495 2897 coluit.

775 2935 898 2987 Cod.
935 2934 1067 2987 Frcf.
1104 2933 1222 2988 448.

463 3124 695 3195 (Gotha.)
1519 3105 1662 3168 143.
2140 3148 2165 3183 ,
2526 3121 2727 3189 (1510.)

1163 3231 1454 3301 Mutian
1500 3252 1598 3300 an
1642 3229 2013 3299 Herbord.

466 3362 790 3431 (Geymicber
822 3361 923 3413 den
967 3360 1183 3413 Wirren
1217 3361 1317 3413 der·
1343 3359 1456 3412 Zeit
1490 3360 1605 3413 will
1632 3376 1689 3432 er
1721 3375 1829 3412 nur
1854 3358 1964 3425 auf
1992 3359 2111 3412 Gott
2135 3363 2429 3413 vertrauen.
2490 3357 2733 3410 Herbard

679 3430 954 3498 qliicklich,
991 3430 1116 3482 dass
1153 3446 1210 3482 er
1243 3429 1307 3481 in
1349 3428 1695 3496 Georqenthal
1727 3427 1882 3481 einen
1914 3428 2173 3481 Ruhesi-tx
2201 3427 2501 3495 yefunden.)

1027 3542 1395 3593 Herebordo
1429 3542 1779 3603 margarito
1812 3543 1903 3592 M.
1936 3539 2187 3591 Rufus..

669 3634 740 3701 Si
785 3637 958 3701 vales
1017 3641 1081 3701 et
1132 3636 1294 3719 juris
1353 3636 1569 3701 studio
1637 3634 2101 3710 assiduitatem,
2170 3632 2725 3715 perseverantiam,

463 3723 770 3800 ardorem,
817 3724 1214 3787 alacritatem
1276 3721 1565 3800 adhibes,
1631 3722 1790 3785 bene
1835 3725 1951 3783 est.
2042 3720 2176 3801 Ego
2233 3718 2487 3799 quidem
2544 3716 2728 3781 val-eo

463 3814 527 3871 et
572 3830 698 3871 non
751 3809 954 3888 magis
999 3809 1195 3871 sacris
1240 3808 1565 3871 Musarum
1602 3828 1795 3888 quam
1829 3806 2067 3869 Christi
2100 3806 2366 3868 assideo
2446 3801 2728 3866 Cottidie

467 3894 953 3975 conspiciuntur
1000 3894 1288 3975 exempla
1319 3893 1613 3956 fortunae
1644 3892 1969 3965 variantiS,
2006 3890 2185 3972 cujus
2217 3889 2723 3953 vicissitudinem

464 3986 530 4041 et
573 3980 866 4043 incursus
898 3979 1208 4060 Duringia
1239 3983 1303 4042 et
1333 3976 1588 4041 Hessia²
1623 3978 1851 4041 nedum
1886 3977 2073 4040 Italia
2104 3976 2186 4039 ob
2220 3974 2724 4038 inconstantiam

595 4114 1067 4249 llilfaggghmssseines
1122 4180 1498 4247 hartniickigen
1561 4178 1768 4232 Schwei
1806 4195 1914 4231 ens.
1988 4178 2191 4231 Oesters
2238 4174 2731 4229 wiederkehrender

458 4250 668 4304 Scherz.
811 4252 832 4283 ²
855 4250 954 4302 Die
989 4250 1280 4317 Thin-inger
1312 4250 1524 4301 Wirren
1562 4262 1659 4300 aus
1694 4250 1775 4299 An
1800 4262 1885 4300 ass
1921 4248 2015 4299 der
2048 4246 2370 4298 stadtischen
2407 4242 2725 4296 Revolution

457 4318 513 4371 in
547 4320 753 4383 Erfurt3
791 4320 875 4371 die
911 4319 1219 4371 hessischen
1254 4319 1386 4370 iiber
1421 4318 1514 4370 das
1552 4314 1831 4383 Regiment
1866 4316 2001 4367 nach
2039 4316 2159 4367 dem
2183 4314 2320 4366 'fode
2346 4310 2633 4365 Wilhelms
2653 4310 2724 4367 ΙΙ.

460 4389 520 4456 (τ
559 4388 732 4455 1509.)
