3084 4895
450 371 574 436 186
1221 371 1392 428 Briefe
1428 389 1526 428 von
1569 376 1923 433 1509-1511.

443 541 716 604 sentium
765 541 1164 606 rationibus?
1253 543 1415 608 Octo
1461 565 1695 626 genera
1749 565 2093 628 poenarum
2155 545 2221 608 in
2266 544 2515 626 legibus
2570 567 2713 610 esse

446 626 668 689 scribit
729 625 1000 690 Tullius:
1066 630 1388 706 damnum,
1449 630 1725 708 vincula,
1788 632 2065 708 verbera,
2130 631 2457 705 talionem,
2520 631 2709 710 igno-

449 711 731 786 miniam,
787 713 1068 788 exilium,
1125 719 1412 790 mortem,
1461 716 1881 780 servitutem.¹
1976 716 2113 792 Quo
2161 717 2257 778 uti
2304 716 2443 778 vult
2487 715 2711 778 Teme-

445 796 648 860 rarius
706 794 995 877 janitor‘?
1099 797 1472 864 Redimetne
1549 800 1814 883 profuga
1888 802 2137 883 eulpam
2170 813 2199 842 ὃ
2274 803 2553 864 nummis
2620 824 2703 864 an

449 883 807 945 vincietur?
895 882 1025 946 Nec
1061 885 1322 966 reperio,
1357 907 1484 966 quo
1516 893 1705 967 pacto
1738 887 1943 969 possit
1973 887 2375 968 impudicitia
2408 887 2711 960 retaliari,

449 962 556 1030 sed
623 971 770 1048 post
825 962 945 1031 hoc
1005 965 1236 1032 videro.
1331 971 1427 1034 An
1474 970 1795 1036 auriculas
1854 973 2219 1053 amputabit
2266 994 2349 1034 an
2397 971 2461 1034 in
2513 972 2709 1034 exilio

447 1053 604 1116 mori
651 1057 766 1116 aut
811 1053 1041 1116 servire
1086 1055 1466 1138 turpitudini
1529 1058 1865 1120 censebit?
1926 1059 2111 1138 quasi
2174 1057 2501 1122 moderata
2562 1079 2708 1120 cum

447 1138 683 1218 vigiliis
727 1139 942 1202 inedia
986 1142 1460 1222 precationibus
1507 1144 1825 1224 virgarum
1888 1143 2195 1206 correctio
2242 1165 2367 1210 non
2416 1143 2504 1204 sit
2546 1142 2711 1206 satis

445 1222 525 1286 ad
572 1223 934 1287 diluendam
983 1226 1208 1288 labem.
1299 1227 1492 1290 Dolor
1536 1229 1851 1311 puerperii
1898 1250 2242 1310 poenarum
2278 1231 2377 1292 est
2406 1228 2706 1292 maxima.

445 1309 615 1385 Quot
683 1316 1007 1372 matronae
1081 1311 1374 1374 abortum
1451 1313 1681 1377 enixae
1746 1314 1967 1376 statim
2034 1314 2513 1377 exanimantur!
2624 1312 2711 1376 Et

445 1396 630 1458 credo
670 1395 802 1474 jam
848 1395 1076 1458 misera
1103 1399 1132 1436 ¹>
1179 1398 1436 1461 clamat:
1490 1399 1697 1479 „Juno
1738 1399 1999 1477 Lucina,
2044 1399 2137 1463 fer
2165 1398 2405 1482 opem.“
2488 1399 2711 1460 Hiero-

449 1501 678 1561 nymus
723 1481 910 1544 trium
977 1483 1307 1546 criminum
1377 1505 1516 1548 reas
1580 1486 1903 1566 eleganter
1968 1507 2107 1548 esse
2170 1485 2373 1549 tradit
2438 1483 2710 1546 feminas

442 1565 842 1643 christianae,
905 1588 1068 1647 quae
1129 1558 1512 1652 ἐκτρώματα
1563 1570 1623 1632 h.
1674 1593 1725 1633 e.
1784 1571 2081 1634 abortum
2140 1571 2533 1634 meditantur
2594 1591 2709 1632 seu

445 1651 827 1729 abortivum,
875 1659 941 1715 et
985 1653 1347 1735 frequenter
1389 1655 1565 1738 ipsae
1616 1678 1755 1719 cum
1806 1655 2035 1719 abortu
2080 1657 2461 1719 moriuntur.
2540 1653 2711 1718 Sunt

443 1737 634 1815 enirn,
704 1738 933 1820 inquit,
1003 1740 1374 1818 homicidae,
1422 1741 1522 1804 sui
1570 1740 1805 1804 Christi
1852 1741 2177 1804 adulterae
2239 1741 2505 1804 necdum
2568 1741 2709 1804 nati

441 1823 554 1886 filii
623 1824 989 1906 parricidae.
1099 1823 1316 1888 Cicero
1376 1827 1440 1888 in
1505 1827 1793 1890 oratione
1854 1849 1963 1908 pro
2028 1824 2343 1904 Cluentio,
2406 1825 2575 1907 quod
2640 1826 2703 1890 in

447 1909 628 1974 libris
676 1909 1080 1992 Digestorum
1128 1911 1318 1974 titulo
1371 1911 1500 1992 „De
1534 1911 1789 1993 poenis“
1840 1913 2181 1994 repetitum
2230 1917 2345 1988 est,
2394 1911 2703 1974 Milesiam

445 1996 763 2077 quandam
833 1997 924 2058 ait
991 1997 1078 2059 rei
1155 1996 1448 2079 capitalis
1521 2019 1661 2061 esse
1734 1999 2121 2076 damnatam,
2198 1999 2369 2078 quod
2442 2000 2709 2078 accepta

441 2081 713 2162 pecunia
779 2086 1029 2164 partum
1098 2083 1220 2146 sibi
1280 2083 1418 2164 ipsa
1475 2083 1955 2147 medicamentis
2016 2080 2388 2164 abegisset.²
2476 2080 2707 2146 Verum

447 2189 632 2230 nemo
679 2171 864 2249 coget
910 2167 1176 2231 amicam
1224 2172 1422 2243 tuam,
1490 2167 1763 2242 Urbane,
1811 2174 2184 2251 conceptum
2235 2190 2272 2231 a
2318 2190 2385 2232 se
2429 2167 2705 2248 abigere.

443 2252 741 2317 Solvatur
785 2253 976 2316 vulva
1023 2254 1088 2316 in
1139 2254 1394 2316 nomine
1437 2258 1697 2318 sanctae
1744 2255 2035 2318 Junonis.
2126 2253 2279 2317 Mox
2336 2253 2709 2335 imploretur

443 2339 589 2402 diva
650 2337 919 2416 Cunina,
984 2360 1149 2420 quae
1198 2340 1487 2403 vinfantes
1547 2344 1764 2403 tuetur
1811 2340 1876 2403 in
1922 2339 2123 2404 cunis.
2197 2339 2449 2405 ,Adsint
2510 2339 2709 2401 etiam

443 2423 808 2504 Statilinus,
857 2423 1190 2504 StatanuS,
1235 2424 1608 2499 Fabulinus‚
1658 2425 2030 2507 VagitanuS,
2065 2425 2418 2502 PilumnuS‚
2451 2424 2708 2487 Picum-

443 2534 585 2586 nuS,
633 2511 908 2589 Levana,
941 2511 1238 2587 Rumina,
1273 2510 1557 2587 Edulica,
1594 2512 1825 2575 Potina
1856 2520 1919 2575 et
1952 2509 2175 2574 Carna.
2256 2511 2424 2573 Dent
2458 2510 2707 2573 veniam

443 2618 786 2679 puerperae
815 2609 839 2637 0
907 2604 1182 2679 quatuor
1250 2597 1394 2659 illae
1460 2598 1699 2679 primae
1775 2598 2057 2660 Vestales
2102 2620 2140 2659 a
2183 2596 2395 2659 Numa
2468 2596 2709 2659 electae

442 2682 748 2765 Gegania,
785 2682 1071 2760 Berenia,
1119 2682 1431 2758 Caminia,
1479 2682 1763 2763 Tarpeja.
1854 2682 2173 2745 Inclusam
2220 2682 2481 2745 Danaen
2512 2680 2708 2743 turris

441 2768 682 2831 ahenea
726 2768 1156 2848 robustaeque
1184 2769 1214 2807 d
1259 2767 1424 2831 fores
1473 2773 1536 2831 et
1581 2769 1843 2849 vigilum
1889 2789 2115 2831 canum
2150 2768 2367 2831 tristes
2398 2766 2709 2830 excubiae

443 2854 806 2917 munierant
874 2855 1032 2917 satis
1099 2854 1430 2917 nocturnis
1505 2854 1588 2915 ab
1662 2853 1992 2930 adulteriS,
2069 2853 2125 2915 si
2192 2874 2321 2917 non
2394 2852 2708 2915 Acrisium

446 2939 714 3021 virginis
747 2938 1008 3002 abditae
1037 2939 1364 3002 custodem
1397 2939 1698 3020 pavidum
1730 2938 1770 3001 J
1776 2939 2026 3020 uppiter
2056 2943 2119 3001 et
2152 2938 2361 3001 Venus
2394 2937 2705 2999 risissent.

442 3025 648 3101 Quare
693 3024 868 3087 nulla
923 3024 1182 3107 prodest
1243 3025 1534 3087 custodia
1590 3025 1787 3087 severi
1848 3024 2213 3105 praepositi,
2274 3023 2587 3103 quamviS‚
2635 3026 2711 3084 ut

444 3111 656 3191 inquit
685 3109 1019 3189 Vergilius,
1059 3110 1482 3191 „vestibulum
1516 3113 1666 3172 ante
1698 3110 1905 3190 ipsum
1940 3109 2283 3191 primisque
2315 3109 2379 3169 in
2413 3107 2709 3169 faucibus

442 3196 586 3260 Orci
633 3197 875 3258 Luctus
935 3200 1000 3257 et
1059 3195 1318 3258 ultrices
1377 3216 1642 3277 posuere
1711 3195 1945 3257 cubilia
2008 3190 2303 3257 Curae.“³
2396 3192 2709 3255 Praeterit

443 3282 610 3345 enim
679 3280 966 3345 curiosus
1033 3285 1280 3343 amator
1345 3280 1533 3343 aedes
1604 3279 1903 3358 janitoris
1976 3300 2220 3360 semper
2293 3277 2577 3358 lugentis
2644 3283 2709 3339 et

441 3368 700 3431 assidua
747 3388 898 3429 cura
943 3367 1214 3447 primum
1263 3365 1510 3427 aditum
1558 3365 1982 3428 observantis
2068 3363 2314 3439 Quibus
2345 3362 2711 3445 praeteritis

443 3453 731 3535 subrepit
779 3473 886 3533 per
929 3452 1315 3533 posticulum
1343 3450 1534 3531 juxta
1564 3450 1755 3513 illud:
1810 3450 2031 3531 „Atria
2068 3453 2423 3512 servantem
2457 3448 2707 3530 postico

442 3538 591 3601 falle
637 3536 1030 3601 clientem.“⁴
1098 3535 1226 3599 Sed
1271 3556 1573 3616 quorsum
1623 3535 1830 3599 haec?
1886 3534 1973 3599 Ut
2002 3536 2305 3617 aperirem
2351 3534 2471 3596 tibi
2521 3534 2709 3607 viam,

445 3646 636 3705 quam
705 3628 778 3686 tu
846 3621 1072 3685 melius
1139 3622 1311 3684 nosti
1379 3642 1571 3701 quam
1648 3642 1786 3701 ego,
1852 3619 1913 3681 h.
1986 3642 2037 3683 e.
2107 3626 2180 3681 ut
2250 3619 2712 3683 consolationis

445 3708 720 3771 remedio
765 3728 950 3787 opem
1013 3706 1258 3769 ferrem.
1349 3706 1761 3769 Recreaberis
1822 3706 1989 3769 enim
2036 3728 2075 3768 a
2119 3725 2421 3781 maerore,
2470 3704 2523 3766 si
2570 3724 2711 3783 per-

445 3794 728 3875 spexeris
773 3794 997 3855 abesse
1043 3793 1313 3873 rigorem
1358 3792 1611 3873 antiqui
1649 3791 1811 3872 juris
1857 3790 2188 3872 pontificii,
2236 3790 2301 3853 in
2349 3810 2475 3869 quo
2538 3788 2709 3869 lege-

448 3880 668 3962 batur:
735 3878 1090 3958 „Incestum
1155 3877 1490 3958 pontifices
1558 3897 1851 3957 supremo
1922 3874 2232 3957 supplicio
2300 3872 2705 3937 sanciunto.“

446 3964 658 4027 Etiam
718 3963 889 4043 leges
947 3963 1045 4025 uti
1097 3962 1387 4026 homines
1452 3966 1795 4026 senescunt
1840 3967 1905 4025 et
1948 3961 2360 4024 emoriuntur.
2454 3958 2709 4022 Testem

391 4220 396 4224 ,
564 4181 612 4245 '⁸
640 4182 880 4234 poenam,
919 4183 1014 4218 am
1059 4165 1246 4217 Raude
1280 4181 1380 4217 von
1411 4164 1671 4217 derselben
1718 4162 1882 4216 Hand
1930 4162 2206 4214 verbessert
2241 4161 2304 4213 in
2340 4160 2571 4228 culpam.

445 4240 474 4277 ''
501 4234 1182 4357 ωιῗθῖῗαξέᾝιοὲοῧῖξιῖΐ
1193 4232 1687 4355 ἕῖῗῗξῗεῗῖῗέἕῑ
1790 4233 2326 4367 ἴοῑίἓθὶᾈῖἓῑῗῡιηθηὲ
2353 4230 2711 4363 ἲοῧῗοὸἒῗῑξὲἓὶ.

443 4371 819 4441 xxxxvm,
858 4372 939 4441 19,
976 4371 1058 4426 39.
1167 4372 1187 4403 ³
1220 4371 1376 4439 verg.
1412 4340 1545 4423 Aen.
1583 4368 1676 4439 w,
1718 4368 1818 4423 273
1854 4385 1931 4439 sq.
2039 4369 2060 4401 ⁴
2092 4366 2217 4421 Hor.
2252 4366 2349 4435 Ep.
2385 4366 2428 4434 1,
2466 4368 2514 4431 5,
2554 4364 2637 4418 31.
