3084 4895
440 411 561 476 102
712 406 716 410 ’
1198 409 1371 463 Briefe
1408 426 1509 463 von
1549 407 1900 464 1505-1508.

438 583 685 667 adipale
731 584 1135 666 symposium,
1183 585 1490 648 incertum
1538 589 1656 662 est,
1697 584 1919 667 plusne
1947 595 1974 623 ⁸
2020 581 2152 645 vini
2200 581 2264 644 in
2312 578 2676 644 barathrum

438 669 775 734 effuderint
838 693 918 733 an
988 670 1447 743 vomitaverint,
1515 671 1811 735 omnibus
1877 670 2092 733 scrofis
2156 671 2220 732 et
2283 667 2680 731 lalisionibus

437 757 858 820 immaniores
951 756 1122 833 Quae
1184 757 1400 820 feritas
1447 760 1509 820 et
1558 758 1688 820 vita
1743 756 1995 820 beluina
2052 755 2351 819 conviciis
2409 756 2678 817 virorum

438 843 720 924 gravium
770 843 1229 926 proscindenda
1274 848 1496 924 utpote
1559 847 1940 924 postremum
2000 841 2269 904 dedecus
2315 845 2375 904 et
2423 839 2683 903 infanda

417 929 768 1010 turpitudo
829 935 1135 1010 quantum
1200 929 1535 994 abhorreat
1580 933 1714 992 turn
1761 951 1800 991 a
1843 926 2354 1010 philosophorum
2419 927 2684 990 decretis

439 1019 574 1079 tum
608 1037 643 1077 a
679 1015 957 1096 mysticis
982 1017 1339 1079 cerimoniis
1370 1021 1509 1079 tum
1542 1040 1580 1078 a
1611 1015 1891 1078 moribus
1923 1035 2158 1089 eorum,
2193 1013 2302 1095 qui
2334 1011 2413 1076 ab
2446 1013 2682 1076 amussi

444 1105 507 1164 et
554 1123 792 1165 canone
838 1123 1064 1164 nomen
1114 1103 1319 1166 sortiti
1368 1107 1548 1165 sunt:
1599 1125 1765 1165 nunc
1797 1101 2082 1164 oratione
2114 1098 2414 1173 censoria,
2452 1107 2520 1160 ut
2550 1099 2685 1162 ani-

442 1210 612 1250 mum
660 1188 979 1257 intendam
1030 1193 1093 1250 et
1141 1190 1477 1263 remittam,
1523 1188 1584 1249 h.
1635 1211 1682 1250 e.
1736 1192 1807 1251 ut
1853 1210 1950 1249 me
1999 1187 2228 1269 pariter
2269 1207 2588 1248 exerceam
2624 1191 2685 1248 et

443 1273 765 1348 delectem,
811 1274 950 1348 tibi,
1000 1273 1248 1338 Urbane
1298 1279 1579 1354 patrone,
1625 1275 1862 1356 puriter
1891 1274 1918 1311 b
1983 1294 2294 1354 exponere
2362 1271 2682 1335 constitui.

442 1359 597 1422 Post
642 1364 1095 1440 cynocaumata
1140 1366 1203 1424 et
1250 1365 1463 1424 aestus
1509 1361 1897 1423 caniculares
1943 1358 2332 1422 mustulento
2380 1361 2684 1421 autumno

442 1467 550 1524 per
582 1467 794 1508 annua
826 1450 1121 1528 stataque
1144 1447 1516 1510 reverticula
1541 1450 1917 1521 recurrente,
1947 1467 2137 1526 quum
2164 1445 2445 1507 roscidae
2472 1448 2687 1507 noctes

440 1531 791 1612 inciperent
853 1555 987 1594 esse
1047 1533 1381 1614 pruinosae
1427 1538 1491 1596 et
1545 1533 2012 1632 aequinoctium
2081 1531 2278 1594 librae
2343 1533 2686 1626 appeteret,

441 1618 614 1680 venit
661 1617 739 1679 ad
789 1640 883 1680 me
930 1620 1219 1686 sacerdos
1266 1620 1449 1701 plane
1495 1619 1721 1695 bonus,
1772 1619 1882 1701 qui
1930 1641 2023 1680 me
2071 1617 2306 1681 domini
2347 1617 2531 1698 jussu
2579 1638 2686 1679 vo-

444 1710 615 1766 caret
644 1705 721 1767 ad
754 1706 1247 1768 anniversariam
1296 1705 1711 1769 Schonatium
1761 1706 2072 1768 insaniam
2117 1704 2483 1802 furoresque
2514 1701 2689 1766 fana-

440 1790 729 1864 ticorum,
760 1791 980 1873 templi
1013 1791 1473 1854 dedicationem
1506 1803 1530 1832 ⁰
1579 1814 1704 1855 non
1739 1792 1960 1870 solum,
1987 1791 2202 1872 quod
2188 1813 2250 1853 1n
2285 1789 2689 1853 Herculaneis

442 1875 636 1940 sacris
696 1876 785 1950 fit,
819 1877 846 1916 ‘¹
909 1877 1261 1941 maledictis
1308 1882 1370 1940 et
1414 1877 1767 1960 opprobriis
1813 1878 1918 1941 sed
1967 1878 2156 1941 etiam
2224 1876 2531 1939 Bacchica
2586 1875 2689 1938 de-

442 1963 681 2026 mentia
727 1962 1202 2041 celebrantium,
1233 1976 1257 2004 0
1304 1964 1542 2027 addens
1592 1987 1688 2026 me
1735 1965 2026 2028 comitem
2070 1969 2132 2026 et
2177 1963 2453 2026 sodalem
2510 1961 2690 2025 habi-

440 2053 649 2112 turum
717 2048 967 2112 Lotium
1038 2051 1419 2114 sacricolam.
1524 2048 1750 2113 Mirum
1810 2050 1872 2113 id
1929 2049 2068 2124 fuit,
2141 2071 2284 2112 nam
2354 2048 2538 2112 Lotio
2594 2069 2690 2110 me

442 2136 734 2216 copulare
800 2135 1027 2198 voluit:
1094 2137 1255 2200 bella
1321 2137 1611 2200 nimirum
1683 2135 2063 2219 conjunctiO,
2133 2136 2333 2198 electa
2398 2135 2688 2210 societaS,

442 2222 721 2284 sobrium
762 2245 899 2285 cum
936 2222 1201 2297 ebrios0,
1230 2223 1618 2286 moderatum
1655 2245 1794 2287 cum
1830 2223 2448 2303 intemperatissimo,
2482 2233 2507 2262 0
2553 2243 2690 2283 eru-

444 2308 643 2371 ditum
714 2331 851 2371 cum
922 2309 1355 2372 indoctissimo
1425 2309 1825 2392 conjungere,
1896 2332 1972 2372 ne
2040 2309 2240 2372 dicam
2311 2329 2688 2391 comparare.

444 2393 907 2477 Comparantur
974 2397 1159 2474 enim,
1208 2397 1318 2477 qui
1363 2418 1553 2459 cenae
1615 2397 1799 2460 simul
1869 2395 2269 2459 adhibentur.
2361 2395 2690 2479 Reputans

445 2504 591 2564 ergo
640 2504 877 2546 mecum
940 2484 1127 2546 istam
1184 2484 1770 2564 inaequabilitatem
1821 2488 1883 2547 et
1928 2484 2240 2546 vocatoris
2289 2483 2685 2563 prudentiam

446 2590 570 2631 non
619 2574 897 2649 poteram
950 2592 1071 2632 non
1120 2570 1426 2650 suspicari
1472 2570 1639 2634 aliud
1689 2569 1845 2632 velle
1892 2576 2129 2651 patrem
2179 2568 2470 2643 familiaS,
2520 2568 2690 2631 aliud

446 2655 759 2717 simulare.
853 2655 1194 2718 Videbatur
1240 2656 1403 2718 euim
1454 2656 1725 2720 invitato
1772 2656 1956 2719 Lotio
2008 2677 2128 2719 non
2166 2678 2262 2717 me
2297 2660 2534 2736 optare,
2583 2654 2692 2718 sed

447 2740 859 2804 bellissimum
892 2742 1070 2805 illum
1103 2743 1431 2823 pusionem
1457 2740 1833 2806 Thelasinae
1859 2742 2056 2806 stolae
2081 2742 2396 2805 Morium.¹
2437 2740 2692 2806 Sciebat

448 2850 546 2890 me
596 2849 718 2889 non
768 2850 903 2891 esse
949 2832 1279 2892 venturum
1329 2850 1467 2892 cum
1528 2829 1782 2892 homine
1842 2828 2198 2891 adversario
2248 2835 2310 2891 et
2354 2828 2690 2891 levissimO.

450 2913 707 2978 Sciebat
737 2913 979 2978 Morum
1015 2914 1277 2997 probare
1309 2915 1463 2979 illud
1498 2916 2018 2998 voluptariorum:
2069 2916 2347 2991 edamuS,
2383 2915 2692 2991 bibamuS,

446 3000 713 3063 incubas
783 3001 1164 3076 dedolemuS,
1234 3023 1371 3065 cras
1439 3002 1792 3065 moriemur.
1886 3001 1983 3066 Ob
2040 3001 2102 3064 id
2161 3002 2427 3083 primum
2498 3002 2691 3064 risum

450 3085 601 3149 mihi
649 3088 847 3150 movit
894 3088 1288 3152 solertissimi
1338 3090 1646 3169 epistatae
1694 3089 1960 3155 vocatio,
2009 3088 2233 3151 deinde
2279 3088 2458 3168 quasi
2503 3087 2692 3151 bilem

453 3179 515 3236 et
563 3173 976 3236 stomachum.
1068 3174 1147 3236 Et
1194 3175 1363 3256 quod
1410 3173 1848 3237 difficillimum
1909 3178 2091 3247 esset,
2123 3176 2145 3213 f
2204 3179 2274 3236 ut
2321 3174 2503 3237 divus
2544 3173 2695 3237 Pius

452 3260 773 3341 rescripsit
808 3262 1155 3343 ApolloniO,
1186 3260 1425 3342 justum
1465 3261 1738 3323 dolorem
1775 3268 2140 3342 temperare,
2168 3261 2461 3341 respondi
2495 3260 2696 3323 satius

451 3369 586 3409 esse
632 3352 969 3429 utrumque
1015 3352 1300 3410 nostrum
1348 3349 1711 3409 invocatum
1770 3349 2122 3429 praeterire.
2215 3348 2418 3423 Quum
2485 3351 2695 3410 autem

450 3433 754 3496 auxilium
803 3440 865 3496 et
909 3434 1091 3496 fidem
1144 3456 1342 3496 meam
1374 3444 1403 3481 Β
1447 3434 1510 3496 in
1560 3456 1622 3495 re
1670 3456 1792 3496 non
1841 3434 2014 3515 parvi
2081 3435 2382 3497 momenti
2442 3439 2699 3496 vocator

454 3519 868 3600 implorasset,
915 3520 1149 3582 accessi
1200 3520 1499 3600 postridie
1547 3520 1624 3582 ad
1675 3519 1909 3591 hortOS,
1958 3521 2076 3582 etsi
2127 3522 2334 3584 minus
2379 3523 2550 3583 recte
2590 3542 2698 3582 va-

451 3605 657 3681 lerem,
706 3607 872 3687 quod
920 3606 1069 3668 luna
1116 3607 1175 3667 in
1227 3606 1396 3668 coitu
1458 3606 1576 3668 sub
1638 3606 1798 3671 idem
1862 3610 2110 3687 tempus
2182 3606 2514 3682 laboraret,
2588 3605 2698 3687 qui

452 3714 602 3753 sane
648 3692 852 3754 coitus
900 3692 1131 3754 minuit
1176 3693 1568 3771 sanguinem,
1605 3692 1925 3767 medullaS,
1975 3692 2156 3755 vires.
2238 3694 2314 3756 Et
2347 3697 2566 3755 auctor
2605 3697 2701 3755 est

452 3774 777 3840 Maternus
810 3784 871 3839 et
904 3778 1146 3840 Plinius
1180 3799 1425 3840 omnem
1473 3779 1896 3841 substantiam
1929 3790 1953 3817 ‘³
1998 3778 2260 3841 humani
2309 3780 2586 3859 corporis
2618 3776 2696 3841 ad

455 3863 691 3924 lunaris
741 3864 1017 3926 numinis
1066 3865 1376 3944 pertinere
1425 3868 1826 3945 potestatem.
1918 3862 2272 3928 Crescentis
2314 3865 2478 3927 enim
2515 3865 2701 3927 lunae

454 3955 795 4028 augmenta
842 3955 903 4010 et
950 3950 1299 4013 deficientis
1346 3950 1574 4012 damna
1623 3952 1946 4024 sentimuS‚
1995 3955 2068 4012 ut
2116 3974 2253 4013 vere
2303 3951 2472 4013 dicat
2517 3950 2698 4013 Man-

454 4035 603 4097 lius:
660 4034 789 4115 „Ad
839 4035 1024 4098 lunae
1069 4042 1308 4099 motum
1358 4038 1608 4100 variant
1663 4036 1960 4099 animalia
2017 4036 2334 4118 corpus.“²
2426 4036 2698 4113 Accessi,

463 4122 742 4201 inquam,
792 4122 869 4185 ad
916 4122 1132 4186 hortos
1193 4122 1645 4187 Urbanitianos
1691 4129 1752 4185 et
1799 4123 2003 4186 obtuli
2063 4123 2266 4185 fidem.
2361 4122 2482 4186 Sed
2558 4144 2696 4185 cum

588 4324 614 4351 a
642 4309 760 4376 plus
795 4327 875 4362 ne.
1016 4316 1043 4353 b
1073 4308 1266 4378 pariter
1305 4310 1450 4361 Tem.
1593 4327 1616 4352 c
1675 4310 1693 4364 i
1727 4315 1790 4362 st.
1828 4310 1882 4363 ti.
2007 4314 2035 4351 d
2064 4310 2133 4363 sit
2172 4310 2323 4363 Tema.
2464 4324 2486 4351 e
2515 4310 2702 4362 intem-

452 4378 811 4445 perantissime
850 4379 997 4431 Tenx.
1140 4382 1161 4419 f
1192 4381 1271 4430 est
1309 4378 1454 4430 Tenx.
1595 4396 1623 4433 g
1688 4384 1879 4432 ostram
1921 4378 2066 4431 Tem.

592 4449 608 4479 1
644 4446 693 4503 s
732 4448 799 4502 98
833 4450 893 4503 A.
934 4450 979 4502 3.
1128 4451 1146 4482 2
1182 4447 1360 4502 Manu.
1398 4448 1466 4515 Π,
1503 4448 1586 4502 94.
