3084 4895
532 381 657 446 134
1285 373 1461 428 Briefe
1497 389 1601 428 vom
1639 371 1995 428 1508-1509.

529 573 726 635 penes
773 571 871 612 me
904 551 1073 622 sunt,
1121 544 1291 629 quod
1324 545 1536 609 forsan
1570 542 1870 626 ignorat.'
1967 543 2306 625 Utcunque
2339 545 2443 620 sit,
2477 545 2794 612 Martinus

530 638 737 701 utitur
782 656 898 698 suo
925 633 1062 714 jure
1095 638 1160 696 et
1190 632 1373 715 quasi
1419 630 1577 694 mihi
1610 634 1961 705 succenset,
2009 633 2179 711 quod
2218 632 2383 695 votis
2413 637 2543 694 tam
2578 633 2793 696 acerbi

531 728 596 787 et
627 721 1011 800 negligentis
1058 717 1402 782 adversarii
1447 716 1797 780 adnuerim.
1860 715 2142 778 Remitte
2174 718 2406 781 literas.
2474 718 2791 782 Damnum

530 808 584 871 si
617 808 941 872 ferendum
991 810 1106 878 est,
1154 824 1228 866 eo
1273 825 1373 866 me
1406 801 1803 874 consolabor,
1852 802 2019 882 quod
2068 808 2320 867 tuorum
2357 803 2615 880 nemini,
2664 803 2791 867 imo

533 893 896 958 mortalium
931 890 1086 952 nulli
1118 889 1345 952 faciam
1380 894 1492 950 aut
1532 887 1653 950 feci
1684 887 2001 968 injuriam,
2051 887 2295 952 laturus
2326 889 2795 968 aequa-nimiter

531 978 836 1054 fraudem,
882 977 1012 1038 nisi·
1053 975 1338 1055 patronis
1383 973 1542 1036 meis
1586 973 1769 1035 aliter
1816 973 2018 1035 visum
2066 972 2275 1037 fuerit.
2354 973 2678 1049 Quantum
2724 974 2791 1036 in

535 1085 631 1127 me
679 1070 792 1137 est,
842 1060 1209 1124 demerebor
1269 1064 1522 1140 gentem
1585 1063 1760 1120 tuam
1818 1058 2147 1140 obsequie,
2202 1063 2267 1122 te
2314 1058 2639 1122 beneficiis
2684 1059 2794 1122 de-

536 1149 830 1223 vinciam‚
881 1150 1132 1209 nostros
1179 1143 1522 1208 familiares
1570 1142 1883 1225 praesidio
1932 1147 1995 1204 et
2040 1148 2415 1208 ornamento
2460 1144 2795 1208 mediocris

535 1235 858 1298 doctrinae
889 1230 1244 1294 conciliabo
1276 1235 1342 1292 et
1373 1232 1795 1303 constantem,
1827 1227 2071 1290 facilem
2108 1234 2323 1292 tamen
2354 1232 2420 1290 et
2436 1228 2795 1309 jucundum

533 1318 891 1400 praestabo.
948 1316 1118 1379 Vale.
1189 1315 1282 1377 Ad
1317 1315 1559 1377 Hilaria
1590 1313 1899 1389 Romana,
1944 1319 2090 1396 post
2120 1314 2460 1377 ululabiles
2492 1314 2799 1378 ecclesiae

533 1405 828 1487 planctus
872 1403 1027 1465 hora
1072 1400 1177 1462 XI.

842 1502 965 1556 Cod.
1001 1500 1134 1554 me.
1174 1499 1287 1553 138.

535 1705 764 1776 (coma.)
1576 1689 1717 1751 111.
2372 1702 2586 1773 (Ostern
2622 1704 2801 1773 1509.)

1285 1813 1580 1884 Mutian
1621 1835 1719 1884 an
1764 1811 2043 1884 Urban.

537 1944 814 2012 (Spalatin
854 1945 995 2022 klaqt
1029 1943 1157 1996 iiber
1189 1943 1331 1994 sedne
1377 1943 1613 2010 Stellzmy
1657 1942 1740 1994 bei
1774 1941 1922 2008 Hofe.
1996 1942 2102 1994 Lob
2138 1959 2239 1994 von
2287 1942 2497 1996 Urbana
2534 1941 2803 2008 Briefstil.

533 2013 756 2065 Mutian
788 2015 889 2066 soll
920 2013 1036 2066 clem
1071 2011 1156 2063 die
1203 2011 1537 2078 Verwaltuny
1571 2012 1659 2063 des
1702 2010 2104 2078 Georqenthaler
2136 2010 2300 2076 Hofes
2335 2011 2399 2062 in
2434 2011 2629 2077 Erfurt
2668 2027 2803 2064 aus·

615 2081 826 2134 wirlcen.
898 2081 1171 2133 Habsueht
1205 2080 1295 2131 der
1337 2079 1737 2147 Georymtkaler
1766 2079 1997 2132 Mb'nche.
2053 2079 2461 2148 Aufforderuny,
2499 2080 2583 2134 bei
2612 2079 2732 2134 dem

1001 2148 1399 2201 Kretensz'schen
1433 2147 1629 2200 Lehrer
1671 2147 1977 2200 Grieckisck
2010 2164 2086 2200 κα
2120 2149 2333 2214 lev-twa.)

1279 2262 1362 2312 Η.
1399 2261 1657 2311 Urbano
1691 2262 1781 2311 M.
1816 2261 2041 2312 Rufus.

742 2371 806 2436 S.
899 2372 1117 2454 Relegi
1165 2372 1382 2434 literas
1412 2376 1583 2450 ωας,
1631 2372 1884 2436 Urbane
1918 2373 2259 2449 carissime,
2310 2373 2531 2456 plenas
2562 2372 2803 2436 amoris

537 2481 684 2540 erga
731 2482 830 2523 me
873 2462 988 2523 tui.
1081 2459 1274 2521 Video
1322 2481 1421 2521 me
1466 2464 1719 2522 tantum
1770 2459 2168 2540 respondisse
2214 2461 2293 2522 ad
2343 2481 2541 2523 unum
2600 2465 2803 2543 caput

538 2545 612 2607 de
660 2543 975 2627 Spalatini
1022 2546 1355 2627 palaestra.
1447 2544 1682 2607 Vellem
1733 2566 1859 2608 non
1905 2545 1998 2608 ita
2044 2545 2357 2627 desiperet
2422 2544 2803 2609 homo·lite·

537 2635 735 2706 ratuS‚
783 2631 1208 2693 amicissimus
1255 2635 1318 2692 et
1363 2629 1630 2711 integer.
1722 2628 1945 2693 Trahit
1990 2631 2071 2693 ad
2118 2654 2187 2694 se
2230 2636 2459 2713 sponte
2506 2651 2804 2711 angores,

538 2721 844 2796 tanquam
891 2715 1091 2778 nubes
1138 2715 1382 2777 caecias
1411 2713 1502 2792 ⁸²,
1552 2735 1679 2778 non
1714 2715 1920 2795 magis
1966 2738 2031 2779 se
2062 2738 2345 2780 moerore
2378 2716 2804 2793 confundenS,

541 2822 730 2881 quam
793 2822 910 2863 nos
974 2806 1428 2863 consectaneos
1499 2801 1900 2883 aegritudine
1966 2803 2373 2866 contristans
2476 2802 2616 2865 Dici
2671 2823 2805 2864 non

540 2891 772 2969 potest,
835 2891 1229 2968 quantopere
1287 2907 1402 2949 nos
1465 2886 1842 2950 delectarint
1903 2885 2049 2949 illae
2100 2891 2250 2951 tuae
2296 2889 2534 2952 literae.
2625 2887 2806 2951 Nihil

538 2972 846 3053 ineptum,
894 2972 1055 3035 nihil
1103 2973 1267 3035 infra
1325 2972 1480 3034 nihil
1531 2994 1723 3055 supra
1776 2971 2035 3035 modum
2100 2974 2395 3037 exarasti.
2486 2972 2807 3038 Absoluta

541 3063 694 3119 sunt
737 3058 972 3119 omnia.
1065 3058 1251 3121 Nuda
1297 3058 1532 3119 veritas
1590 3063 1833 3122 remota
1894 3062 2067 3121 veste
2113 3059 2566 3125 blanditiarum
2628 3079 2807 3121 ama-

538 3143 729 3209 bilem
787 3144 886 3205 sui
951 3144 1214 3206 formam
1281 3142 1562 3205 exhibet.
1656 3144 1763 3207 Sic
1822 3142 2089 3206 investis
2147 3143 2523 3225 virguncula
2582 3145 2805 3207 florem

539 3229 772 3291 aetatis
820 3234 1014 3291 exuta
1048 3229 1266 3291 tunica
1312 3229 1731 3310 spectandum
1780 3228 2061 3308 praebet.
2154 3231 2335 3306 Quod
2369 3230 2804 3312 spectaculum

538 3316 895 3377 inflammat
937 3315 1336 3396 penitissima
1383 3314 1751 3395 praecordia
1810 3314 1996 3395 longe
2042 3316 2295 3397 quidem
2344 3314 2805 3391 vehementiuS,

539 3422 728 3479 quam
765 3401 813 3462 si
850 3405 914 3462 te
946 3400 1160 3463 fucata
1183 3399 1331 3462 Lais
1365 3400 1706 3462 matronali
1738 3398 1905 3461 stola
1936 3400 2302 3483 mundoque
2327 3400 2499 3466 culta
2522 3404 2806 3483 praeter-

539 3487 675 3547 iret.
773 3484 1016 3548 Etenim
1067 3487 1129 3548 in
1179 3486 1317 3568 ipsa
1363 3484 1560 3548 Laide
1607 3484 1835 3563 (honor
1867 3486 1952 3547 sit
1984 3484 2270 3568 auribus)
2318 3486 2441 3549 loci
2487 3484 2803 3567 pruriunt,

539 3571 799 3633 sordent
844 3571 999 3643 alae,
1065 3592 1311 3633 cunnus
1374 3570 1502 3633 olet
1558 3575 1878 3634 nauteam.
1969 3572 2037 3633 ln
2100 3572 2367 3653 puellari
2426 3570 2803 3653 corpusculo

538 3655 696 3718 nihil
744 3662 859 3729 est,
909 3657 1005 3718 vel
1053 3656 1222 3735 quod
1269 3655 1611 3718 delicatum
1658 3654 1959 3718 offendat..
2048 3656 2341 3720 Jucunde
2386 3659 2809 3720 numerantur

540 3740 904 3804 Catulliana
949 3741 1145 3803 basia.
1238 3740 1677 3804 Inhaerentem
1726 3740 2077 3805 cervicibus
2140 3743 2445 3806 intactam
2495 3741 2807 3804 amasiam

540 3826 814 3888 libenter
860 3830 1120 3897 tractaS,
1169 3829 1457 3888 amanter
1503 3826 1959 3908 complecteriS,
2010 3828 2373 3891 avidissime
2412 3826 2807 3909 comprimis3

672 3991 698 4017 a
728 3977 904 4028 cotias,

677 4045 901 4097 'Dicser
937 4045 1008 4094 W
1011 4044 1224 4112 einbeig
1257 4042 1490 4095 Mutians
1527 4044 1615 4111 lag
1649 4043 1703 4095 in
1741 4044 1916 4097 Erfurt
1952 4047 2061 4098 und
2097 4045 2304 4097 scheint
2339 4044 2438 4097 wie
2475 4046 2569 4098 das
2605 4044 2811 4112 dortige

535 4112 686 4165 Haus
725 4130 792 4164 zu
829 4115 922 4165 der
942 4112 1478 4164 Hinterlassenschaft
1517 4114 1610 4163 des
1647 4112 1877 4165 Brudors
1912 4114 2097 4180 geh'ort
2134 4130 2200 4165 zu
2235 4114 2424 4175 haben,
2467 4114 2632 4165 daher
2666 4114 2813 4165 auch

533 4181 627 4231 der
662 4181 838 4233 Besitz
877 4182 954 4233 als
993 4180 1298 4247 geistliches
1333 4180 1512 4231 Leheu
1566 4180 1908 4246 angcsochten
1956 4183 2165 4233 werden
2208 4182 2414 4233 konnte.
2490 4182 2611 4249 Vgl.
2648 4180 2699 4235 S.
2738 4181 2809 4233 27

533 4251 593 4299 A.
622 4251 664 4301 l.
735 4250 815 4301 Im
840 4251 886 4303 J.
913 4251 1046 4301 1515
1083 4249 1354 4301 verkaufte
1388 4248 1483 4299 ihn
1503 4248 1713 4299 Mutian
1749 4264 1814 4298 an
1852 4250 1944 4301 das
1963 4249 2485 4302 Karthauserkloster
2519 4250 2575 4301 iu
2607 4249 2807 4304 Erfurt.

536 4318 554 4347 ²
590 4317 736 4369 »Wie
775 4319 867 4370 der
904 4318 1134 4369 Nordost
1184 4317 1268 4369 die
1305 4316 1575 4375 Wolken«,
1638 4316 1687 4367 d.
1725 4315 1777 4367 h.
1817 4333 1873 4369 er
1908 4319 2219 4370 verursacht
2267 4318 2386 4372 sich
2441 4317 2610 4371 durch
2654 4317 2809 4386 aigne

529 4383 729 4440 Schuld
765 4386 1093 4459 Ungemach.
1133 4384 1368 4457 Adagien
1405 4386 1498 4441 des
1536 4385 1807 4441 Erasmus.
