3084 4895
411 372 540 438 526
1251 368 1424 422 Briero
1461 365 1555 421 des
1592 366 1642 422 J.
1684 367 1833 423 1515.

415 541 790 624 impediunt.
883 540 1130 621 Perlegi
1175 539 1467 604 libenter.
1561 540 1877 621 Imprimis
1926 545 2142 605 autem
2199 542 2321 605 tibi
2377 543 2685 623 gratulor,

419 628 588 709 quod
635 627 835 689 scitus
881 647 1036 708 puer
1081 630 1272 689 natus
1317 630 1434 705 est,
1445 626 1460 657 ⁸
1512 646 1639 687 non
1687 626 1829 689 dico
1874 648 1908 689 e
1954 624 2308 708 Pamphilo,
2344 634 2421 691 ut
2450 628 2684 693 Teren-

418 710 599 790 tius,²
675 712 783 775 sed
861 712 1086 787 Gord0‚
1157 711 1416 774 minime
1483 712 1742 790 gurdus,
1812 712 1921 773 sed
1989 712 2287 776 cordatus
2355 718 2431 777 ut
2498 736 2682 797 spero

415 798 687 861 futurus.
795 795 954 859 Mira
1021 796 1420 859 foecunditas
1485 803 1635 858 tuae
1702 796 1947 859 domus
2059 801 2269 895 Auget
2336 802 2454 861 te*
2519 821 2683 863 uxor

415 883 754 947 liberorum
809 902 1088 959 numero,
1148 885 1217 943 tu
1278 880 1620 943 litei-ariam
1684 881 2137 962 rempublicam
2204 884 2448 963 ingenii
2506 885 2681 948 foetu

411 970 599 1050 juvas
675 972 740 1031 et
815 987 1022 1029 ornas.
1144 965 1285 1028 Non
1365 966 1456 1028 ita
1529 965 1748 1029 felices
1841 966 2248 1046 Aemylianus
2324 977 2389 1031 et
2463 972 2681 1051 magni

419 1048 787 1136 στρατηγοί.
899 1050 1120 1114 Placet
1185 1051 1357 1129 item,
1434 1052 1605 1133 quod
1675 1072 1895 1113 recens
1964 1057 2115 1115 nato
2181 1052 2380 1117 filiolo
2451 1077 2681 1119 nomen

419 1139 666 1202 Valerio
743 1137 984 1211 feceris,
1061 1142 1316 1233 sumpta
1383 1145 1458 1199 ut
1522 1136 1748 1217 opinor
1822 1138 2157 1199 occasione
2223 1138 2305 1201 ab
2372 1139 2681 1203 Romanis

420 1224 682 1287 Valeriis
727 1221 824 1285 vel
873 1222 1022 1284 boni
1069 1222 1302 1285 ominis
1347 1222 1573 1303 gratia,
1622 1226 1695 1283 ut
1742 1222 1901 1284 bene
1946 1223 2195 1302 puellus
2242 1224 2473 1303 valeat,
2524 1226 2680 1289 bene

417 1310 628 1373 alatur
673 1311 734 1371 et
779 1308 957 1369 vivat
1000 1306 1127 1369 diu.
1220 1306 1341 1370 Ubi
1403 1307 1770 1382 adoleverit,
1825 1306 2189 1370 lucubranti
2236 1311 2401 1391 patri
2450 1312 2678 1373 cande-

415 1394 664 1459 labrum
739 1397 976 1455 teneat.
1096 1390 1302 1455 Ambo
1375 1391 1701 1454 Musarum
1776 1392 2009 1455 aemuli
2082 1393 2345 1457 alternis
2422 1396 2678 1475 dicetis3

426 1482 684 1562 „amant
729 1478 976 1541 alterna
1022 1476 1397 1540 Camoenae.
1411 1474 1473 1508 “³
1566 1478 1729 1540 Ante
1775 1476 1897 1539 hoo
1941 1482 2193 1559 tempus
2236 1502 2493 1543 annuae
2541 1502 2679 1561 par·-

419 1565 726 1629 simoniae
787 1562 1017 1625 dedisti
1080 1562 1158 1625 ad
1213 1584 1316 1625 me
1371 1566 1613 1643 partem
1673 1561 1987 1625 Itinerarii
2046 1564 2160 1626 tui.
2170 1562 2193 1595 ⁴
2280 1563 2533 1629 Nimius
2590 1588 2676 1643 οε,

419 1672 573 1733 pace
629 1653 744 1712 tua
797 1649 1036 1711 dictum
1085 1648 1190 1725 sit,
1236 1649 1302 1710 in
1348 1646 1773 1710 architectura
1836 1647 2309 1711 blanditiarum.
2320 1650 2341 1681 ⁵
2435 1651 2678 1727 Aliena,

419 1738 552 1799 sive
595 1734 816 1798 laudes
863 1734 998 1796 sive
1041 1734 1330 1796 convicia
1373 1734 1523 1809 sint,
1575 1732 2059 1814 patientissimis
2112 1734 2376 1798 auribus
2414 1738 2675 1839 accipio.

417 1821 577 1885 Mihi
622 1821 734 1900 qui
777 1818 1096 1901 palpatur,
1141 1819 1401 1881 odiosus
1445 1783 1563 1894 est,
1610 1838 1997 1899 quamquam
2044 1805 2281 1891 πάντες
2348 1816 2675 1905 φίλαυτοι.

419 1904 681 1987 Semper
745 1904 1044 1967 abhorrui
1089 1904 1172 1967 ab
1219 1904 1524 1965 encomiis
1571 1909 1637 1965 et
1688 1904 2041 1967 ambitione
2095 1926 2170 1967 ac
2222 1906 2490 1969 missum
2561 1907 2679 1970 feci

421 1992 752 2055 arbitrium
803 1988 1124 2070 popularis
1169 2010 1378 2051 au1·.ae
1455 1988 1719 2052 Parcius
1748 1988 1947 2070 igitur
1978 1990 2055 2053 de
2086 1990 2395 2055 Mutiano.
2479 1991 2677 2055 Tran-

420 2076 706 2157 quillitas
769 2078 1100 2137 aversatur
1173 2075 1527 2171 strepitum.
1642 2074 1819 2149 Quae
1886 2075 2122 2137 malum
2190 2078 2353 2139 ratio
2422 2082 2540 2155 est,
2606 2082 2678 2139 ut

416 2163 559 2226 istis
605 2160 1032 2243 quaestuariis
1077 2160 1289 2246 nugis
1310 2164 1504 2240 caput
1548 2180 1756 2221 meum
1818 2160 2227 2223 demulceas?
2288 2164 2475 2244 quasi
2536 2184 2679 2226 vero

416 2247 814 2343 Pythagoras
899 2245 1229 2308 admiserit
1315 2244 1728 2307 hirundinum
1819 2246 2113 2326 garritus,
2246 2246 2392 2309 Non
2469 2254 2539 2311 tu
2611 2270 2679 2310 es

415 2319 904 2429 μοιψυλςιέκοεςῑ)ὃ
966 2335 1080 2393 aut
1134 2328 1409 2392 Maevio⁷
1473 2329 1745 2391 stultior.
1842 2330 2047 2408 Absit,
2102 2335 2174 2394 ut
2230 2332 2399 2395 bono
2457 2337 2678 2413 poetae

421 2425 486 2482 et
546 2418 750 2481 amico
811 2437 995 2478 suum
1059 2434 1288 2479 nomen
1357 2413 1705 2478 detraham
1818 2412 1945 2480 Sed
2006 2378 2081 2478 u’t
2149 2438 2362 2480 verum
2434 2420 2679 2497 audias,

419 2509 670 2608 praeter
714 2503 972 2564 modum
1017 2505 1226 2565 tumes
1267 2503 1332 2563 in
1381 2501 1836 2574 assentatione,
1884 2509 1948 2565 et.
1981 2503 2229 2565 videtur
2272 2505 2398 2566 ista
2442 2509 2679 2582 βαπτο-

419 2585 608 2670 λογία
675 2587 844 2652 foliis
899 2609 978 2649 ne
1033 2587 1235 2650 dicam
1293 2585 1492 2667 paleis
1548 2585 1905 2667 persimilis,
1964 2608 2091 2650 non
2146 2590 2408 2652 omnino
2462 2596 2675 2652 tamen

417 2675 648 2750 inaniS,
683 2673 735 2735 si
768 2673 982 2735 studio
1011 2683 1036 2712 ⁰
1082 2677 1147 2734 et
1193 2671 1673 2734 benevolentiae
1720 2677 1868 2734 tuae
1906 2672 2215 2754 judicium
2248 2695 2374 2737 non
2410 2675 2675 2738 deesset.

421 2760 594 2823 Bene
640 2759 777 2821 vale
824 2779 965 2820 cum
1014 2757 1228 2820 liberis
1273 2762 1338 2819 et
1381 2777 1707 2838 puerpera.

729 2857 853 2911 Cod.
890 2856 1023 2910 Frcf.
1059 2856 1178 2909 452.

425 3046 656 3117 (Gotha.)
1477 3027 1625 3092 462.
2223 3045 2299 3095 15.
2335 3042 2491 3097 Mart.
2530 3045 2673 3099 1515.

1155 3154 1448 3226 Mutisn
1491 3173 1591 3225 an
1632 3153 1945 3226 Eobane

417 3286 542 3352 (Die
593 3285 774 3338 beiden
819 3301 1035 3351 yrossen
1087 3283 1279 3336 Poeten
1331 3283 1514 3336 Eoban
1568 3281 1684 3336 und
1734 3280 1933 3334 Hutten
1984 3282 2226 3350 xwinqen
2258 3282 2332 3334 M.
2368 3299 2450 3336 mc
2451 3301 2519 3336 ar
2550 3300 2678 3336 xum

421 3354 704 3407 Schreiben
737 3370 812 3407 an
845 3353 938 3417 sic,
979 3353 1107 3406 doch
1141 3353 1384 3404 bedauert
1417 3369 1488 3415 er,
1525 3351 1691 3403 'elenen
1723 3351 1872 3404 nicht
1916 3351 2155 3403 nmxliclz
2199 3353 2317 3402 scin
2350 3367 2427 3403 κα
2458 3353 2672 3404 konnen.

420 3422 538 3474 Far
571 3422 759 3474 Eobcm
793 3423 886 3474 hat
920 3438 977 3474 er
1010 3421 1294 3488 verqebliclz
1330 3419 1594 3472 Herbords
1630 3418 1793 3485 Hulfe
1828 3418 2131 3486 anyerufe‘n.
2204 3419 2277 3471 M.
2308 3419 2422 3471 will
2454 3421 2545 3471 der
2578 3421 2676 3472 aue

421 3491 641 3542 Freund
695 3491 810 3542 und
870 3489 1054 3542 Tadler
1114 3489 1324 3541 bleibe‘n.
1424 3488 1528 3539 Tod
1580 3487 1669 3538 des
1720 3487 2211 3554 yeistessehwaehen
2278 3487 2521 3540 Wilhelm
2580 3505 2675 3540 von

745 3558 957 3610 Hessen.
1030 3557 1440 3624 Aufforderunq,
1477 3555 1581 3608 Abt
1616 3554 1930 3608 Hartmann
1963 3573 2037 3608 zu
2072 3555 2353 3623 besinqcn.)

795 3671 1054 3722 Eobano
1093 3673 1294 3722 Hesso
1329 3673 1555 3730 poetae
1590 3670 1933 3722 clarissimo
1970 3671 2053 3721 M.
2090 3668 2313 3718 Rufus.

625 3782 806 3846 Bona
877 3783 1000 3846 tibi
1068 3781 1260 3846 salus.
1372 3780 1616 3844 Invitas
1683 3802 1783 3843 me
1848 3780 1931 3844 ad
1997 3780 2320 3843 literarum
2396 3779 2674 3844 officium

557 3954 678 4006 ade
717 3951 864 4004 Tem.
1005 3956 1034 3994 b
1061 3949 1193 4016 Μαχ
1196 3947 1312 3999 volari
1284 3970 1385 4005 κ.ας
1527 3949 1817 4002 estadium
1858 3949 2003 4002 Dmx.

562 4019 875 4087 ¹ValeriuS,
913 4020 1027 4086 geb.
1067 3969 1193 4072 deux
1206 4018 1286 4072 18.
1326 4016 1474 4070 Febr.
1515 4021 1666 4083 1515,
1689 4021 1863 4084 spater
1886 4018 2181 4070 namhafter
2204 4019 2345 4071 Arzt.
2406 4016 2675 4078 Krause,

419 4089 540 4142 Eur.
593 4088 792 4142 Cordus
838 4089 888 4142 S.
928 4088 1007 4139 27.
1152 4091 1172 4120 ²
1207 4088 1365 4140 Andr.
1412 4086 1510 4142 1411
1559 4087 1607 4151 2,
1653 4087 1709 4139 6.
1764 4086 1891 4138 »Per
1939 4090 2143 4139 ecastor
2196 4087 2361 4138 scitus
2415 4099 2547 4151 puer
2598 4088 2676 4135 est

420 4161 575 4210 natus
610 4157 932 4223 Pamphila«
1037 4157 1058 4186 ³
1094 4156 1247 4222 Verg.
1284 4156 1394 4208 Ecl.
1432 4143 1528 4221 111,
1568 4155 1648 4208 59.
1757 4156 1777 4186 ⁴
1812 4153 1862 4206 S.
1889 4154 1988 4207 521
2018 4159 2079 4208 A.
2110 4154 2188 4207 10.
2299 4156 2320 4186 ⁶
2354 4144 2501 4206 Uber
2536 4152 2675 4204 disse

421 4225 583 4278 Stelle
617 4241 654 4276 v
656 4225 723 4292 g.l
761 4225 894 4278 Einl.
1037 4227 1058 4256 ⁶
1092 4246 1160 4252 ἠ
1196 4223 1513 4278 Schreihals.
1659 4223 1677 4253 ⁷
1714 4222 1883 4274 Name
1934 4223 2080 4274 eines
2123 4221 2435 4274 schlechten
2482 4221 2675 4274 Poeten

419 4294 506 4344 bei
542 4293 710 4360 Verg„
735 4309 784 4346 u.
824 4293 948 4345 Hor.
1090 4293 1111 4324 ⁸
1146 4293 1252 4344 Der
1285 4290 1665 4345 B1.teilweise
1702 4291 1841 4342 auch
1880 4291 1961 4342 bei
1996 4290 2308 4357 Bbcking,
2358 4288 2489 4356 Opp.
2528 4288 2672 4340 Hutt.

419 4361 462 4428 1,
521 4362 601 4412 37.
675 4351 820 4412 Uber
855 4361 1033 4412 Eoban
1069 4360 1119 4414 S.
1157 4360 1224 4412 68
1262 4364 1322 4414 A.
1361 4360 1406 4412 2.
1479 4358 1530 4412 S.
1567 4359 1671 4412 460
1706 4361 1767 4412 A.
1810 4360 1856 4409 1.
