3084 4895
473 402 600 471 258
1312 397 1487 455 Briefe
1523 394 1617 454 des
1652 394 1703 455 J.
1751 394 1896 453 1512.

475 671 704 746 (Gotha.)
1520 656 1665 721 203.
2128 672 2245 741 (vor
2280 672 2361 727 25.
2400 666 2513 727 oct.
2554 673 2731 742 1512.)

1219 782 1505 853 Mutian
1550 803 1648 852 an
1692 782 1970 855 Urban.

477 912 655 979 (Danlc
683 911 778 979 fiir
811 912 896 963 die
930 910 1170 965 Articuli
1205 912 1296 965 der
1331 910 1470 981 Ayri
1556 912 1872 965 'noviei-sclam
1895 912 2141 965 Kolomn.
2196 910 2560 978 Siim‘enem'nys
2582 917 2733 964 west-

715 979 936 1047 fc'ilische
972 980 1420 1035 Schmeicheleien.
1568 996 1681 1033 a‘n‘n
1715 980 1966 1033 belcommt
2001 980 2073 1036 Μ.
2110 980 2209 1033 den
2252 982 2431 1034 Cicero
2443 980 2489 1047 .9)

615 1096 888 1146 Maximo
925 1098 988 1147 et
1021 1096 1388 1155 probissimo
1439 1096 1776 1146 amicorum
1809 1096 1891 1146 Η.
1928 1096 2183 1153 Urbano
2219 1096 2589 1155 philosopho

1428 1181 1516 1233 M.
1553 1176 1775 1231 Rufus.

688 1290 753 1355 S.
845 1292 1131 1369 Quantas
1174 1292 1485 1357 maximas
1529 1313 1787 1375 possum
1834 1292 2072 1372 gratias
2104 1313 2223 1375 ago
2266 1297 2459 1373 atque
2502 1291 2729 1367 habe0‚

482 1374 732 1441 Urbane
788 1384 1024 1455 noster,
1089 1377 1256 1458 quod
1303 1400 1400 1440 me
1449 1378 1635 1461 nugis
1682 1383 1744 1441 et
1789 1377 1915 1440 fere
1961 1378 2271 1441 abortivis
2327 1378 2605 1441 foetibus
2666 1382 2732 1441 et

483 1464 764 1549 agrippie
813 1463 1370 1545 Agrippinensium
1413 1462 1819 1527 Colonorum¹
1855 1464 2203 1527 donaveris.
2278 1462 2511 1545 Legam
2544 1485 2731 1527 accu-

486 1550 702 1624 ratim,
749 1553 813 1612 et
857 1551 910 1612 si
954 1550 1135 1613 licuit
1195 1549 1509 1631 theologis
1574 1550 1849 1613 alienum
1910 1571 2070 1630 opus
2130 1548 2441 1627 vellicare,
2511 1550 2733 1613 licebit

492 1639 553 1698 et
600 1635 751 1699 mihi
799 1636 1119 1699 cornicum
1169 1636 1385 1699 oculos
1431 1635 1761 1717 configere.
1852 1634 2063 1701 Habes
2120 1636 2409 1717 exempla
2464 1636 2732 1699 duarum

483 1720 912 1803 epistolarum,
971 1744 1044 1785 ea
1097 1742 1238 1785 cum
1284 1726 1532 1803 regesto
1604 1718 1985 1805 biblioponi²
2056 1744 2254 1804 nuper
2313 1721 2390 1785 ad
2453 1726 2517 1785 te
2578 1722 2729 1785 dato

482 1807 750 1870 remitte.
841 1806 996 1871 Item
1064 1806 1277 1871 literas
1346 1807 1478 1871 heri
1523 1808 1753 1871 cursim
1802 1811 2095 1871 exaratas
2139 1808 2274 1890 lege
2320 1812 2383 1873 et
2428 1808 2728 1888 discerpe.

482 1892 642 1955 Nam
711 1894 958 1957 concise
1027 1893 1215 1958 nimis
1261 1897 1323 1956 et
1368 1892 1594 1975 frigide
1662 1894 1903 1975 scripsi,
1956 1894 2067 1957 sed
2113 1916 2255 1957 vera
2301 1898 2363 1968 et
2410 1916 2489 1956 ex
2535 1893 2730 1956 animi

487 1978 823 2042 sententia.
915 1976 1172 2042 Lividus
1248 1984 1345 2043 est
1419 1976 1633 2044 Cotio³
1700 1985 1765 2043 et
1832 1979 2161 2043 blanditiis
2237 1978 2731 2061 Vuestphalicis⁴

489 2084 674 2149 saepe
741 2065 1138 2148 multumque
1181 2072 1424 2128 'nostro
1489 2065 1694 2127 ordini
1756 2066 2076 2146 imposuit.
2168 2064 2293 2129 Sed
2340 2064 2555 2129 fucata
2600 2086 2727 2127 non

487 2150 593 2213 diu
639 2151 859 2214 latent.
950 2150 1234 2233 Emergit
1278 2150 1534 2214 tandem
1583 2152 1722 2233 ipsa.
1766 2151 2014 2215 veritas.
2105 2150 2196 2214 De
2230 2150 2531 2214 Cicerone
2576 2151 2729 2231 quid

488 2234 642 2299 mihi
674 2237 1036 2318 pollicear?
1124 2236 1524 2319 Exspectavi,
1572 2243 1635 2300 et
1680 2237 1733 2299 si
1773 2238 1978 2318 jubeS,
2042 2238 2389 2319 expectabo
2446 2238 2733 2318 satisque

486 2322 712 2386 faciam
759 2318 856 2386 vel
903 2322 1152 2405 Petrejo
1199 2322 1444 2387 nostro⁵
1491 2323 1592 2386 vel
1636 2323 1775 2386 tibi.
1866 2322 2109 2387 Precor.
2198 2324 2340 2387 Non
2389 2322 2510 2387 levi
2568 2345 2731 2385 mer-

486 2409 637 2473 cede
681 2409 854 2488 emit,
903 2408 1011 2494 qui
1056 2413 1363 2492 precatur.
1455 2408 1623 2472 Bene
1668 2409 1822 2474 vale.

797 2526 922 2580 Cod:
957 2526 1089 2583 Frcf.
1127 2527 1243 2582 256.

488 2747 718 2819 (cotha.)
824 2731 827 2734 ’
1339 2724 1351 2737 ”
1527 2735 1671 2801 204.
2306 2752 2387 2808 25.
2425 2751 2537 2807 oct.
2580 2749 2731 2804 1512.

1227 2862 1515 2933 Mutian
1559 2883 1657 2933 an
1699 2863 1976 2934 Urban.

487 2989 704 3054 (Oratus
737 2989 886 3042 kann
916 2989 1063 3043 nicht
1095 2990 1345 3045 komnwn.
1427 2992 1654 3060 Iscreteht
1687 2992 1847 3056 nicht,
1885 3009 1997 3045 ‘evas
2034 2991 2287 3060 Spalatin
2320 3007 2421 3044 von
2442 2991 2534 3043 der
2557 2990 2728 3057 furst-

487 3059 656 3112 lichen
702 3058 1072 3128 fflreiqebnykeit
1111 3061 1346 3114 schreibt.
1366 3061 2083 3200 yegebqprlgeuoezhlvgqrgerechten
2128 3059 2356 3128 Aemriff
2392 3061 2484 3112 der
2538 3059 2737 3112 Kblner

623 3241 997 3294 venerando
1031 3245 1096 3293 et
1129 3243 1234 3302 pio
1267 3244 1563 3305 magistro
1598 3245 1679 3295 Η.
1715 3245 1990 3303 Urbane,
2025 3255 2354 3294 oeconomo
2390 3243 2607 3293 domus

1055 3329 1118 3380 S.
1153 3330 1405 3392 Georgii
1437 3330 1782 3389 Effordiae,
1817 3331 1905 3381 M.
1942 3329 2163 3380 Rufus.

693 3436 759 3502 S.
847 3438 944 3504 En
985 3439 1109 3505 tibi
1155 3439 1330 3506 Croti
1376 3445 1438 3507 et
1483 3439 1799 3525 Spalatini
1838 3440 2075 3506 literas.
2163 3439 2275 3504 Ille
2307 3443 2572 3505 vocatus
2604 3461 2731 3504 non

627 3676 644 3706 ¹
679 3676 778 3729 Die
829 3675 1036 3731 articuli
1090 3678 1182 3730 der
1231 3677 1426 3731 Kolner
1477 3695 1644 3748 gegen
1694 3678 1968 3735 Reuchlin.
2062 3678 2292 3747 Agrippa
2342 3700 2411 3718 =
2457 3676 2735 3730 verkehrte

491 3743 704 3812 Geburt,
758 3761 939 3814 wegen
993 3747 1085 3799 des
1143 3747 1504 3815 WortspieleS.
1577 3749 1870 3801 Denselben
1922 3748 2199 3801 Ausdruck
2251 3747 2537 3815 gebraucht
2573 3746 2642 3800 M.
2680 3745 2735 3797 in

491 3812 662 3890 einem
715 3813 803 3868 ΒΓ.
857 3831 923 3867 an
975 3814 1230 3883 Petreius,
1290 3816 1478 3870 datiert
1531 3817 1695 3870 natali
1747 3817 1985 3870 Severini
2021 3817 2122 3884 (23.
2162 3815 2301 3884 Okt.)
2340 3816 2475 3872 1512
2512 3815 2732 3884 (Camer.

488 3880 600 3958 le.
639 3898 756 3961 nov.
792 3883 826 3936 J
863 3885 891 3936 7
915 3883 948 3936 b
984 3883 1114 3954 sq.):
1149 3885 1451 3938 »Excutiam
1487 3885 1584 3938 hos
1620 3887 1859 3954 agrippas
1894 3885 2119 3939 nominis
2143 3885 2502 3952 praeposteris
2552 3884 2733 3936 Petre-

483 3952 746 4072 ffguffl
777 3951 2157 4077 zssffieffgssffigsstffiffiffflssfissfiiiasffffai‘ssussfissh‘ssss
2182 3953 2387 4076 ἒῖἓὲῖζῗέ
2414 3953 2735 4090 ἒξὲώξθὲἓὲ

490 4088 590 4140 den
609 4061 856 4142 Voruiurf
869 4091 962 4143 der
977 4091 1508 4146 Judenfreundschaft
1531 4093 1587 4143 in
1611 4091 1806 4144 Sohutz
1821 4041 2153 4160 ggenommen.
2260 4097 2281 4124 ²¹
2314 4092 2423 4144 Das
2447 4063 2733 4158 Regestum

489 4155 761 4210 librarium
797 4159 853 4210 in
887 4158 972 4212 ΒΓ.
1011 4160 1129 4226 211,
1182 4160 1615 4230 Biicherkatalog,
1662 4160 2101 4214 wahrscheinlich
2138 4160 2231 4212 der
2265 4177 2366 4213 von
2421 4159 2606 4213 Grotus
2644 4175 2736 4226 ge-

489 4225 724 4279 schichte
749 4227 929 4280 Index,
987 4227 1072 4281 ΒΥ.
1111 4229 1225 4282 195.
1282 4230 1579 4296 Biblioponi
1604 4230 1823 4295 soheint,
1848 4245 2000 4281 wenn
2024 4229 2141 4282 kein
2168 4229 2361 4281 Fehler
2384 4228 2531 4282 datin
2550 4229 2735 4294 steckt,

490 4294 662 4362 gleich
699 4294 1007 4363 bibliopolae
1043 4313 1110 4348 zu
1143 4297 1271 4352 sein.
1415 4299 1436 4330 ³
1475 4297 1817 4366 Sommering.
1855 4297 1905 4352 S.
1928 4297 2028 4350 239
2062 4301 2125 4351 A.
2164 4299 2210 4352 6.
2336 4300 2355 4330 ⁴
2390 4297 2507 4350 Von
2543 4298 2636 4350 der
2670 4313 2737 4348 zu

490 4363 901 4416 beffirchtenden
937 4364 1290 4433 Beforderung
1324 4365 1468 4420 eines
1485 4365 1779 4434 ‚Westfalen
1813 4367 1885 4420 ist
1919 4367 2057 4420 auch
2091 4367 2165 4419 im
2202 4383 2309 4420 vor.
2328 4366 2417 4420 Br.
2456 4367 2539 4418 die
2575 4366 2735 4421 Rede.

492 4433 514 4462 ⁶
546 4429 704 4484 Peter
736 4431 1022 4488 Eberbach.
1060 4433 1111 4488 S.
1149 4435 1214 4487 97
1251 4438 1314 4489 A.
1354 4436 1400 4486 l.
1471 4425 1617 4487 Uber
1651 4437 1752 4488 den
1790 4437 1999 4490 Ankauf
2030 4435 2122 4490 des
2158 4437 2355 4489 Cicer0.
2398 4435 2447 4490 S.
2471 4435 2571 4489 256
2606 4437 2668 4490 A.
2686 4437 2736 4490 4.
