3084 4895
1273 418 1482 484 Mutian
1519 447 1589 484 an
1624 419 1827 487 Urban.
2558 424 2678 499 141

415 608 484 667 31
531 601 921 666 infirmitas¹.
1011 601 1106 666 Ira
1155 601 1330 666 furor
1374 607 1490 679 est,
1538 623 1729 684 aegra
1786 602 2117 666 concoctio
2177 624 2403 666 nervos
2463 625 2682 670 omnes

419 696 485 752 et
535 689 815 771 corporis
863 694 926 750 et
970 687 1166 750 animi
1213 687 1524 750 debilitat.
1617 688 1895 750 Primum
1945 688 2249 764 omnium,
2297 690 2449 768 quia
2478 693 2685 770 gravi-

416 777 615 836 tatem
665 774 944 852 corporis
1004 774 1220 847 sentit,
1282 779 1418 836 tum
1484 774 1726 836 vomitu
1796 772 2195 836 stomachum
2263 777 2400 835 tum
2468 777 2679 840 alvum

420 859 804 942 purgatione
851 859 1166 921 sollicitet.
1261 857 1478 921 Discat
1511 859 1761 941 parcius
1795 880 2075 921 comesse
2108 862 2173 920 et
2204 858 2439 936 bibere,
2471 862 2683 925 minus

418 944 773 1018 lucubrare,
850 944 1144 1022 amplecti
1222 943 1631 1019 hilaritatem,
1706 944 2079 1007 submovere
2168 965 2349 1006 curas
2439 947 2679 1010 edaces

417 1029 746 1110 Proponas
793 1027 886 1089 illi
932 1028 1253 1090 laudatam
1307 1029 1514 1090 victus
1572 1029 2025 1110 parsimoniam
2071 1028 2161 1090 De
2207 1033 2683 1096 consecratione

419 1114 833 1178 distinctione
885 1111 1162 1192 quinta².
1235 1112 1357 1176 Ubi
1404 1114 1495 1176 sic
1546 1115 1707 1176 inter
1742 1113 1899 1175 alia:
1954 1111 2117 1192 „Sed
2162 1119 2463 1194 praestat,
2500 1124 2572 1181 ut
2604 1141 2683 1181 ex

420 1199 598 1263 fonte
632 1198 948 1260 haurias.“
1033 1197 1379 1261 Gratianus
1415 1200 1583 1260 enim
1626 1197 1996 1279 compilavit
2026 1199 2264 1278 scripta
2296 1199 2683 1282 Hieronymi,

423 1285 534 1364 qui
567 1284 775 1364 capite
805 1283 1126 1344 XXXVIII
1160 1287 1381 1346 contra
1411 1283 1821 1347 Jovinianum
1858 1285 1949 1346 sic
1983 1284 2290 1364 prodidit:
2346 1285 2681 1368 „Legimus

423 1369 734 1450 quosdam
783 1369 1004 1431 morbo
1051 1369 1371 1431 articulari
1421 1372 1485 1431 et
1529 1369 1849 1450 podagrae
1908 1369 2281 1432 humoribus
2318 1370 2685 1436 laborantes

420 1455 886 1536 proscriptione
957 1453 1264 1516 bonorum
1335 1453 1413 1516 ad
1481 1455 1829 1534 simplicem
1900 1475 2183 1516 mensam
2252 1461 2315 1517 et
2377 1479 2686 1538 pauperes

425 1540 604 1602 cibos
680 1539 972 1600 redactos
1047 1539 1462 1601 convaluisse.
1586 1541 1935 1602 Caruerant
2012 1541 2175 1601 enim
2255 1541 2685 1606 sollicitudine

424 1624 888 1706 dispensandae
957 1625 1180 1686 domus
1229 1628 1291 1686 31
1339 1625 1664 1705 epularum
1732 1626 2047 1704 largitate,
2111 1646 2273 1704 quae
2334 1632 2398 1689 et
2458 1649 2685 1710 corpus

421 1710 729 1806 frangunt-
784 1714 847 1771 et
908 1711 1205 1771 animam.
1310 1709 1537 1772 Irridet
1600 1711 1899 1773 Horatius
1960 1712 2313 1791 appetitum
2378 1714 2685 1790 ciborum,

423 1795 534 1875 qui
591 1795 952 1875 consumpti
1009 1795 1378 1876 relinquunt
1440 1796 1929 1876 poenitentiam:
2000 1793 2241 1876 Sperne
2303 1798 2685 1894 voluptateS,

428 1884 614 1943 nocet
645 1885 855 1960 empta
904 1879 1118 1942 dolore
1166 1880 1516 1962 voluptaS.“
1490 1877 1553 1912 ((3
1641 1880 1895 1944 Etcum
1943 1881 2007 1942 in
2042 1882 2490 1946 amoenissimo
2536 1905 2688 1964 agro

429 1967 494 2028 in
545 1986 820 2026 morsum
871 1965 1392 2046 voluptuosorum
1441 1966 1769 2028 hominum
1819 1989 1886 2028 se
1932 1987 2211 2028 crassum
2260 1968 2689 2049 pinguemque

431 2051 832 2125 describeret,
880 2050 1035 2112 lusit
1079 2049 1179 2113 his
1225 2051 1540 2114 versibus:
1596 2051 1733 2132 „Me
1778 2053 2077 2133 pinguem
2111 2054 2175 2113 et
2206 2053 2479 2115 nitidum
2530 2054 2689 2116 bene

426 2141 647 2198 curata
680 2140 823 2198 cute
855 2137 1044 2210 visae,
1077 2134 1232 2198 Cum
1277 2135 1477 2198 ridere
1509 2136 1685 2198 voles
1719 2136 1971 2219 Epicuri
2004 2137 2082 2198 de
2112 2158 2301 2217 grege
2331 2139 2687 2219 porcum.“⁴

429 2221 572 2283 Non
598 2228 812 2284 tamen
845 2221 1041 2302 probo
1066 2221 1276 2283 cibum
1307 2219 1673 2304 Orphicum,
1702 2221 2216 2303 Pythagoricum,
2243 2224 2687 2288 monasticum.

431 2307 726 2369 Detestor
793 2305 1059 2386 frigidos
1122 2307 1348 2389 pisceS,
1419 2328 1628 2389 poma,
1705 2307 1938 2382 holera,
2013 2306 2351 2387 legumina.
2468 2309 2689 2373 Laudo

432 2391 900 2473 frugalitatem3
951 2412 1075 2454 non
1123 2390 1559 2468 multifariam,
1622 2392 1731 2455 sed
1788 2393 2019 2457 bonam
2068 2400 2133 2455 et
2178 2393 2525 2475 simplicem
2574 2394 2691 2458 ali-

430 2479 728 2541 moniam.
819 2476 1224 2541 Miscellanea
1270 2500 1427 2541 cena
1471 2478 1789 2559 pestifera.
1880 2478 2029 2541 Ideo
2073 2483 2243 2541 recte
2290 2480 2447 2542 dicit
2490 2480 2692 2545 Hora-

428 2564 589 2626 tius:
667 2561 908 2645 „Simul
965 2564 1126 2626 assis
1193 2562 1524 2626 Miscueris
1577 2564 1765 2638 elixa,
1832 2564 2019 2627 simul
2079 2564 2413 2644 conchylia
2466 2566 2691 2644 turdiS,

427 2648 654 2711 Dulcia
723 2670 789 2710 se
856 2648 920 2709 in
993 2649 1181 2711 bilem
1249 2653 1501 2711 vertent
1566 2648 2022 2728 stomachoque
2096 2650 2441 2713 tumultum
2492 2652 2695 2714 Lenta

428 2734 589 2796 feret
633 2731 976 2815 pituita.“⁵
1069 2734 1344 2797 Tantum
1425 2734 1549 2797 cibi
1607 2740 1924 2815 pot-usque
1998 2740 2303 2812 assumat,
2380 2743 2695 2817 quantum

431 2818 600 2881 facili
665 2818 1018 2900 digestione
1079 2820 1389 2899 concoqui
1453 2825 1682 2900 potest.
1772 2820 1843 2881 In
1892 2841 2099 2882 eremo
2160 2821 2369 2883 sancti
2437 2822 2691 2902 Georgii

430 2906 705 2984 putabat
773 2904 948 2965 nefas
1005 2926 1140 2967 esse
1203 2927 1327 2965 non
1378 2906 1455 2966 ad
1504 2906 1785 2984 regulam
1852 2906 2219 2986 propinanti
2293 2908 2690 2986 respondere.

435 2987 636 3051 Credo
685 2989 748 3049 in
798 2990 940 3052 aula
991 2990 1360 3052 diversitate
1409 2992 1691 3052 carnium
1743 3011 1869 3052 non
1936 2994 2065 3052 tam
2124 2989 2433 3054 distendit
2501 3013 2692 3072 quam

433 3074 782 3155 corrumpit
828 3079 1130 3150 ventrem,
1179 3076 1348 3137 unde
1393 3076 1629 3156 pituita
1677 3080 1977 3138 nascatur
2032 3094 2290 3137 necesse
2334 3083 2451 3139 est.
2542 3077 2695 3139 Inde

434 3160 760 3241 putribilis
805 3180 950 3221 esca
982 3125 1260 3223 residet
1245 3182 1309 3222 1n
1345 3160 1695 3223 stomacho.
1772 3160 2047 3223 Vitanda
2081 3160 2374 3223 nimirum
2411 3163 2694 3225 satietas

431 3244 608 3306 Nihil
653 3245 744 3306 ita
789 3245 1007 3307 obruit
1051 3246 1332 3307 animum
1380 3250 1455 3307 ut
1501 3246 1725 3325 plenus
1776 3250 1994 3308 venter
2026 3249 2089 3308 et
2122 3266 2311 3325 aegra
2344 3249 2692 3310 concoctio,

433 3330 553 3405 Qui
603 3330 856 3391 deditus
903 3334 1000 3393 est
1045 3330 1336 3393 delicatis
1399 3331 1707 3401 obsoniiS,
1756 3330 1912 3393 nihil
1958 3335 2169 3407 tenue,
2222 3332 2376 3393 nihil
2426 3333 2697 3395 coeleste

433 3420 646 3497 potest
720 3415 1022 3495 cogitare.
1135 3416 1357 3495 Itaque
1432 3417 1787 3497 appetitum
1865 3415 2153 3492 refrenet,
2230 3416 2410 3497 cujus
2475 3419 2697 3498 auriga

432 3500 634 3577 ratio;
669 3522 748 3562 ne
779 3500 883 3563 ille
916 3501 1106 3563 ruat
1090 3522 1153 3563 1n
1188 3522 1507 3599 praeceps,
1542 3501 1721 3564 frena
1765 3502 2123 3564 contineat:
2173 3502 2336 3564 ratio
2382 3502 2694 3601 siquidem

439 3586 845 3681 paedagogus
903 3591 1002 3649 est
1045 3588 1324 3667 corporis
1393 3588 1577 3665 quasi
1644 3586 1839 3669 pueri.
1933 3586 2031 3650 Ob
2077 3586 2161 3663 id,
2208 3591 2281 3649 ut
2326 3582 2691 3650 summatim

435 3670 651 3732 omnia
705 3670 930 3745 dicam,
1001 3673 1325 3753 appetitus
1379 3672 1614 3734 lationi
1661 3677 1895 3751 pareat.
1987 3671 2086 3733 Ita
2130 3670 2259 3748 fiet,
2307 3677 2379 3734 ut
2425 3674 2691 3753 prandio

436 3754 601 3817 vires
671 3757 884 3835 potius
950 3757 1331 3829 reficiantur,
1401 3779 1588 3837 quam
1660 3758 2116 3838 opprimantur.
2220 3756 2295 3819 Et
2367 3759 2693 3821 iracundia

437 3839 694 3903 modum
747 3862 867 3903 non
918 3841 1200 3905 excedat.
1300 3842 1434 3922 „Ira
1478 3843 1691 3905 odium
1753 3847 2029 3922 generat,
2093 3842 2431 3904 concordia
2492 3846 2697 3906 nutrit

579 3976 596 4005 ¹
632 3974 818 4027 Dieser
835 3990 1000 4028 senex
1019 3991 1130 4027 war
1147 3973 1218 4041 Sp
1221 3974 1410 4027 alatins
1428 3973 1810 4041 Volmgesetzter
1832 3973 2273 4026 wahrscheinlich
2294 3973 2379 4025 ein
2402 3975 2534 4027 alter
2555 3975 2696 4028 Mili-

434 4042 553 4101 tair
574 4044 760 4096 dessen
782 4044 1173 4123 Anordnungen
1192 4044 1313 4095 dem
1331 4042 1642 4109 Padagogen
1660 4042 1961 4109 unbequem
1984 4042 2092 4093 und
2116 4042 2271 4109 lastig
2296 4059 2485 4095 waren.
2544 4046 2699 4097 Auch

436 4114 610 4176 spater
644 4113 698 4163 in
735 4112 1066 4178 Wittenberg
1100 4111 1274 4178 kiagte
1311 4110 1381 4177 Sp
1384 4110 1545 4162 alatin
1600 4110 1732 4161 iiber
1778 4111 1872 4161 das
1904 4109 2198 4177 ·Regiment
2248 4112 2341 4162 des
2393 4112 2697 4180 »Regulus«,

441 4179 544 4230 den
579 4179 784 4232 Mutian
821 4190 899 4232 als
935 4180 1087 4231 einen
1122 4180 1294 4231 Herm
1328 4195 1434 4230 ron
1468 4178 1785 4229 Wildenfels
1822 4178 2041 4245 auslegt.
2111 4177 2197 4230 ΒΓ.
2239 4179 2337 4231 163
2376 4181 2469 4231 (133
2506 4180 2628 4233 Cod.

437 4248 458 4279 ²
495 4246 697 4301 Mutian
737 4247 910 4300 citiert
952 4264 1048 4300 aus
1084 4248 1204 4299 dem
1242 4247 1677 4313 Cor-p.ju1.can.
1724 4247 1825 4297 den
1862 4246 2143 4298 Abschnitt
2176 4246 2256 4299 De
2292 4248 2698 4315 consecratione,

434 4316 643 4369 Decret.
681 4316 714 4368 l.
753 4316 848 4369 III.
887 4317 1003 4369 dist.
1043 4319 1092 4383 5,
1141 4332 1222 4368 wo
1258 4316 1408 4367 indes
1444 4315 1532 4366 die
1567 4314 1750 4367 Worte
1794 4314 1920 4367 »Sed
1958 4316 2210 4381 praestat«
2245 4318 2343 4367 313.
2394 4316 2543 4368 1113111
2577 4332 2697 4369 vor·

435 4384 710 4449 kommen3
763 4386 857 4439 das
895 4386 1068 4454 gleich
1113 4384 1231 4451 folg.
1272 4384 1410 4436 Citat
1453 4398 1551 4434 aus
1586 4382 1731 4435 Hier.
1770 4386 1952 4435 contra
1992 4382 2259 4436 Jov.1.11
2296 4384 2439 4435 steht
2472 4386 2526 4435 in
2564 4386 2698 4436 ders,

436 4452 560 4505 dist.
598 4455 646 4505 5.
755 4455 934 4508 ³Hor.
970 4454 1064 4522 Ep.
1101 4454 1144 4519 I,
1181 4452 1229 4519 2,
1264 4455 1346 4504 55.
1452 4450 1602 4518 ⁴Ep.
1640 4450 1684 4518 1,
1720 4452 1769 4517 4,
1812 4453 1976 4518 l5sq.
2084 4450 2253 4504 δ831.
2285 4452 2354 4518 11,
2392 4452 2439 4519 2,
2478 4453 2696 4506 73—76.
