3084 4895
501 409 629 485 414
1323 407 1499 477 Edere
1534 407 1629 478 des
1663 411 1713 480 J.
1752 412 1899 480 1514.

505 613 605 660 me
651 591 988 658 contristat
1032 591 1163 657 suis
1207 591 1479 692 querelis
1519 593 1708 660 modo
1740 593 2157 661 sacerdotium
2204 617 2509 662 accusans
2550 592 2744 662 modo

509 679 772 762 culpans
816 677 1144 743 consilium
1193 677 1319 743 sibi
1363 679 1582 744 datum
1628 703 1667 745 a
1712 681 1927 746 nobis:
1976 681 2157 754 „Uno
2204 703 2261 746 tt
2305 684 2409 757 sid)
2452 683 2599 760 nun
2638 687 2743 746 tn

505 786 562 828 tt
604 765 762 846 pfnffe
813 763 1076 828 mutbt.‘·¹
1185 762 1322 828 Ohe
1380 765 1531 847 quid
1600 765 1773 830 hoc‘?
1872 767 2002 832 Vah
2061 790 2231 832 nunc
2284 789 2400 850 ego
2452 769 2743 850 intelligo

508 851 790 936 desipere
855 853 1215 932 utrumque.
1325 849 1480 916 Hem
1548 857 1857 934 quantum
1925 855 2274 936 impietatis
2340 855 2745 920 credentibus

505 937 749 1021 patefit,
783 937 838 1000 si
871 936 1040 1000 docti
1072 957 1250 1002 sacra
1280 939 1469 1003 nauci
1498 937 1762 1003 faciunt.
1809 938 1956 1005 Scio
1989 939 2430 1006 fundationem
2458 944 2742 1006 nostram

505 1027 572 1090 in
620 1021 890 1088 solidum
939 1043 1076 1086 esse
1133 1021 1366 1088 fossam
1415 1029 1479 1088 et
1521 1023 1837 1090 stabilem.
1927 1025 2147 1107 Neque
2199 1026 2336 1091 fieri
2390 1031 2620 1108 potest,
2666 1031 2746 1092 ut

506 1109 770 1175 ecclesia
814 1106 1238 1174 confundatur
1281 1114 1538 1176 auctore
1582 1107 1855 1187 Christe,
1888 1133 2034 1176 vero
2064 1113 2183 1176 deo
2226 1117 2529 1230 perpetua
2572 1111 2745 1178 claro

503 1197 720 1280 gloria.
811 1193 972 1270 Quid
1019 1195 1164 1259 novi
1211 1193 1408 1260 habes
1453 1195 1528 1260 de
1574 1194 1889 1278 Spalatini
1939 1197 2333 1280 diplomate?
2450 1197 2745 1279 Auguror

505 1286 751 1347 tantam
797 1299 1034 1346 moram
1083 1301 1208 1346 nou
1257 1303 1477 1345 vacare
1507 1283 1787 1347 technis.
1877 1283 2004 1348 Fac
2063 1283 2277 1348 valeas
2321 1289 2383 1348 et
2428 1283 2742 1351 Adamum

503 1367 878 1434 Faustinum
927 1365 1005 1430 ad
1052 1386 1168 1431 nos
1215 1367 1450 1446 mittas,
1498 1368 1619 1432 nisi
1667 1370 1933 1433 mutaris
1976 1368 2409 1436 sententiam.⁸
2496 1369 2592 1435 Ex
2637 1391 2745 1434 ae·

501 1453 690 1518 dibus
735 1451 890 1518 meis
933 1449 1245 1516 Calendas
1289 1451 1539 1517 Maias·
1610 1453 1926 1519 MDXllll.

737 1573 740 1578 ·
805 1551 927 1608 Cod.
962 1551 1092 1607 Frcf.
1130 1550 1248 1608 410.

499 1729 728 1813 (eutha)
1544 1728 1689 1794 343.
2248 1743 2385 1815 (Ans.
2422 1745 2531 1799 Mai
2566 1745 2742 1814 1514.)

1248 1849 1536 1924 Mutian
1580 1874 1679 1925 an
1721 1853 1997 1926 Urban.

498 1983 635 2052 (Das
667 1981 838 2036 Feuer
872 1981 964 2034 der
991 1979 1188 2034 Kcilner
1220 1980 1578 2036 Pzrdacaeorm
1622 1983 1763 2036 wird
1804 1983 2067 2037 Reuchlin
2108 1983 2284 2037 nialus
2330 1983 2567 2036 schadm.
2637 1981 2743 2034 Die

499 2051 743 2122 Mmrqie
775 2067 852 2106 an
895 2049 1082 2106 orotm
1126 2051 1344 2106 xuruck.
1414 2050 1745 2190 Αάῖηοώᾞ
1790 2053 1865 2106 ist
1897 2052 1997 2108 Ad.
2032 2053 2263 2108 Mlius
2309 2051 2513 2108 Vitalvze.
2534 2050 2741 2122 yemufi

598 2229 864 2291 Egregie
901 2228 1036 2278 viro
1069 2227 1390 2288 nostrique
1421 2228 1868 2281 studiosissimo
1902 2229 1984 2282 Η.
2020 2230 2277 2282 Urbano
2308 2229 2607 2290 mag-latro

1247 2325 1578 2366 oeconomo
1614 2312 1719 2383 (M.
1757 2313 1999 2382 Rufus).

707 2425 772 2492 S.
863 2423 932 2489 Si
997 2428 1290 2507 saperent
1357 2423 1620 2508 palliata
1676 2430 1741 2491 et
1794 2423 2183 2492 contionaria
2244 2420 2735 2501 mendicabula‘,

499 2518 670 2581 certe
741 2510 1187 2597 profiterentur
1251 2534 1318 2576 se
1381 2518 1446 2577 et
1487 2534 1741 2596 operam
1799 2517 1863 2577 et
1912 2514 2117 2577 oleum
2186 2513 2251 2575 in
2312 2510 2736 2576 comburendo

503 2599 772 2685 Speculo
836 2597 1199 2682 perdidisse.
1290 2596 1414 2662 Sed
1471 2600 1567 2663 ita
1625 2599 1903 2663 moribus
1968 2604 2419 2683 comparatum,
2480 2602 2553 2661 ut
2609 2597 2738 2660 ista

506 2686 822 2753 cucullata
866 2687 1179 2767 portenta,
1226 2688 1300 2747 ut
1341 2689 1494 2748 sunt
1537 2685 1825 2749 homines
1867 2686 2099 2749 inertes
2142 2688 2207 2749 et
2236 2684 2490 2749 barbari
2536 2687 2601 2747 et
2641 2703 2738 2745 se-

508 2773 744 2851 ditiosi,
811 2792 936 2835 non
981 2770 1236 2835 valeant
1300 2771 1692 2853 splendorem
1749 2776 1815 2835 et
1864 2772 2131 2853 gratiam
2190 2770 2553 2845 adversarii,
2618 2768 2739 2831 viri

507 2856 1008 2941 eloquentissimi
1053 2860 1116 2919 et
1160 2856 1577 2939 undecunque
1622 2858 1991 2935 doctissimi,
2038 2857 2135 2920 vel
2178 2857 2413 2921 intueri
2455 2856 2553 2919 vel
2582 2854 2734 2936 pati,

503 2950 588 3026 et,
627 2944 792 3028 quod
825 2946 922 3007 est
954 2942 1270 3025 proprium
1303 2943 1681 3019 invidorum,
1713 2943 2172 3007 obliviscuntur
2203 2942 2535 3019 manticae,
2568 2940 2734 3023 quod

499 3034 566 3097 in
610 3029 839 3113 terg0.⁵
928 3028 1200 3092 Tantum
1247 3050 1390 3093 vero
1436 3028 1618 3093 abest
1654 3033 1729 3094 ut
1760 3030 1925 3111 ignis
1958 3028 2061 3094 ille
2088 3029 2173 3093 ab
2202 3026 2733 3093 obtrectatoribus

505 3124 570 3184 et
615 3114 936 3183 malevolis
980 3114 1291 3179 conflatus
1334 3116 1617 3197 aliquam·
1659 3116 1957 3199 dignitati
2001 3121 2067 3179 et
2108 3115 2344 3199 gloriae
2388 3112 2733 3195 Capnionis

509 3210 729 3270 notam
793 3202 1109 3280 inusserit,
1175 3204 1250 3265 ut
1293 3200 1623 3265 ciniflones
1668 3206 1733 3265 et
1774 3202 2195 3267 incendiarios
2240 3205 2541 3284 perpetua
2586 3220 2732 3263 con-

501 3291 802 3358 scientiae
834 3289 988 3365 face,
1011 3308 1136 3369 qua
1167 3286 1458 3352 scelerati
1487 3288 1867 3365 cruciantur,
1900 3294 2141 3352 exurat.
2188 3286 2447 3369 Legisti,
2472 3284 2731 3367 quantis

501 3375 890 3461 argumentis
952 3373 1252 3438 ostendat
1309 3377 1531 3438 auctor
1595 3371 1849 3457 Speculi
1915 3372 2072 3437 nihil
2116 3375 2319 3455 egisse
2364 3370 2731 3436 Colonarios

501 3460 985 3549 paedioatores‚b
1017 3456 1040 3492 ⁶
1085 3458 1262 3523 nullo
1300 3459 1438 3541 jure
1481 3460 1799 3524 flammam
1844 3460 2207 3528 excitatam.
2296 3458 2572 3541 Tempus
2616 3460 2727 3532 est,

500 3555 574 3615 ut
616 3547 922 3614 formulas
966 3544 1158 3611 Croto
1201 3545 1385 3610 datas
1429 3545 1509 3609 ad
1554 3544 1816 3611 Crotum
1862 3542 2306 3611 remittamus⁷
2399 3540 2726 3621 AdamuS,⁸

497 3635 826 3702 familiaris
888 3637 1040 3698 tu'us
1099 3635 1164 3697 et
1212 3630 1344 3715 jam
1416 3636 1663 3697 noster·
1699 3653 1953 3715 promus
1998 3632 2259 3711 condus,
2302 3630 2551 3695 fidelem
2597 3629 2727 3712 agit

498 3723 965 3797 obsonatorem,
1011 3740 1108 3783 me
1153 3717 1484 3801 praecipue
1548 3718 1845 3783 observat
1889 3722 1953 3782 et
1996 3722 2188 3782 nutus
2232 3723 2424 3799 atque
2467 3722 2727 3781 renutus

502 3830 692 3873 meos.
783 3806 1054 3871 Meretur
1099 3805 1220 3868 hoc
1263 3803 1490 3880 officio,
1551 3808 1626 3867 ut
1669 3804 1899 3885 dignus
1944 3805 2047 3881 sit,
2102 3804 2204 3869 cui
2246 3804 2502 3868 tandem
2549 3826 2589 3867 a
2632 3819 2727 3865 me

499 3896 706 3979 gratia
770 3891 1089 3957 referatur.
1191 3888 1555 3971 Cognomen
1625 3890 1897 3953 hominis
1965 3890 2295 3955 ridiculum
2365 3899 2477 3953 est.
2583 3889 2725 3953 Ideo

505 3977 896 4053 mutandum,
930 3999 1055 4043 non
1095 3983 1306 4040 tamen
1339 3976 1633 4041 omnin0.'
1704 3974 1851 4041 Feci
1894 3998 1973 4041 ex
2018 3974 2157 4041 Pub
2202 3974 2517 4055 Publium,
2548 3980 2727 4039 vetus

632 4131 660 4159 ι
691 4116 776 4185 So.
813 4114 950 4169 Eine
969 4113 1105 4167 Zahl
1119 4130 1212 4165 vor
1232 4112 1484 4167 Calendas
1501 4111 1703 4165 scheint
1722 4111 2057 4181 ausyefallen.
2128 4117 2157 4155 b
2183 4114 2559 4183 praedicatores
2581 4113 2724 4168 Tem.

639 4188 656 4218 ²
691 4177 834 4239 Uber
887 4183 1074 4237 Crotus
1124 4172 1384 4237 Ubertritt
1427 4180 1480 4233 in
1525 4181 1626 4234 den
1707 4181 1840 4237 eistl.
1885 4180 2051 4236 Stand-
2081 4183 2184 4252 vgl.
2222 4182 2273 4236 S.
2310 4182 2412 4237 382
2445 4188 2507 4240 A.
2548 4186 2592 4238 1.

565 4256 585 4288 ²
620 4254 670 4308 V
706 4255 738 4310 l.
777 4254 827 4309 S.
865 4253 967 4307 372
1002 4257 1065 4306 A.
1099 4253 1147 4305 4.
1300 4250 1322 4283 ³
1355 4249 1524 4304 Schon
1560 4264 1647 4303 am
1752 4293 1764 4306 .
1800 4250 1947 4319 April
1983 4252 2129 4306 hatte
2164 4268 2222 4305 er
2255 4252 2371 4306 sich
2406 4253 2723 4323 „vorgestellt

496 4323 618 4379 Vor.
719 4341 758 4377 r.
898 4324 920 4355 ⁴
951 4321 1050 4375 Die
1099 4320 1294 4375 Kolner
1344 4318 1726 4373 Dominikaner.
1798 4318 1849 4373 S.
1886 4318 1991 4374 410
2037 4324 2098 4378 A.
2134 4323 2182 4377 6.
2252 4311 2399 4375 'Uber
2452 4323 2545 4377 das
2594 4322 2724 4377 Ver-

497 4392 974 4462 brennungsdekret
1019 4406 1060 4446 s,
1101 4406 1207 4444 vor.
1245 4388 1330 4443 Br.
1470 4389 1492 4421 ⁶
1525 4386 1636 4441 Cat.
1671 4386 1783 4441 XX
1819 4386 2041 4459 (XXII),
2078 4390 2159 4443 21.
2297 4392 2320 4426 ⁶
2356 4390 2409 4445 S.
2442 4392 2541 4445 411
2580 4394 2639 4448 A.
2678 4396 2721 4447 1.

567 4462 586 4495 ⁷
621 4461 739 4530 Vgl.
776 4460 830 4517 S.
865 4461 968 4515 406
1003 4462 1064 4513 A.
1101 4458 1148 4513 2.
1289 4458 1314 4489 ⁸
1345 4454 1580 4510 Publius.
1650 4454 1737 4510 ΒΓ.
1775 4457 1891 4512 341.
