3084 4895
797 409 1007 477 Mutian
1043 439 1111 477 an
1145 416 1406 492 Petu-ejus,
1477 420 1691 477 Mutian
1725 437 1792 476 an
1829 417 2113 479 Hallensis.
2448 427 2573 494 335

329 591 404 662 et
463 589 858 680 quiescentes
915 613 1193 678 corpore,
1261 595 1472 660 animo
1535 596 2007 679 peregrinantes
2085 598 2345 664 celerius
2408 601 2573 667 fiunt

331 685 588 749 maturi.
679 682 844 746 Vale.
2166 705 2171 714 ι

642 766 771 820 Cod.
805 765 938 818 Frcf.
976 765 1088 816 313.

332 903 568 974 (Gotha.)
631 905 637 914 ’
1373 885 1516 950 271.
1571 913 1575 918 ·
2084 905 2198 974 (vor
2231 907 2361 976 Aug.
2402 909 2571 977 1513.)

1007 995 1291 1066 Mutian
1338 1015 1434 1064 an
1476 995 1901 1066 Hallensis.¹

333 1108 609 1176 (Petregq'm,
646 1108 738 1160 ein
769 1107 978 1160 zweiter
1013 1107 1245 1170 Mutian,
1296 1108 1434 1160 hcine
1479 1107 1755 1174 myemliok
1802 1109 1963 1161 selber
2001 1109 2085 1162 die
2128 1111 2265 1163 Rode
2312 1111 2574 1165 sekrmzm

331 1178 516 1241 sollen,
553 1178 676 1230 aber
709 1177 782 1229 M.
819 1177 913 1230 hat
945 1177 1024 1230 sie
1058 1194 1159 1230 aus
1209 1176 1597 1312 Freugfflssff
1636 1177 1731 1244 fur
1775 1177 1873 1230 ilm
1914 1179 2029 1231 und
2070 1178 2338 1232 Hallensis
2390 1197 2573 1250 amyc-

479 1342 580 1392 Ad
613 1341 974 1393 Hallensem
1007 1341 1333 1393 officialem
1368 1343 1897 1402 officiosissimum,
1930 1343 2100 1393 fideli
2136 1343 2459 1396 colendum

1047 1411 1484 1462 benevolentia
1517 1413 1606 1462 M.
1642 1411 1861 1462 Ruqu.

439 1565 442 1570 .
544 1504 636 1569 S:
697 1504 780 1568 Et
841 1503 1089 1587 Petrejo
1157 1527 1390 1569 morem
1459 1527 1669 1588 gerere
1724 1509 1787 1569 et
1840 1505 1959 1570 tibi
2006 1507 2081 1570 de
2135 1527 2273 1570 meo
2335 1506 2569 1590 scripto

339 1590 681 1674 gratificari
728 1590 915 1655 volui.
1005 1591 1220 1654 Essem
1279 1592 1463 1674 plane
1523 1591 1816 1670 inciviliS,
1864 1593 1916 1655 si
1961 1597 2089 1656 tam
2154 1593 2376 1666 docti8‚
2438 1599 2567 1657 tam

339 1679 573 1760 probiS,
645 1677 805 1742 addo
877 1677 1066 1740 etiam
1135 1679 1335 1741 nostri
1381 1679 1745 1741 amantibus
1792 1683 1855 1740 et
1899 1677 2289 1742 familiariter
2354 1684 2571 1762 postu-

337 1764 642 1839 lantibuS,
691 1763 858 1845 quod
905 1768 1001 1827 est
1045 1785 1314 1845 aequum
1361 1769 1426 1826 et
1469 1763 1903 1842 honorificum,
1952 1759 2191 1829 diutius
2227 1767 2571 1830 reluctatus

340 1851 734 1931 denegarem.
825 1850 940 1912 Est
983 1847 1269 1912 Mutiano
1329 1851 1605 1912 solemne
1649 1850 1779 1913 suis
1824 1850 2139 1931 opitulari,
2188 1873 2568 1932 quamquam

343 1933 568 1999 alienis
612 1934 800 1998 nimis
844 1939 1133 1998 austerus
1180 1940 1243 1998 et
1289 1935 1563 1998 difficilis
1609 1957 1743 1998 esse
1790 1937 2017 1998 videar.
2110 1936 2340 2018 Legavi
2383 1942 2447 2000 te
2492 1937 2570 2000 ad

343 2021 682 2104 Petrejum‚
730 2021 839 2100 qui
883 2025 998 2092 est,
1045 2021 1210 2084 utin
1247 2021 1586 2085 Pandectis
1628 2021 1977 2085 Justiniani
2029 2024 2284 2086 Aemilio
2312 2034 2339 2062 ⁸
2384 2023 2571 2104 Papi-

339 2108 532 2170 niano
604 2105 924 2182 tribuit-ur,
997 2106 1092 2168 vir
1165 2108 1398 2171 excelsi
1462 2108 1701 2188 ingenii
1774 2111 1839 2170 et
1912 2108 1975 2170 in
2040 2109 2212 2172 omni
2279 2109 2571 2190 politiore

343 2193 631 2256 doctrina
676 2191 1080 2255 cultissimus
1175 2195 1258 2256 At
1301 2193 1433 2275 ipse
1479 2193 1713 2256 laboris
1758 2193 2039 2274 fugitans
2092 2195 2222 2258 tuis
2278 2190 2568 2276 precibus

342 2301 494 2342 suae
571 2277 917 2342 voluntatis
991 2281 1490 2360 praerogativam
1580 2279 1895 2362 adjunxit,
1970 2282 2153 2361 quasi
2229 2301 2371 2344 vero
2446 2302 2571 2344 non

341 2365 607 2428 haberes
666 2363 928 2427 alterum
976 2365 1040 2426 in
1090 2385 1160 2427 eo
1215 2363 1593 2428 Mutianum.
1682 2365 2038 2428 Alexander
2108 2365 2277 2429 Darii
2344 2367 2567 2430 castris

340 2452 585 2535 potitus
631 2472 807 2514 suam
854 2450 1118 2531 gloriam
1169 2472 1310 2513 cum
1356 2450 1777 2533 Ephaestione
1824 2452 2119 2533 quodam,
2164 2454 2393 2517 comite
2436 2474 2571 2532 suc,

343 2539 616 2621 partitus
683 2540 796 2599 est.
883 2536 1047 2599 Nam
1114 2536 1286 2600 Darii
1351 2541 1550 2601 mater
1593 2542 1665 2601 ut
1710 2536 2200 2621 Ephaestionem
2268 2543 2569 2621 tanquam

341 2623 770 2687 Alexandrum
825 2621 1250 2697 sulutavisset,
1309 2644 1374 2685 re
1431 2627 1644 2689 autem
1697 2624 2099 2707 postmodum
2157 2626 2404 2708 (erroris
2460 2626 2567 2689 ad-

343 2707 607 2791 monita)
655 2708 746 2773 sic
787 2712 860 2771 ut
903 2712 1040 2771 erat
1081 2708 1421 2787 intellecta,
1467 2731 1609 2773 cum
1654 2710 2041 2791 trepidanter
2098 2712 2567 2776 excusationem

345 2796 532 2859 affere
578 2798 928 2874 conaretur,
975 2793 1310 2858 subridens
1354 2794 1711 2859 Alexander
1754 2796 1991 2877 inquit:
2060 2794 2285 2877 „Nihil‚
2330 2797 2573 2875 mulier,

349 2881 643 2965 peccasti,
717 2901 861 2943 nam
939 2884 1003 2941 et
1074 2880 1178 2943 hic
1255 2880 1604 2946 Alexander
1692 2880 1843 2944 est.“
1964 2880 2198 2947 Eodem
2288 2883 2572 2965 exemplo

343 2966 654 3049 Petrejum
701 2964 897 3029 habes
960 2969 1264 3049 tanquam
1321 2968 1587 3031 alterum
1654 2964 2029 3043 Mutiauum‚
2078 2968 2114 3031 i.
2166 2990 2215 3032 e.
2265 2989 2378 3049 ego
2424 2974 2573 3032 tuus

345 3075 504 3131 sum,
549 3074 586 3117 o
633 3052 963 3129 HallensiS‚
1010 3057 1074 3115 et
1117 3053 1310 3133 probe
1355 3054 1502 3116 novi
1549 3057 1612 3116 te
1656 3057 1909 3117 nostrae
1954 3052 2161 3117 favere
2194 3052 2572 3135 Tranquilli-

344 3136 482 3216 tati,
543 3139 798 3203 tametsi
843 3137 1155 3202 a'forensi
1203 3138 1431 3220 jurgio,
1488 3140 1553 3201 in
1612 3159 1735 3219 quo
1781 3144 1852 3203 tu
1899 3162 2127 3221 magna
2193 3161 2331 3203 cum
2387 3140 2571 3204 laude

343 3226 480 3309 pari
523 3225 834 3289 industria
879 3225 1164 3299 versariS‚
1211 3224 1507 3288 abhorrui
1548 3246 1789 3307 semper
1836 3230 1899 3289 et
1944 3248 2113 3289 nunc
2143 3227 2397 3289 omnino
2430 3248 2571 3289 sum

343 3312 607 3375 alienus.
699 3310 876 3387 Quod
920 3334 1002 3375 an
1046 3310 1166 3374 tibi
1210 3310 1528 3393 probetur,
1597 3310 1827 3374 nescio.
1916 3311 2070 3374 Mihi
2139 3314 2301 3374 certe
2368 3312 2574 3393 placet

344 3397 524 3480 quies
566 3418 708 3460 cum
753 3397 1082 3479 dignitate,
1131 3399 1194 3459 et
1239 3397 1589 3460 verecunda
1631 3396 1951 3477 cogitatio,
2000 3418 2161 3478 quae
2205 3396 2347 3460 lites
2400 3398 2571 3461 dete-

345 3487 570 3561 statur,
612 3503 754 3619 1130ιί1
773 3487 870 3618 eff
899 3482 1333 3619 {igfferandffi
1365 3486 1439 3547 ut
1470 3482 1734 3547 tradidit
1764 3482 2070 3565 Ulpianus
2100 3486 2329 3547 noster.
2404 3482 2571 3548 Vale.

757 3606 768 3618 .
844 3582 900 3619 ῙὈ
923 3608 933 3621 .
1075 3606 1086 3617 .

345 3702 573 3773 (cotha)
1380 3663 1521 3750 272.
2112 3702 2193 3755 22.
2233 3701 2343 3755 Juli
2378 3701 2570 3771 (1513).

1087 3796 1373 3867 Mutian
1417 3818 1514 3867 an
1560 3796 1833 3866 Urban.

345 3907 753 3977 (Versicheruny
787 3908 959 3961 &einer
1006 3908 1425 3976 Aufriehtiqkeit.
1511 3908 1764 3962 Verdaeht
1800 3924 1957 3977 yeyem
2000 3906 2305 3970 Musardm,
2350 3906 2441 3958 der
2482 3923 2574 3959 am

343 3978 422 4029 21.
459 3978 594 4044 Auq.
629 3978 744 4029 sein
787 3977 946 4045 Opfer
979 3978 1296 4045 darbriozqcn
1344 3978 1468 4031 will.
1541 3979 1761 4031 Schenlct
1794 3996 1869 4031 an
1902 3977 2161 4030 Reuehlin
2202 3975 2316 4027 eine
2362 3975 2572 4027 Mit'nze.

823 4047 1055 4113 Petrejus
1089 4048 1187 4099 soll
1215 4047 1508 4114 yleichfalls
1544 4064 1618 4099 an
1652 4048 1749 4099 ihu
1782 4046 2081 4110 schreiben.)

1082 4145 1163 4194 H.
1199 4145 1452 4195 Urbano
1487 4146 1575 4195 M.
1610 4144 1830 4195 Rufus,

545 4236 609 4301 S.
685 4237 919 4321 Adjuro
951 4244 1016 4303 te
1048 4258 1155 4321 per
1184 4238 1418 4319 Musae,
1455 4243 1528 4304 ut
1559 4261 1723 4322 quae
1756 4237 1995 4319 scripsi,
2029 4258 2188 4318 quae
2219 4236 2571 4312 scribimus,

479 4387 506 4415 ⁸
533 4374 757 4442 Amylio.

487 4446 502 4475 ¹
541 4443 708 4512 Georg
743 4444 994 4514 Osmund,
1032 4444 1247 4500 Offizial.
1318 4444 1368 4497 S.
1407 4460 1512 4497 vor.
1550 4443 1635 4497 ΒΥ.
