3084 4895
787 402 999 455 Mutian
1035 415 1105 453 an
1143 400 1212 454 Η.
1253 397 1550 467 Eberbach.
1623 399 1835 453 Mutian
1874 414 1942 451 an
1978 397 2179 453 Urban.
2504 398 2632 465 575

358 572 527 657 quod
595 572 908 651 desidem,
981 576 1046 636 et
1111 571 1406 653 protinus
1473 570 1745 636 fideliter
1810 570 2150 634 remittam.
2252 568 2627 635 Subsidium

353 681 483 723 non
519 660 684 723 desit
729 662 844 721 tuo
891 658 1088 721 fratri.
1183 657 1565 723 SubveniaS.
1661 656 1831 719 Bene
1878 677 2148 737 sperare,
2193 656 2363 719 bono
2410 656 2625 719 animo

355 766 494 807 esse
557 745 786 825 jubeas
833 743 931 807 vel
979 745 1058 807 ad
1106 744 1378 807 reditum
1448 742 1750 806 hortare.'
1844 741 2031 804 Vivat
2094 746 2159 803 et
2217 763 2357 803 cum
2421 740 2625 803 salute

355 832 658 894 reveniat.
751 828 920 892 Vale.

665 928 789 983 Cod.
829 927 962 982 Frcf.
999 928 1116 980 499.

358 1114 597 1185 (eutha.)
1092 1112 1098 1117 ·
1425 1098 1569 1162 512.
2284 1116 2415 1184 (Juu
2457 1114 2628 1184 1515.)

1115 1223 1409 1293 Mutian
1453 1243 1555 1293 an
1596 1222 1876 1293 Urban.

362 1352 717 1419 (Besehwerde
749 1352 885 1405 iiber
918 1352 1018 1405 den
1061 1352 1290 1405 Gothaer
1305 1352 1363 1404 F
1416 1351 1474 1415 el,
1494 1352 1587 1403 der
1603 1350 1851 1405 Mutians
1868 1351 2107 1414 Richter,
2144 1353 2328 1405 seiraen
2361 1353 2628 1415 Ναοὴόαν,

358 1438 459 1473 um
493 1420 584 1473 ein
624 1421 786 1474 Stricta
835 1420 995 1473 Land
1039 1422 1296 1473 verkt‘o'rxt.
1441 1436 1534 1487 aye
1575 1420 1705 1471 iiber
1748 1420 1835 1473 die
1890 1420 2366 1488 Weitlc’iufiqlceiten
2413 1422 2497 1475 bei
2542 1422 2635 1473 der

359 1488 663 1609 Bestelluffl
698 1488 1000 1559 Nepotiane
1036 1490 1120 1542 als
1154 1489 1324 1543 seinos
1359 1488 1869 1557 Bevollmdchtiyten,
1905 1489 2062 1541 sowie
2094 1490 2221 1543 iiber
2268 1490 2489 1553 Voltxke,
2508 1490 2635 1543 dass

494 1574 552 1609 er
645 1558 843 1611 utiam
877 1558 941 1610 in
971 1563 1152 1626 yutem
1185 1558 1382 1611 Latein
1410 1556 1807 1625 yesckrz'ebenen
1858 1558 2084 1611 Otmsem
2119 1559 2496 1625 anter-Melet.)

1115 1671 1198 1723 H.
1234 1671 1492 1721 ‘Urbano
1528 1672 1619 1721 M.
1655 1669 1878 1721 Rufus.

571 1779 634 1844 S.
728 1780 821 1845 De
867 1781 1107 1865 quibus
1137 1780 1481 1846 Hessiacus
1511 1784 1884 1863 procurator
1916 1780 2120 1845 meus²
2156 1781 2398 1855 scribit,
2441 1780 2633 1863 Fogel

361 1870 427 1931 et
479 1864 802 1947 Stoltzing
847 1889 928 1931 an
979 1867 1161 1932 albae
1203 1869 1334 1933 sint
1368 1890 1448 1931 an
1484 1875 1661 1931 atrae
1693 1868 1997 1945 volucreS,
2030 1868 2262 1931 nescio.
2340 1866 2635 1931 Alienum

359 1956 577 2016 tamen
624 1953 831 2015 visum
877 1952 955 2016 iri
1004 1974 1130 2016 non
1179 1953 1386 2027 debet,
1435 1954 1489 2016 si
1539 1954 1706 2017 tueri
1753 1974 1925 2017 meos
1971 1954 2267 2016 conabor.
2362 1953 2635 2016 Vocatus

363 2041 462 2101 est
505 2037 703 2119 Fogel
747 2038 814 2101 in
855 2037 960 2119 jus
1011 2039 1219 2101 edicto
1267 2037 1621 2120 Signiferi,⁸
1684 2038 1856 2123 quod
1921 2040 2209 2103 notarius
2278 2039 2489 2101 curiae
2550 2040 2637 2101 si-

362 2124 609 2205 gnavit.
700 2122 772 2187 Si
802 2124 1224 2201 advolaverit,
1269 2126 1534 2206 arripiat
1580 2147 1721 2188 eum
1767 2124 2195 2207 Nepotianus⁴
2245 2127 2309 2187 et
2353 2124 2638 2206 postulet

365 2208 765 2290 injuriarum,
841 2210 1016 2291 quod
1094 2210 1340 2273 seilicet
1414 2212 1694 2275 vicinum
1770 2233 1975 2287 suum,
2052 2232 2259 2273 meum
2330 2208 2631 2286 villicum,

363 2300 584 2359 oneret
629 2296 694 2357 et
735 2301 984 2377 partem
1039 2295 1228 2359 villae
1267 2295 1484 2359 trahat
1527 2298 1593 2359 in
1643 2318 1759 2359 sua
1806 2300 2026 2377 saepta
2082 2317 2243 2359 ausu
2304 2295 2637 2358 temerario

363 2381 582 2464 sicque
626 2401 758 2443 rem
804 2402 1010 2443 meam
1073 2380 1298 2445 reddat
1345 2382 1737 2445 deteriorem.
1828 2381 1926 2445 Ita
1972 2381 2172 2464 primo
2219 2381 2440 2444 statim
2487 2401 2640 2443 con-

366 2488 610 2549 gressu,
658 2467 711 2529 si
759 2467 946 2530 modo
1012 2469 1278 2546 venerit,
1325 2468 1497 2550 quod
1554 2467 1843 2552 equidem
1909 2488 2034 2530 non
2100 2466 2307 2545 cred0,
2361 2467 2440 2529 lis
2498 2470 2640 2530 tota

366 2552 857 2618 disturbabitur.
949 2551 1201 2634 Pauper
1245 2555 1414 2617 enim
1461 2575 1752 2634 paganus
1798 2574 1929 2617 non
1976 2556 2188 2635 potest
2246 2551 2637 2634 impendium

363 2637 499 2702 litis
545 2637 916 2720 persolvere.
1018 2637 1340 2702 Mitterem
1379 2638 1715 2702 formulam
1746 2638 2126 2722 Nepotiane,
2161 2660 2290 2720 qua
2320 2660 2387 2701 se
2417 2638 2639 2702 datum

368 2745 506 2788 esse
574 2726 1050 2805 procuratorem
1116 2724 1364 2800 doceat,
1432 2724 1558 2788 nisi
1602 2725 1891 2788 notarius
1938 2725 2073 2806 (qui
2119 2724 2359 2788 scribat
2432 2745 2638 2806 „anno

370 2830 586 2872 mense
629 2809 732 2872 die
775 2807 882 2872 rel.
929 2807 994 2871 in·
1041 2809 1401 2890 praesentia
1446 2810 1570 2874 mei
1616 2810 1850 2873 notarii
1884 2815 1947 2874 et
1979 2811 2241 2874 testium
2273 2807 2641 2892 infrascrip-

367 2899 580 2957 torum
627 2893 798 2972 fecit,
849 2894 1206 2972 constituit,
1273 2896 1528 2970 creavit,
1592 2893 1956 2960 ordinavit“
2010 2896 2119 2958 rel.
2168 2900 2233 2959 et
2276 2895 2639 2960 istiusmodi

369 3001 576 3060 nugas
631 2979 796 3042 male
850 2978 1180 3060 digestas),
1242 2980 1714 3044 desideraretur
1774 2981 1877 3043 hic
1924 3004 1962 3044 a
2008 2981 2211 3044 nobis
2304 2981 2641 3045 Enimvero

373 3087 516 3129 cum
564 3064 692 3128 alia
735 3066 841 3127 via
885 3066 1258 3128 nominandi
1305 3066 1733 3148 procuratoris
1798 3069 2037 3147 pateat,
2106 3067 2297 3130 miror
2366 3066 2642 3129 maxime

376 3151 534 3214 adeo
601 3150 835 3213 bardos
881 3171 1019 3213 esse
1057 3150 1480 3232 jurisperitOS,
1527 3156 1598 3214 ut
1646 3172 1831 3214 nemo
1877 3151 1963 3214 sit
2012 3151 2220 3230 hodie,
2266 3151 2377 3233 qui
2420 3153 2640 3215 tritam

372 3233 646 3300 orbitam
695 3236 964 3298 deserat.
1062 3236 1197 3317 Ego
1244 3240 1492 3318 praeter
1523 3237 1682 3299 alias
1715 3236 1873 3299 duas
1906 3236 2095 3300 hasce
2127 3237 2306 3300 novi:
2354 3236 2640 3314 alteram,

373 3323 427 3385 si
488 3322 826 3384 scriberem
896 3322 1208 3384 universis
1280 3322 1575 3397 salutem,
1644 3321 1930 3398 alteram,
1990 3321 2044 3384 si
2098 3321 2298 3403 judici
2365 3324 2641 3400 tantum,

377 3407 614 3471 addit-is
698 3406 1070 3470 solennibus
1157 3408 1448 3471 articulis
1523 3408 1601 3472 de
1676 3408 2096 3472 satisdatione
2186 3406 2639 3490 hypothecaria

379 3493 585 3574 deque
629 3492 926 3556 cautione
972 3492 1214 3556 usitata
1261 3514 1401 3556 cum
1451 3497 1605 3556 noto
1654 3493 1869 3574 aliquo
1916 3492 2125 3574 sigillo
2184 3494 2319 3555 sive
2376 3498 2639 3555 senatus

375 3579 510 3642 sive
541 3577 793 3658 collegii
838 3577 1270 3641 sacerdotalis,
1361 3577 1486 3642 Sed
1519 3599 1629 3660 per
1661 3577 1845 3642 deum
1880 3578 2320 3654 immortalem,
2354 3578 2641 3641 ridentur

379 3663 612 3736 eruditi
646 3663 727 3726 ab
760 3662 1080 3726 illiteratis
1122 3663 1478 3728 causidicis
1572 3663 1735 3739 Quid
1771 3662 2003 3728 Uulsco
2036 3664 2212 3726 venit
2243 3664 2308 3725 in
2343 3667 2643 3740 mentem,

378 3753 451 3812 ut
519 3749 875 3830 supprimat
941 3749 1420 3814 consensionem
1490 3772 1528 3812 a
1598 3771 1697 3812 me
1766 3747 2146 3830 scriptamP⁵
2266 3748 2335 3811 Si
2403 3769 2640 3812 sannas

379 3835 611 3898 metuit
679 3835 1077 3913 vicariorum,
1147 3833 1276 3898 fero
1339 3855 1466 3898 non
1528 3855 1747 3916 aegre3
1820 3834 1919 3897 sin
1984 3839 2197 3896 autem
2266 3835 2638 3912 contemnit,

525 4055 540 4085 ¹
581 4053 693 4122 vgl.
731 4054 782 4108 S.
821 4055 923 4108 553
959 4056 1020 4106 A.
1056 4053 1105 4107 4.
1214 4055 1234 4086 ²
1268 4053 1330 4106 In
1367 4052 1646 4120 Homborg.
1705 4051 1823 4118 Vgl.
1862 4051 1948 4105 ΒΓ.
1988 4051 2103 4102 223.
2211 4051 2233 4082 ³
2265 4048 2637 4116 Sommerings

382 4121 434 4174 S.
477 4122 539 4174 21
581 4125 642 4174 A.
687 4124 730 4176 1.
839 4125 860 4154 ⁴
893 4122 1172 4188 Nepotian,
1211 4122 1304 4172 der
1339 4121 1709 4188 Hausgenosse
1744 4121 1969 4184 UrbanS,
2008 4121 2120 4171 sein
2156 4119 2324 4178 Neffe,
2362 4118 2643 4170 scheintin

385 4189 563 4242 Erfurt
599 4191 714 4243 sich
753 4192 872 4242 dem
911 4189 1101 4241 Beruse
1145 4189 1288 4240 eines
1325 4188 1508 4240 Scriba
1542 4189 1825 4254 gewidmet
1861 4205 1926 4240 zu
1965 4189 2152 4252 haben,
2191 4188 2257 4238 da
2294 4203 2351 4238 er
2385 4187 2501 4238 hier
2536 4187 2642 4238 und

387 4261 534 4310 sonst
581 4260 680 4310 mit
725 4257 1030 4311 notariellen
1078 4257 1388 4308 Geschaften
1443 4257 1737 4324 beauft1·agt
1790 4257 1936 4310 wird.
2079 4259 2099 4288 ⁵
2135 4256 2380 4308 Gemeint
2432 4255 2501 4306 ist
2556 4255 2641 4305 die

383 4325 713 4380 Ratihabitio
738 4327 1095 4379 consensionis
1133 4327 1188 4376 in
1223 4325 1314 4377 Nr.
1352 4325 1455 4378 492
1491 4325 1623 4376 iiber
1658 4327 1743 4378 die
1779 4326 2074 4392 Abtretung
2110 4326 2202 4376 des
2238 4324 2445 4376 Hauses
2469 4339 2534 4375 an
2559 4322 2643 4374 die

381 4393 575 4446 Vikare
612 4412 678 4448 zu
714 4396 951 4447 Gunsten
987 4395 1078 4446 des
1115 4393 1494 4446 NordhfiuserS.
1566 4393 1684 4462 Vgl.
1721 4393 1808 4446 Br.
1846 4394 1961 4446 501.
