3084 4895
882 414 1095 466 Mutian
1132 428 1199 463 an
1238 410 1424 464 Janus.
1497 410 1711 463 Mutian
1748 426 1815 462 an
1855 409 2055 465 Urban.
2471 406 2593 473 521

633 589 676 640 J
676 599 797 641 ano
831 586 1064 637 ‘Ur-bico
1098 586 1352 637 literato
1387 589 1452 637 et
1485 584 1761 637 officioso
1798 596 1909 634 suo
1945 584 2033 633 M.
2068 581 2291 634 Rufus.

522 700 612 763 ·S.
707 700 926 763 Haesit
972 699 1037 761 in
1083 697 1252 762 Urbe
1299 698 1626 780 diploma,¹
1701 697 1897 760 veluti
1963 695 2159 758 limax
2210 694 2271 756 in
2322 692 2595 756 cochlea.

339 786 622 849 Tandem
667 786 1004 867 prorepsit,
1054 783 1379 846 ratificans
1424 804 1600 864 spem
1648 783 1836 846 amici
1881 785 1945 845 et
1992 802 2227 858 eorum,
2286 779 2396 860 qui
2454 798 2598 858 pro-

339 872 653 935 curabant
695 871 902 933 fidem.
993 870 1294 932 Destinas
1339 870 1427 931 ire
1473 867 2030 949 Vuittenburgum‚
2075 866 2259 947 quasi
2292 884 2436 927 vero
2470 882 2599 924 non

345 978 544 1037 queas
619 957 767 1019 istic
838 957 903 1019 in
979 954 1185 1035 majus
1262 975 1554 1017 crescere.
1669 952 1737 1017 Si
1812 954 2072 1016 omnino
2146 950 2313 1035 apud
2390 948 2601 1011 Albim

341 1041 694 1105 Minervam
786 1040 1154 1123 vestigabiS,
1231 1039 1380 1102 nolo
1455 1040 1592 1101 sine
1668 1038 1824 1102 meis
1898 1038 2098 1102 literis
2186 1035 2602 1119 proficiscare.

339 1126 586 1189 Valeas.
677 1126 889 1189 Pridie
933 1125 1094 1189 Non.
1143 1123 1327 1194 Mart.
1376 1123 1632 1186 MDXV.

645 1225 771 1279 Ood.
807 1224 941 1279 Frcf.
977 1225 1102 1279 455.

341 1412 574 1481 (eotha.)
849 1484 851 1487 .
1395 1395 1540 1459 458.
2148 1409 2227 1461 15.
2264 1406 2414 1460 Marc.
2457 1406 2604 1458 1515.

1098 1521 1388 1592 Mutian
1431 1542 1530 1591 an
1576 1520 1853 1591 Urban.

341 1648 590 1715 (Erbittet
625 1649 712 1701 die
745 1648 1104 1716 Kaufsumme
1137 1649 1232 1717 fiir
1265 1650 1365 1702 den
1416 1650 1685 1717 Weinbery
1730 1666 1831 1702 von
1876 1648 1992 1701 dem
2040 1648 2463 1708 Kindelbn‘ieker,
2510 1645 2609 1697 das

349 1717 508 1771 Ham
541 1718 642 1770 soll
698 1716 760 1771 U.
807 1718 906 1769 den
961 1717 1196 1771 Vikaren
1245 1715 1575 1785 &herlv‘efema
1630 1719 1727 1771 ilm
1780 1717 1863 1771 bei
1914 1716 2153 1771 Nithard
2201 1714 2604 1782 entsehublv’ye‘n,

879 1786 1081 1840 Gordus
1117 1803 1194 1839 an
1220 1792 1456 1855 yrbssere
1503 1786 1745 1839 Vorsicht
1778 1785 2069 1843 erinnem.)

1096 1902 1178 1952 H.
1215 1901 1473 1952 Urbano
1509 1902 1602 1952 M.
1637 1900 1862 1952 Rufus.

545 2009 610 2074 S.
703 2010 771 2075 Si
846 2009 1403 2092 Kindepontanus²
1469 2011 1732 2093 perfecit
1794 2011 2201 2092 emptionem,
2267 2007 2455 2071 mitte
2524 2006 2606 2070 ad

340 2118 439 2158 me
501 2098 796 2179 pretium.
888 2098 1014 2160 Fac
1073 2097 1251 2160 XXX
1317 2098 1449 2161 sint
1494 2098 1670 2161 aurei
1714 2096 1939 2179 optimi
1984 2100 2050 2159 et
2095 2095 2406 2176 reliquum
2473 2092 2608 2155 vul-

343 2182 515 2264 garis
545 2183 898 2246 commatis,
963 2182 1232 2247 Domum
1260 2188 1372 2247 tuo
1398 2183 1664 2247 arbitrio
1689 2182 1870 2246 trade
1893 2177 2194 2245 vicariis.⁸
2256 2176 2607 2243 Schilonis⁸

341 2267 683 2331 maledicta
729 2269 997 2331 remitte.
1092 2266 1511 2351 Campegum⁵
1554 2269 1725 2351 juva.
1819 2268 2003 2331 Nunc
2062 2265 2349 2347 intelligo
2414 2265 2609 2328 inter-

343 2356 562 2434 ceptas
610 2376 747 2417 esse
792 2354 1009 2417 literas
1059 2376 1246 2417 meae.
1340 2354 1502 2417 Nam
1551 2355 1695 2417 misi
1742 2354 1823 2418 ad
1868 2359 1931 2417 te
1977 2374 2233 2416 manum
2284 2350 2603 2433 Campegi.

341 2439 584 2516 Quaere
615 2440 969 2504 sollicitius.
1041 2438 1426 2505 Nithardus⁶
1460 2441 1693 2505 dicitur
1726 2440 1881 2504 mihi
1912 2461 2037 2504 non
2072 2438 2297 2502 favere.
2368 2436 2607 2501 Fronto

340 2531 405 2588 et
469 2524 768 2589 Hammo⁷
838 2527 1271 2592 subornantur
1317 2549 1355 2590 a
1401 2527 1725 2590 canonicis
1795 2527 1860 2590 in
1928 2530 2217 2589 nostrum
2282 2523 2607 2586 damnum.

350 2611 575 2674 Dicas:
633 2611 937 2690 „Domine
984 2612 1359 2694 praeposite,
1406 2617 1559 2676 tuus
1592 2617 1691 2675 est
1721 2612 2067 2676 MutianuS.
2142 2609 2237 2674 Ne
2272 2608 2610 2672 credideris

347 2695 761 2760 delatoribus,
853 2697 1061 2760 Jussit
1106 2695 1424 2779 Spalatini
1464 2698 1740 2772 nomine,
1774 2702 1847 2762 ut
1876 2697 1997 2761 tibi
2032 2697 2265 2774 darem,
2297 2699 2609 2776 quantum

348 2780 639 2845 velles.“⁸
698 2781 884 2860 Nam,
909 2784 997 2846 mi
1027 2781 1302 2858 Urbane,
1329 2784 1761 2847 redimendum
1799 2783 1918 2848 erit
1949 2781 2247 2865 diploma.
2310 2780 2614 2844 Volumus

347 2889 487 2932 esse
533 2867 831 2932 liberales
877 2873 942 2932 et
987 2868 1223 2932 malum
1277 2869 1446 2932 bono
1495 2870 1763 2933 vincere.
1854 2869 1989 2951 Ego
2022 2888 2278 2950 quoque
2306 2866 2612 2950 promitto

343 2975 556 3016 meum
623 2954 1002 3036 obsequium
1069 2975 1209 3018 cum
1282 2954 1528 3036 ingenti
1596 2955 1945 3037 gratiarum
2015 2954 2286 3018 actione.
2394 2950 2611 3015 Redde

342 3039 563 3102 literas
614 3039 1030 3117 HartmannO,
1087 3040 1447 3118 Valentino,
1501 3040 1770 3118 Euritio,
1831 3039 2117 3117 Eoban0,
2172 3037 2488 3102 Nithardo
2550 3040 2614 3101 et

338 3124 509 3189 Jano
556 3123 842 3190 Urbico.⁹
933 3125 1071 3189 Non
1120 3126 1347 3207 placet,
1413 3126 1583 3206 quod
1646 3125 1931 3189 Euritius
1984 3121 2447 3188 Itinerarium¹⁰
2495 3143 2611 3204 pu-

341 3211 559 3275 blicat.
648 3209 748 3273 Me
797 3210 1061 3274 nimium
1135 3211 1357 3274 laudat
1423 3215 1490 3274 et
1554 3211 1711 3274 satis
1778 3211 2051 3274 incaute.
2144 3209 2420 3272 Omittat
2484 3209 2613 3271 ista

338 3300 755 3377 nugamenta,
802 3295 1010 3359 famae
1070 3299 1320 3360 nocent.
1411 3295 1667 3361 Stultus
1728 3296 1939 3374 homo,
2002 3295 2151 3359 dum
2214 3316 2314 3357 me
2374 3292 2613 3356 Vestali

502 3465 518 3496 ¹
554 3463 835 3530 Spalatins,
873 3465 967 3516 das
997 3463 1274 3532 jahselang
1309 3465 1553 3517 erwartet
1586 3465 1781 3518 wurde.
1838 3462 1887 3517 S.
1927 3462 2028 3515 272
2064 3463 2124 3516 A.
2164 3463 2211 3516 6.
2271 3461 2322 3516 S.
2351 3460 2451 3514 286
2477 3461 2538 3513 A.
2565 3463 2615 3514 5.

345 3531 531 3585 Urban
567 3532 778 3585 bestritt
813 3531 898 3585 die
935 3532 1231 3584 Gebiihren.
1348 3533 1368 3564 ²
1403 3532 1522 3600 Vgl.
1561 3532 1611 3586 S.
1650 3533 1750 3586 457
1788 3533 1851 3584 A.
1890 3533 1938 3586 5.
2011 3531 2165 3583 Auch
2200 3529 2373 3582 dieser
2408 3529 2616 3582 Handel

346 3599 629 3668 zerschlug
675 3601 808 3667 sich,
857 3600 958 3652 wie
998 3601 1091 3653 der
1125 3601 1225 3653 mit
1259 3599 1472 3654 Lanius.
1545 3601 1595 3654 S.
1634 3602 1735 3653 515
1771 3603 1833 3653 A.
1875 3601 1953 3652 11.
2101 3599 2121 3631 ⁸
2155 3598 2360 3651 Mutian
2412 3600 2616 3650 musste

348 3668 463 3721 also
489 3669 591 3720 den
626 3669 806 3721 Besitz
844 3669 1115 3736 ausgeben,
1156 3670 1223 3721 da
1259 3685 1316 3721 er
1348 3668 1524 3721 nichts
1560 3671 1645 3721 fiir
1680 3669 1765 3722 die
1800 3667 2093 3736 Erhaltung
2110 3668 2246 3719 thun
2262 3667 2470 3720 konnte.
2526 3666 2613 3720 ΒΓ.

344 3737 469 3790 451.
613 3738 634 3768 ⁴
667 3737 903 3790 Mutians
940 3737 1268 3790 Prokurator.
1341 3736 1392 3788 S.
1430 3737 1534 3791 502
1571 3739 1631 3791 A.
1670 3737 1718 3790 9.
1860 3738 1881 3770 ⁶
1914 3735 2152 3788 Erfurter
2186 3735 2382 3788 Scriba.
2435 3734 2485 3788 S.
2513 3734 2616 3788 210

348 3806 412 3857 A.
475 3806 520 3857 1.
662 3807 684 3837 ⁶
718 3805 956 3858 Erfurter
1009 3805 1328 3873 Prapositus.
1401 3804 1453 3858 S.
1491 3805 1597 3859 268
1631 3809 1694 3858 A.
1732 3806 1779 3858 3.
1926 3805 1944 3836 ⁷
1979 3804 2133 3857 Nach
2185 3803 2271 3857 ΒΓ.
2326 3803 2430 3856 463
2484 3804 2615 3856 zwei

346 3872 587 3925 Erfurter
639 3873 862 3926 Notarii.
933 3873 1124 3926 Fronto
1177 3874 1341 3926 sehon
1397 3874 1634 3925 erwahnt
1668 3873 1718 3927 S.
1758 3873 1858 3925 239
1897 3873 1958 3924 A.
1998 3875 2044 3924 7.
2117 3871 2169 3925 S.
2206 3872 2322 3925 290.
2359 3871 2477 3925 469.

421 3942 445 3972 ⁸
481 3938 589 3992 Far
623 3940 889 4008 Spalatins
925 3941 1150 4007 Diplom.
1214 3943 1326 3995 Vor.
1363 3940 1449 3994 Br.
1594 3943 1616 3974 ⁹
1649 3942 1758 3994 Der
1789 3941 2195 4008 vorangehende
2229 3940 2339 3993 und
2375 3939 2459 3992 die
2495 3939 2616 4008 folg.

345 4009 478 4061 funs.
625 4011 669 4042 ¹⁰
705 4009 842 4062 Ricii
904 4009 1059 4063 Cordi
1111 4010 1412 4063 Nocturnae
1469 4009 1869 4076 periclitationis
1920 4009 2339 4064 Hessiatioorum
2396 4008 2621 4062 fontium

345 4076 618 4144 Nymphis
658 4093 870 4130 sacrum
908 4094 936 4130 e
1012 4078 1260 4132 iatorium
1329 4093 1498 4131 osma.
1569 4079 1676 4130 Erf.
1718 4079 1866 4131 1515.
1938 4078 2010 4130 Es
2046 4077 2301 4131 schildert
2322 4076 2441 4129 eine
2463 4075 2621 4129 Reise

345 4147 404 4197 in
443 4145 530 4196 die
556 4144 774 4198 Heimat
810 4147 920 4199 und
994 4147 1108 4199 ioht
1143 4146 1258 4199 eine
1341 4145 1693 4216 eschreibung
1726 4147 1837 4198 und
1871 4145 2321 4213 Verherrlichung
2344 4146 2436 4197 der
2456 4144 2623 4197 Beata

345 4212 742 4280 TranquillitaS,
779 4214 834 4266 in
871 4215 965 4268 der
1000 4215 1200 4268 Cordus
1235 4231 1322 4267 am
1357 4218 1531 4268 ersten
1581 4215 1767 4268 Abend
1803 4229 1923 4267 νοτε
1960 4215 2105 4281 rach,
2144 4215 2243 4267 ein.
2316 4213 2436 4282 Vgl.
2487 4211 2624 4265 Einl.

352 4281 471 4335 Den
511 4281 864 4350 Hauptinhalt
907 4283 1070 4337 bildet
1105 4282 1189 4337 die
1225 4282 1577 4350 Schilderung
1612 4283 1757 4336 einer
1791 4283 1867 4335 im
1943 4283 2063 4336 hale
2090 4283 2194 4350 uder
2228 4281 2494 4335 Schwalm
2530 4281 2622 4334 be-

355 4351 664 4418 standenen,
704 4351 1146 4418 Wassersgefahr.
1219 4351 1492 4417 Krause,
1541 4351 1663 4406 Eur.
1704 4351 1851 4405 Cord.
1890 4351 1938 4405 S.
1979 4353 2199 4405 37-41.
2273 4350 2391 4417 Vgl.
2430 4350 2480 4402 S.
2521 4351 2619 4402 511

351 4421 419 4472 A.
455 4419 509 4470 4.
640 4409 788 4473 Uber
824 4420 924 4474 den
960 4419 1077 4474 hier
1110 4423 1288 4474 zuerst
1322 4421 1678 4490 gebrauchten
1711 4420 2012 4474 Vol-namen
2046 4419 2291 4473 Eurieius
2326 4418 2431 4487 vgl.
2470 4417 2629 4472 Cordi
