3084 4895
1235 391 1416 460 Urban
1457 389 1536 458 an'
1564 387 1822 459 Herbord.
2558 402 2638 471 77

392 581 542 647 huic
586 580 993 665 philosophia
1039 579 1312 660 prodest,
1361 577 1470 659 qui
1515 578 1877 656 remedium,
1936 599 2060 659 quo
2107 579 2587 643 fluctuationem
2615 591 2643 619 ⁸

389 669 585 732 animi
619 669 828 744 sistat,
864 688 987 730 non
1024 663 1315 729 invenit?
1402 663 1625 745 Itaque
1659 664 1761 727 diu
1796 668 1990 743 vivat,
2027 665 2290 728 multum
2339 666 2643 748 pecuniae

390 754 776 834 corradat3b
845 753 998 816 haec
1080 753 1203 814 duo
1263 751 1581 834 precanda
1636 754 1787 814 sunt
1842 752 2049 814 avaris
2095 752 2426 830 omnibus3
2495 774 2641 816 nam

389 841 572 924 copia
642 841 868 916 irritat,
937 860 1060 902 non
1127 839 1363 914 satiat,‘
1408 840 1470 899 et
1538 838 1744 919 quoad
1808 838 1988 914 vivit,
2059 838 2244 900 miser
2311 844 2426 914 est,
2494 839 2643 920 quia

392 927 660 990 avaritia
692 938 719 965 ⁸
765 926 1112 988 rectissime
1161 925 1389 986 dicitur
1435 925 1711 985 maxima
1744 923 2037 1004 egestas.¹
2090 922 2257 986 Sunt
2288 927 2393 1005 qui
2428 925 2645 987 dicant

395 1014 626 1077 malum
679 1013 986 1075 daemona
1033 1032 1318 1092 praeesse
1349 1021 1372 1048 ⁰
1421 1010 1681 1082 divitiis,
1730 1011 1960 1072 idcirco
1996 1010 2120 1091 legi
2165 1010 2227 1072 in
2261 1009 2641 1090 Evangelio:

397 1099 682 1182 „Cuncta
741 1099 955 1160 mundi
1019 1119 1213 1178 regna
1269 1096 1391 1158 tibi
1452 1092 1711 1158 dabo.“²
1801 1095 1963 1171 Quid
2010 1101 2197 1178 putas
2246 1120 2345 1161 me
2391 1098 2642 1168 sentire,

392 1209 584 1268 quum
635 1185 880 1248 videam
928 1185 1084 1246 istos
1130 1183 1494 1264 hypocritas
1529 1182 1557 1219 d
1603 1181 1770 1244 aliud
1808 1181 2013 1262 palam
2049 1183 2424 1265 praedicare,
2471 1183 2645 1246 aliud

393 1273 552 1336 clam
600 1271 911 1341 meditari,
958 1271 1084 1332 imo
1145 1269 1390 1350 publice
1458 1267 1714 1330 facere?
1804 1267 2029 1331 Nonne
2072 1275 2257 1332 taxat
2303 1292 2409 1333 eos
2438 1269 2646 1333 Juve-

394 1358 556 1422 nalis
601 1364 810 1438 satyra
857 1354 1022 1418 XIII.
1073 1356 1170 1419 his
1219 1355 1457 1417 verbis:
1513 1352 1739 1435 „Sunt,
1792 1355 1855 1416 in
1890 1354 2180 1418 fortunae
2212 1357 2322 1436 qui
2362 1355 2645 1437 lapsibus

391 1445 604 1508 omnia
675 1449 915 1526 ponant
987 1441 1068 1504 Et
1137 1441 1310 1504 nullo
1382 1443 1642 1503 credant
1707 1441 2012 1503 mundum
2081 1445 2322 1505 rectore
2389 1443 2643 1514 moveri,

393 1536 622 1594 natura
668 1529 960 1593 volvente
1008 1529 1174 1590 vices
1222 1530 1286 1589 et
1329 1527 1490 1590 lucis
1539 1533 1603 1589 et
1646 1527 1816 1604 anni,
1876 1529 2084 1609 Atque
2147 1528 2287 1592 ideo
2349 1528 2648 1613 intrepidi

396 1638 812 1698 quaecunque
870 1614 1096 1678 altaria
1140 1611 1452 1694 tangunt“
1473 1609 1534 1674 22³
1632 1611 1791 1675 Nam
1846 1611 1963 1676 nisi
2010 1614 2171 1676 male
2218 1616 2525 1678 sentirent
2570 1615 2647 1678 de

395 1703 612 1767 divina
655 1701 1073 1785 providentia,
1103 1711 1130 1738 ⁸
1177 1721 1300 1761 non
1348 1701 1440 1762 ita
1484 1699 1753 1778 turpiter
1786 1700 1976 1762 verba
2010 1722 2125 1764 sua
2156 1699 2341 1764 factis
2376 1701 2645 1765 sordidis

395 1790 811 1852 destruerent.
905 1787 1030 1850 Fac
1094 1786 1327 1860 valeas,
1398 1786 1480 1848 mi
1551 1786 1922 1848 suavissime
1990 1785 2261 1850 Urbane.
2358 1788 2525 1850 Haec
2570 1789 2649 1850 ad

393 1875 544 1938 Idus
595 1875 744 1956 Maji
791 1873 1256 1954 Gotaescripsi
1309 1871 1560 1934 MDVlI.

695 1973 831 2027 cod.
869 1973 1000 2026 Frcf.
1040 1973 1120 2027 29.

393 2144 762 2214 Georgenthal.
1470 2128 1504 2190 7
1521 2130 1542 2186 l
2457 2146 2651 2214 (1507.)

1123 2252 1377 2323 Urban
1423 2272 1520 2322 an
1566 2253 1930 2322 Her-bord.

400 2385 884 2455 (Entsehuldzssqwzy
944 2384 1167 2436 seltenen
1228 2383 1547 2438 Sehreibens.
1655 2383 1707 2436 V
1696 2383 1954 2452 erehruny
2016 2383 2259 2436 Mutians
2316 2385 2415 2436 seit
2470 2385 2657 2453 fricher

821 2454 1039 2521 Juqmzd.
1111 2454 1268 2507 Danlc
1301 2454 1396 2521 fiir
1430 2454 1530 2505 den
1566 2454 1915 2506 ‘li-bersandtm
1950 2454 2235 2522 Baptista.)

607 2568 972 2619 Herebordo
1009 2570 1351 2628 Max-ganto
1389 2575 1458 2617 ut
1495 2569 1819 2617 literarum
1856 2568 2409 2619 eruditissimarum
2446 2572 2535 2621 ita

797 2654 994 2703 omnis
1030 2652 1218 2703 officii
1253 2653 1798 2704 observantissime
1833 2654 1913 2703 H.
1950 2654 2257 2707 Urbanus.

603 2764 666 2829 S.
759 2765 937 2842 Quod
985 2765 1248 2845 angelus
1295 2764 1799 2846 Margaritorum,
1849 2766 1933 2829 mi
1984 2766 2361 2844 Hereborde‚
2407 2774 2657 2835 nostras

401 2854 712 2917 hactenus
782 2851 996 2915 literas
1064 2852 1465 2927 desideravit,
1533 2853 1707 2914 nulla
1775 2876 1909 2915 mea
1980 2854 2165 2935 culpa
2222 2853 2462 2916 factum
2512 2856 2653 2934 fuit,

405 2940 513 3001 sed
563 2940 807 3020 ingenti
857 2938 1254 3019 negotiorum
1315 2938 1740 3001 multitudine.
1850 2939 2093 3015 Quibus
2151 2940 2401 3003 interim
2460 2964 2658 3025 paene

404 3026 637 3087 obruor
682 3031 876 3105 atque
930 3026 1305 3107 praecipitor
1341 3025 1567 3086 nedum
1604 3025 1928 3101 distineor,
1962 3026 2344 3105 obstringor,
2390 3047 2654 3107 premor.

407 3112 638 3174 Part-im
693 3114 856 3174 enirn
907 3113 968 3172 in
1020 3112 1409 3192 procurando
1456 3112 1665 3173 coetui
1701 3112 1894 3174 irraso
1931 3112 2101 3174 victu
2136 3112 2658 3198 appellandisque

412 3199 536 3260 ruri
627 3196 1025 3271 nominibuS,
1114 3199 1338 3278 partim
1420 3198 1848 3279 persolvendis
1928 3200 2137 3279 pensis
2211 3199 2521 3279 religiosis
2596 3209 2681 3266 et-

410 3284 854 3350 ecclesiasticis
901 3288 1210 3365 occupato
1257 3284 1496 3365 optima
1545 3284 1666 3345 diei
1714 3306 1859 3365 pars
1906 3286 2188 3365 eripitur,
2235 3293 2306 3347 ut
2353 3288 2657 3352 subcisivi

401 3372 706 3451 temporis
764 3376 960 3451 quota
1029 3372 1233 3451 portio
1281 3391 1403 3431 non
1454 3369 1867 3449 relinquatur,
1916 3392 2101 3451 quam
2154 3371 2248 3433 vel
2297 3374 2517 3437 amicis
2564 3377 2658 3438 vel

409 3458 609 3519 literis
644 3458 1014 3537 impertiam.
1095 3456 1231 3532 Quo
1265 3456 1515 3536 quidem
1552 3456 1707 3519 nihil
1747 3457 1929 3519 nobis
1963 3464 2173 3538 potest
2206 3478 2337 3519 esse
2384 3462 2661 3525 amarius

413 3552 474 3605 et
523 3544 770 3605 acidum
820 3544 1023 3623 magis
1071 3544 1166 3605 vel
1213 3541 1546 3625 Spalatino
1595 3549 1809 3605 nostro
1856 3548 2037 3607 teste.
2134 3543 2248 3606 Cui
2296 3566 2481 3627 saepe
2514 3570 2662 3612 con-

407 3651 633 3710 queror
695 3630 904 3691 minus
967 3629 1170 3706 licere,
1250 3650 1436 3710 quarn
1501 3629 1705 3701 velim,
1775 3628 1834 3690 in
1908 3630 2269 3694 dulcissimo
2337 3630 2657 3698 Musarum

411 3717 543 3777 otio
572 3726 599 3753 ὃ
643 3717 896 3792 versari,
945 3716 1269 3795 provincia
1315 3717 1412 3778 me
1457 3714 1581 3777 huc
1614 3715 1759 3777 illuc
1796 3715 2104 3779 trahente.
2201 3716 2354 3780 Nam
2394 3721 2662 3785 libenter

411 3800 690 3864 Senecae
735 3801 1066 3864 subscribo
1114 3801 1488 3883 philosopho
1546 3803 1947 3865 sanctissimo
2017 3804 2337 3881 scribenti,
2406 3809 2604 3871 otium
2636 3820 2664 3847 θ’

412 3889 550 3949 sine
614 3889 815 3951 literis
877 3894 1138 3951 mortem
1190 3912 1324 3951 esse
1372 3896 1434 3949 et
1479 3888 1606 3949 vivi
1673 3888 1943 3952 hominis
2008 3889 2447 3971 sepultu1·am.⁴
2538 3894 2659 3957 Sed

403 3975 543 4049 ohe,
593 3974 786 4051 dices,
833 3974 1104 4050 Urbane,
1154 3975 1408 4056 vulgare
1457 3980 1551 4036 est
1598 3980 1709 4037 aut
1754 3976 1953 4037 serius
2010 3982 2121 4038 aut
2153 3978 2351 4041 rarius
2385 3981 2665 4044 scriben-

412 4062 571 4123 tium
604 4072 630 4099 ὃ
676 4064 1122 4141 occupationes
1170 4071 1232 4123 et
1280 4061 1534 4141 negotia
1564 4071 1591 4098 ὃ
1652 4084 1969 4125 excusare.
2070 4062 2345 4128 Protrita
2408 4068 2659 4147 quidem

407 4153 506 4209 est
538 4148 885 4225 excusatiO,
908 4158 934 4185 ²
973 4148 1078 4209 sed
1129 4150 1284 4211 adeo
1319 4147 1448 4209 veri
1484 4154 1929 4227 consentanea,
1975 4153 2048 4211 ut
2080 4151 2200 4211 nisi
2233 4170 2367 4215 eam
2404 4154 2667 4217 comiter

547 4332 573 4359 a
602 4318 648 4370 ci
684 4322 746 4369 st.
783 4316 838 4371 ti.
913 4320 940 4357 b
969 4318 1205 4372 corrodat
1249 4316 1395 4369 Τι’-πλε.
1469 4330 1493 4356 0
1524 4332 1717 4383 presse.
1790 4321 1818 4359 d
1848 4320 2140 4386 hipocritaS.

551 4390 564 4418 ¹
605 4386 722 4439 Sen.
762 4387 839 4439 De
878 4398 1004 4441 mor.
1043 4389 1135 4439 57:
1173 4385 1343 4450 »Quae
1379 4387 1461 4439 est
1498 4386 1735 4439 maxima
1758 4394 1959 4455 egestas
1973 4390 1998 4440 ‘3
2034 4390 2311 4442 Avaritia«
2418 4392 2437 4421 '2
2473 4390 2663 4445 Matth.

403 4458 456 4523 4,
494 4458 541 4509 9.
686 4458 704 4488 ³
744 4456 801 4508 V.
838 4454 1057 4509 86-89.
1199 4458 1217 4487 ⁴
1254 4456 1346 4523 Ep.
1382 4454 1465 4521 82,
1504 4454 1550 4507 3.
