<?xml version="1.0" encoding="UTF-8"?>
<!DOCTYPE html PUBLIC "-//W3C//DTD XHTML 1.0 Transitional//EN"
    "http://www.w3.org/TR/xhtml1/DTD/xhtml1-transitional.dtd">
<html xmlns="http://www.w3.org/1999/xhtml" xml:lang="en" lang="en">
 <head>
  <title>
</title>
<meta http-equiv="Content-Type" content="text/html;charset=utf-8" />
  <meta name='ocr-system' content='tesseract 3.04.00' />
  <meta name='ocr-capabilities' content='ocr_page ocr_carea ocr_par ocr_line ocrx_word'/>
</head>
<body>
  <div class='ocr_page' id='page_1' title='image "./derbriefwechsel02kraugoog_0260.png"; bbox 0 0 3084 4895; ppageno 0'>
   <div class='ocr_carea' id='block_1_1' title="bbox 458 423 1910 492">
    <p class='ocr_par' dir='ltr' id='par_1_1' title="bbox 458 423 1910 492">
     <span class='ocr_line' id='line_1_1' title="bbox 458 423 1910 492; baseline -0.008 0"><span class='ocrx_word' id='word_1_1' title='bbox 458 425 583 492; x_wconf 81' lang='lat'>174</span> <span class='ocrx_word' id='word_1_2' title='bbox 1200 427 1376 482; x_wconf 77' lang='lat' dir='ltr'>Briefe</span> <span class='ocrx_word' id='word_1_3' title='bbox 1410 443 1514 481; x_wconf 79' lang='lat' dir='ltr'>von</span> <span class='ocrx_word' id='word_1_4' title='bbox 1554 423 1910 481; x_wconf 78' lang='lat'>1509-1511.</span> 
     </span>
    </p>
   </div>
   <div class='ocr_carea' id='block_1_2' title="bbox 389 597 2709 3833">
    <p class='ocr_par' dir='ltr' id='par_1_2' title="bbox 389 597 2709 3833">
     <span class='ocr_line' id='line_1_2' title="bbox 445 597 2709 683; baseline 0.001 -21"><span class='ocrx_word' id='word_1_5' title='bbox 445 598 714 680; x_wconf 87' lang='lat' dir='ltr'>virginis</span> <span class='ocrx_word' id='word_1_6' title='bbox 757 599 982 662; x_wconf 89' lang='lat' dir='ltr'>matris</span> <span class='ocrx_word' id='word_1_7' title='bbox 1041 599 1363 683; x_wconf 88' lang='lat' dir='ltr'>reputavit</span> <span class='ocrx_word' id='word_1_8' title='bbox 1421 620 1634 662; x_wconf 87' lang='lat' dir='ltr'>secum</span> <span class='ocrx_word' id='word_1_9' title='bbox 1696 597 2045 662; x_wconf 77' lang='lat' dir='ltr'><strong>utilitatem</strong></span> <span class='ocrx_word' id='word_1_10' title='bbox 2112 599 2406 665; x_wconf 85' lang='lat' dir='ltr'>coelestis</span> <span class='ocrx_word' id='word_1_11' title='bbox 2450 603 2517 663; x_wconf 89' lang='lat' dir='ltr'>et</span> <span class='ocrx_word' id='word_1_12' title='bbox 2558 600 2709 682; x_wconf 89' lang='lat' dir='ltr'>piae</span> 
     </span>
     <span class='ocr_line' id='line_1_3' title="bbox 439 683 2705 766; baseline 0.001 -21"><span class='ocrx_word' id='word_1_13' title='bbox 439 683 908 766; x_wconf 89' lang='lat' dir='ltr'>philosophiae;</span> <span class='ocrx_word' id='word_1_14' title='bbox 969 685 1031 747; x_wconf 90' lang='lat' dir='ltr'>in</span> <span class='ocrx_word' id='word_1_15' title='bbox 1081 705 1208 764; x_wconf 89' lang='lat' dir='ltr'>qua</span> <span class='ocrx_word' id='word_1_16' title='bbox 1264 706 1566 766; x_wconf 85' lang='lat' dir='ltr'>praesens</span> <span class='ocrx_word' id='word_1_17' title='bbox 1624 688 1777 747; x_wconf 78' lang='lat' dir='ltr'>est·</span> <span class='ocrx_word' id='word_1_18' title='bbox 1823 685 2156 758; x_wconf 82' lang='lat' dir='ltr'>medicina,</span> <span class='ocrx_word' id='word_1_19' title='bbox 2220 685 2347 748; x_wconf 91' lang='lat' dir='ltr'>imo</span> <span class='ocrx_word' id='word_1_20' title='bbox 2408 705 2705 765; x_wconf 86' lang='lat' dir='ltr'>praesen-</span> 
     </span>
     <span class='ocr_line' id='line_1_4' title="bbox 439 769 2701 844; baseline 0.001 -13"><span class='ocrx_word' id='word_1_21' title='bbox 439 770 710 844; x_wconf 89' lang='lat' dir='ltr'>tissima,</span> <span class='ocrx_word' id='word_1_22' title='bbox 745 770 991 831; x_wconf 87' lang='lat' dir='ltr'>cunctis</span> <span class='ocrx_word' id='word_1_23' title='bbox 1037 770 1229 832; x_wconf 89' lang='lat' dir='ltr'>animi</span> <span class='ocrx_word' id='word_1_24' title='bbox 1281 771 1478 832; x_wconf 80' lang='lat' dir='ltr'>nostri</span> <span class='ocrx_word' id='word_1_25' title='bbox 1508 771 1537 809; x_wconf 78' lang='lat'>¹²</span> <span class='ocrx_word' id='word_1_26' title='bbox 1583 769 1821 832; x_wconf 84' lang='lat' dir='ltr'>morbis</span> <span class='ocrx_word' id='word_1_27' title='bbox 1866 769 2142 832; x_wconf 88' lang='lat' dir='ltr'>remedia</span> <span class='ocrx_word' id='word_1_28' title='bbox 2184 770 2701 834; x_wconf 79' lang='lat' dir='ltr'><strong>subministrans,</strong></span> 
     </span>
     <span class='ocr_line' id='line_1_5' title="bbox 437 853 2703 936; baseline 0.001 -21"><span class='ocrx_word' id='word_1_29' title='bbox 437 853 599 916; x_wconf 88' lang='lat' dir='ltr'>Nam</span> <span class='ocrx_word' id='word_1_30' title='bbox 650 860 720 916; x_wconf 81' lang='lat' dir='ltr'>ut</span> <span class='ocrx_word' id='word_1_31' title='bbox 767 877 962 917; x_wconf 87' lang='lat' dir='ltr'>unum</span> <span class='ocrx_word' id='word_1_32' title='bbox 1022 878 1101 916; x_wconf 84' lang='lat' dir='ltr'>ex</span> <span class='ocrx_word' id='word_1_33' title='bbox 1159 855 1376 918; x_wconf 85' lang='lat' dir='ltr'>multis</span> <span class='ocrx_word' id='word_1_34' title='bbox 1432 854 1741 936; x_wconf 82' lang='lat' dir='ltr'>proferam</span> <span class='ocrx_word' id='word_1_35' title='bbox 1799 855 2232 918; x_wconf 84' lang='lat' dir='ltr'>testimonium</span> <span class='ocrx_word' id='word_1_36' title='bbox 2294 853 2483 935; x_wconf 85' lang='lat' dir='ltr'>hujus</span> <span class='ocrx_word' id='word_1_37' title='bbox 2538 856 2703 918; x_wconf 90' lang='lat' dir='ltr'>veri-</span> 
     </span>
     <span class='ocr_line' id='line_1_6' title="bbox 389 939 2704 1023; baseline 0 -21"><span class='ocrx_word' id='word_1_38' title='bbox 389 940 615 1014; x_wconf 71' lang='lat' dir='ltr'>=tatis‚</span> <span class='ocrx_word' id='word_1_39' title='bbox 683 939 817 1001; x_wconf 91' lang='lat' dir='ltr'>heri</span> <span class='ocrx_word' id='word_1_40' title='bbox 887 940 1068 1002; x_wconf 88' lang='lat' dir='ltr'>valde</span> <span class='ocrx_word' id='word_1_41' title='bbox 1137 939 1585 1004; x_wconf 84' lang='lat' dir='ltr'>stomachabar</span> <span class='ocrx_word' id='word_1_42' title='bbox 1640 946 1703 1002; x_wconf 90' lang='lat' dir='ltr'>et</span> <span class='ocrx_word' id='word_1_43' title='bbox 1749 961 1939 1023; x_wconf 88' lang='lat' dir='ltr'>supra</span> <span class='ocrx_word' id='word_1_44' title='bbox 2006 940 2261 1003; x_wconf 90' lang='lat' dir='ltr'>modum</span> <span class='ocrx_word' id='word_1_45' title='bbox 2328 961 2515 1021; x_wconf 82' lang='lat' dir='ltr'>aegre</span> <span class='ocrx_word' id='word_1_46' title='bbox 2582 941 2704 1004; x_wconf 84' lang='lat' dir='ltr'>tuli</span> 
     </span>
     <span class='ocr_line' id='line_1_7' title="bbox 439 1023 2703 1105; baseline 0.002 -20"><span class='ocrx_word' id='word_1_47' title='bbox 439 1023 724 1086; x_wconf 88' lang='lat' dir='ltr'>fraudem</span> <span class='ocrx_word' id='word_1_48' title='bbox 796 1026 1417 1088; x_wconf 85' lang='lat' dir='ltr'>testamentariorum</span> <span class='ocrx_word' id='word_1_49' title='bbox 1480 1027 1651 1088; x_wconf 85' lang='lat' dir='ltr'>senis</span> <span class='ocrx_word' id='word_1_50' title='bbox 1706 1023 2176 1101; x_wconf 88' lang='lat' dir='ltr'>Rhodomanni,</span> <span class='ocrx_word' id='word_1_51' title='bbox 2233 1047 2419 1105; x_wconf 91' lang='lat' dir='ltr'>quem</span> <span class='ocrx_word' id='word_1_52' title='bbox 2466 1026 2703 1089; x_wconf 88' lang='lat' dir='ltr'>nudius</span> 
     </span>
     <span class='ocr_line' id='line_1_8' title="bbox 441 1108 2701 1191; baseline 0.002 -20"><span class='ocrx_word' id='word_1_53' title='bbox 441 1109 672 1172; x_wconf 83' lang='lat' dir='ltr'>tertius</span> <span class='ocrx_word' id='word_1_54' title='bbox 717 1109 1042 1190; x_wconf 84' lang='lat' dir='ltr'>sepeliere.</span> <span class='ocrx_word' id='word_1_55' title='bbox 1136 1109 1490 1174; x_wconf 89' lang='lat' dir='ltr'>Habitabat</span> <span class='ocrx_word' id='word_1_56' title='bbox 1535 1132 1569 1173; x_wconf 91' lang='lat' dir='ltr'>e</span> <span class='ocrx_word' id='word_1_57' title='bbox 1614 1111 1873 1190; x_wconf 84' lang='lat' dir='ltr'>regione</span> <span class='ocrx_word' id='word_1_58' title='bbox 1918 1108 2431 1191; x_wconf 84' lang='lat' dir='ltr'>Tranquillitatis</span> <span class='ocrx_word' id='word_1_59' title='bbox 2486 1133 2701 1175; x_wconf 88' lang='lat' dir='ltr'>casam</span> 
     </span>
     <span class='ocr_line' id='line_1_9' title="bbox 438 1193 2699 1278; baseline 0.001 -22"><span class='ocrx_word' id='word_1_60' title='bbox 438 1195 782 1257; x_wconf 87' lang='lat' dir='ltr'>ruinosam.</span> <span class='ocrx_word' id='word_1_61' title='bbox 875 1193 1197 1258; x_wconf 79' lang='lat' dir='ltr'>Continuo</span> <span class='ocrx_word' id='word_1_62' title='bbox 1242 1216 1458 1276; x_wconf 81' lang='lat' dir='ltr'>preces</span> <span class='ocrx_word' id='word_1_63' title='bbox 1491 1195 1743 1258; x_wconf 89' lang='lat' dir='ltr'>divinas</span> <span class='ocrx_word' id='word_1_64' title='bbox 1774 1216 1880 1258; x_wconf 91' lang='lat' dir='ltr'>ore</span> <span class='ocrx_word' id='word_1_65' title='bbox 1911 1194 2212 1259; x_wconf 86' lang='lat' dir='ltr'>volvebat</span> <span class='ocrx_word' id='word_1_66' title='bbox 2243 1195 2699 1278; x_wconf 90' lang='lat' dir='ltr'>mussabatque</span> 
     </span>
     <span class='ocr_line' id='line_1_10' title="bbox 443 1278 2699 1362; baseline 0.002 -21"><span class='ocrx_word' id='word_1_67' title='bbox 443 1283 516 1343; x_wconf 93' lang='lat' dir='ltr'>ut</span> <span class='ocrx_word' id='word_1_68' title='bbox 561 1279 878 1361; x_wconf 82' lang='lat' dir='ltr'>perfectus</span> <span class='ocrx_word' id='word_1_69' title='bbox 925 1278 1294 1342; x_wconf 71' lang='lat' dir='ltr'>monachus</span> <span class='ocrx_word' id='word_1_70' title='bbox 1385 1280 1455 1342; x_wconf 94' lang='lat' dir='ltr'>In</span> <span class='ocrx_word' id='word_1_71' title='bbox 1502 1281 1676 1343; x_wconf 86' lang='lat' dir='ltr'>omni</span> <span class='ocrx_word' id='word_1_72' title='bbox 1724 1281 1857 1342; x_wconf 89' lang='lat' dir='ltr'>vita</span> <span class='ocrx_word' id='word_1_73' title='bbox 1888 1279 2013 1342; x_wconf 86' lang='lat' dir='ltr'>fuit</span> <span class='ocrx_word' id='word_1_74' title='bbox 2044 1281 2339 1362; x_wconf 87' lang='lat' dir='ltr'>religiosa</span> <span class='ocrx_word' id='word_1_75' title='bbox 2384 1281 2699 1345; x_wconf 82' lang='lat' dir='ltr'>munditia</span> 
     </span>
     <span class='ocr_line' id='line_1_11' title="bbox 439 1365 2698 1446; baseline 0.001 -19"><span class='ocrx_word' id='word_1_76' title='bbox 439 1365 863 1446; x_wconf 85' lang='lat' dir='ltr'>castitateque</span> <span class='ocrx_word' id='word_1_77' title='bbox 932 1365 1277 1445; x_wconf 80' lang='lat' dir='ltr'>praedituS,</span> <span class='ocrx_word' id='word_1_78' title='bbox 1348 1370 1411 1427; x_wconf 86' lang='lat' dir='ltr'>et</span> <span class='ocrx_word' id='word_1_79' title='bbox 1478 1387 1620 1428; x_wconf 90' lang='lat' dir='ltr'>cum</span> <span class='ocrx_word' id='word_1_80' title='bbox 1692 1370 1860 1428; x_wconf 86' lang='lat' dir='ltr'>esset</span> <span class='ocrx_word' id='word_1_81' title='bbox 1925 1365 2190 1428; x_wconf 85' lang='lat' dir='ltr'>cottidie</span> <span class='ocrx_word' id='word_1_82' title='bbox 2258 1367 2480 1429; x_wconf 86' lang='lat' dir='ltr'>mortis</span> <span class='ocrx_word' id='word_1_83' title='bbox 2546 1389 2698 1430; x_wconf 88' lang='lat' dir='ltr'>suae</span> 
     </span>
     <span class='ocr_line' id='line_1_12' title="bbox 441 1449 2693 1532; baseline 0 -20"><span class='ocrx_word' id='word_1_84' title='bbox 441 1471 699 1525; x_wconf 88' lang='lat' dir='ltr'>memor,</span> <span class='ocrx_word' id='word_1_85' title='bbox 773 1450 1122 1513; x_wconf 89' lang='lat' dir='ltr'>custodivit</span> <span class='ocrx_word' id='word_1_86' title='bbox 1189 1450 1481 1514; x_wconf 87' lang='lat' dir='ltr'>nonnihil</span> <span class='ocrx_word' id='word_1_87' title='bbox 1548 1452 1851 1532; x_wconf 89' lang='lat' dir='ltr'>pecuniae</span> <span class='ocrx_word' id='word_1_88' title='bbox 1911 1450 1991 1512; x_wconf 89' lang='lat' dir='ltr'>ad</span> <span class='ocrx_word' id='word_1_89' title='bbox 2051 1453 2371 1532; x_wconf 85' lang='lat' dir='ltr'>impensas</span> <span class='ocrx_word' id='word_1_90' title='bbox 2437 1449 2693 1514; x_wconf 86' lang='lat' dir='ltr'>funeris.</span> 
     </span>
     <span class='ocr_line' id='line_1_13' title="bbox 441 1533 2697 1615; baseline 0.001 -19"><span class='ocrx_word' id='word_1_91' title='bbox 441 1533 568 1597; x_wconf 87' lang='lat' dir='ltr'>Sed</span> <span class='ocrx_word' id='word_1_92' title='bbox 615 1535 766 1615; x_wconf 88' lang='lat' dir='ltr'>quid</span> <span class='ocrx_word' id='word_1_93' title='bbox 826 1555 954 1597; x_wconf 88' lang='lat' dir='ltr'>non</span> <span class='ocrx_word' id='word_1_94' title='bbox 1013 1535 1207 1598; x_wconf 86' lang='lat' dir='ltr'>audet</span> <span class='ocrx_word' id='word_1_95' title='bbox 1273 1537 1756 1598; x_wconf 82' lang='lat' dir='ltr'>testamentaria</span> <span class='ocrx_word' id='word_1_96' title='bbox 1822 1535 2038 1598; x_wconf 79' lang='lat' dir='ltr'>fraus?</span> <span class='ocrx_word' id='word_1_97' title='bbox 2126 1537 2239 1599; x_wconf 88' lang='lat' dir='ltr'>Isti</span> <span class='ocrx_word' id='word_1_98' title='bbox 2308 1535 2697 1599; x_wconf 84' lang='lat' dir='ltr'>fraudulenti</span> 
     </span>
     <span class='ocr_line' id='line_1_14' title="bbox 442 1619 2697 1702; baseline 0.001 -21"><span class='ocrx_word' id='word_1_99' title='bbox 442 1619 862 1701; x_wconf 78' lang='lat' dir='ltr'>heredipetae,</span> <span class='ocrx_word' id='word_1_100' title='bbox 941 1621 1122 1701; x_wconf 87' lang='lat' dir='ltr'>quasi</span> <span class='ocrx_word' id='word_1_101' title='bbox 1199 1619 1357 1683; x_wconf 84' lang='lat' dir='ltr'>nihil</span> <span class='ocrx_word' id='word_1_102' title='bbox 1425 1621 1767 1702; x_wconf 88' lang='lat' dir='ltr'>reliquerit,</span> <span class='ocrx_word' id='word_1_103' title='bbox 1835 1620 2094 1683; x_wconf 88' lang='lat' dir='ltr'>chorum</span> <span class='ocrx_word' id='word_1_104' title='bbox 2162 1621 2295 1683; x_wconf 91' lang='lat' dir='ltr'>suis</span> <span class='ocrx_word' id='word_1_105' title='bbox 2362 1621 2697 1702; x_wconf 89' lang='lat' dir='ltr'>stipendiis</span> 
     </span>
     <span class='ocr_line' id='line_1_15' title="bbox 441 1705 2696 1786; baseline 0.001 -20"><span class='ocrx_word' id='word_1_106' title='bbox 441 1705 839 1781; x_wconf 85' lang='lat' dir='ltr'>defraudant,</span> <span class='ocrx_word' id='word_1_107' title='bbox 909 1725 1102 1785; x_wconf 90' lang='lat' dir='ltr'>quum</span> <span class='ocrx_word' id='word_1_108' title='bbox 1172 1725 1464 1786; x_wconf 89' lang='lat' dir='ltr'>suprema</span> <span class='ocrx_word' id='word_1_109' title='bbox 1525 1706 1823 1769; x_wconf 88' lang='lat' dir='ltr'>voluntas</span> <span class='ocrx_word' id='word_1_110' title='bbox 1870 1706 1984 1768; x_wconf 91' lang='lat' dir='ltr'>viri</span> <span class='ocrx_word' id='word_1_111' title='bbox 2030 1706 2201 1768; x_wconf 89' lang='lat' dir='ltr'>senis</span> <span class='ocrx_word' id='word_1_112' title='bbox 2243 1705 2303 1767; x_wconf 92' lang='lat' dir='ltr'>X</span> <span class='ocrx_word' id='word_1_113' title='bbox 2346 1727 2571 1769; x_wconf 87' lang='lat' dir='ltr'>aureos</span> <span class='ocrx_word' id='word_1_114' title='bbox 2615 1707 2696 1769; x_wconf 88' lang='lat' dir='ltr'>ad</span> 
     </span>
     <span class='ocr_line' id='line_1_16' title="bbox 443 1789 2697 1873; baseline 0.001 -21"><span class='ocrx_word' id='word_1_115' title='bbox 443 1790 672 1852; x_wconf 82' lang='lat' dir='ltr'>solatia</span> <span class='ocrx_word' id='word_1_116' title='bbox 707 1789 852 1852; x_wconf 86' lang='lat' dir='ltr'>cleri</span> <span class='ocrx_word' id='word_1_117' title='bbox 886 1791 1122 1872; x_wconf 90' lang='lat' dir='ltr'>templo</span> <span class='ocrx_word' id='word_1_118' title='bbox 1152 1790 1475 1872; x_wconf 83' lang='lat' dir='ltr'>legaverit.</span> <span class='ocrx_word' id='word_1_119' title='bbox 1562 1790 1895 1854; x_wconf 88' lang='lat' dir='ltr'>Praeterea</span> <span class='ocrx_word' id='word_1_120' title='bbox 1926 1791 2087 1853; x_wconf 88' lang='lat' dir='ltr'>clam</span> <span class='ocrx_word' id='word_1_121' title='bbox 2120 1795 2439 1873; x_wconf 89' lang='lat' dir='ltr'>occupant</span> <span class='ocrx_word' id='word_1_122' title='bbox 2472 1791 2697 1855; x_wconf 89' lang='lat' dir='ltr'>domus</span> 
     </span>
     <span class='ocr_line' id='line_1_17' title="bbox 442 1874 2696 1957; baseline 0 -19"><span class='ocrx_word' id='word_1_123' title='bbox 442 1874 745 1938; x_wconf 89' lang='lat' dir='ltr'>utensilia</span> <span class='ocrx_word' id='word_1_124' title='bbox 791 1880 852 1937; x_wconf 87' lang='lat' dir='ltr'>et</span> <span class='ocrx_word' id='word_1_125' title='bbox 898 1877 1368 1957; x_wconf 90' lang='lat' dir='ltr'>pauperrimum</span> <span class='ocrx_word' id='word_1_126' title='bbox 1413 1875 1610 1938; x_wconf 84' lang='lat' dir='ltr'>fuisse</span> <span class='ocrx_word' id='word_1_127' title='bbox 1662 1879 2023 1939; x_wconf 79' lang='lat' dir='ltr'>causantur.</span> <span class='ocrx_word' id='word_1_128' title='bbox 2115 1875 2206 1938; x_wconf 91' lang='lat' dir='ltr'>De</span> <span class='ocrx_word' id='word_1_129' title='bbox 2265 1880 2399 1938; x_wconf 87' lang='lat' dir='ltr'>tam</span> <span class='ocrx_word' id='word_1_130' title='bbox 2460 1877 2696 1956; x_wconf 87' lang='lat' dir='ltr'>insigni</span> 
     </span>
     <span class='ocr_line' id='line_1_18' title="bbox 440 1959 2699 2042; baseline 0.001 -20"><span class='ocrx_word' id='word_1_131' title='bbox 440 1961 769 2023; x_wconf 87' lang='lat' dir='ltr'>mendacio</span> <span class='ocrx_word' id='word_1_132' title='bbox 817 1965 880 2022; x_wconf 91' lang='lat' dir='ltr'>et</span> <span class='ocrx_word' id='word_1_133' title='bbox 929 1960 1189 2041; x_wconf 89' lang='lat' dir='ltr'>perfidia</span> <span class='ocrx_word' id='word_1_134' title='bbox 1251 1961 1610 2042; x_wconf 74' lang='lat' dir='ltr'>loquebar⁶</span> <span class='ocrx_word' id='word_1_135' title='bbox 1672 1983 1813 2024; x_wconf 88' lang='lat' dir='ltr'>cum</span> <span class='ocrx_word' id='word_1_136' title='bbox 1873 1959 2096 2024; x_wconf 72' lang='lat' dir='ltr'>Paulo¹</span> <span class='ocrx_word' id='word_1_137' title='bbox 2162 1965 2445 2042; x_wconf 89' lang='lat' dir='ltr'>tempore</span> <span class='ocrx_word' id='word_1_138' title='bbox 2502 1983 2699 2025; x_wconf 87' lang='lat' dir='ltr'>cenae</span> 
     </span>
     <span class='ocr_line' id='line_1_19' title="bbox 443 2044 2696 2126; baseline 0 -18"><span class='ocrx_word' id='word_1_139' title='bbox 443 2067 568 2108; x_wconf 88' lang='lat' dir='ltr'>non</span> <span class='ocrx_word' id='word_1_140' title='bbox 619 2046 755 2108; x_wconf 89' lang='lat' dir='ltr'>sine</span> <span class='ocrx_word' id='word_1_141' title='bbox 794 2045 970 2126; x_wconf 89' lang='lat' dir='ltr'>justa</span> <span class='ocrx_word' id='word_1_142' title='bbox 1015 2046 1288 2126; x_wconf 90' lang='lat' dir='ltr'>quadam</span> <span class='ocrx_word' id='word_1_143' title='bbox 1339 2048 1780 2109; x_wconf 84' lang='lat' dir='ltr'>commotione.</span> <span class='ocrx_word' id='word_1_144' title='bbox 1872 2044 1998 2109; x_wconf 86' lang='lat' dir='ltr'>Sed</span> <span class='ocrx_word' id='word_1_145' title='bbox 2058 2067 2192 2108; x_wconf 90' lang='lat' dir='ltr'>eam</span> <span class='ocrx_word' id='word_1_146' title='bbox 2264 2045 2452 2109; x_wconf 91' lang='lat' dir='ltr'>hodie</span> <span class='ocrx_word' id='word_1_147' title='bbox 2516 2047 2696 2110; x_wconf 88' lang='lat' dir='ltr'>Psal-</span> 
     </span>
     <span class='ocr_line' id='line_1_20' title="bbox 439 2129 2699 2212; baseline 0.001 -18"><span class='ocrx_word' id='word_1_148' title='bbox 439 2153 682 2194; x_wconf 90' lang='lat' dir='ltr'>morum</span> <span class='ocrx_word' id='word_1_149' title='bbox 732 2131 1046 2193; x_wconf 84' lang='lat' dir='ltr'>medicina</span> <span class='ocrx_word' id='word_1_150' title='bbox 1091 2131 1354 2194; x_wconf 85' lang='lat' dir='ltr'>sedavit.</span> <span class='ocrx_word' id='word_1_151' title='bbox 1446 2131 1712 2194; x_wconf 78' lang='lat' dir='ltr'>Lectum</span> <span class='ocrx_word' id='word_1_152' title='bbox 1758 2151 2033 2211; x_wconf 89' lang='lat' dir='ltr'>namque</span> <span class='ocrx_word' id='word_1_153' title='bbox 2064 2135 2191 2194; x_wconf 90' lang='lat' dir='ltr'>est:</span> <span class='ocrx_word' id='word_1_154' title='bbox 2246 2129 2699 2212; x_wconf 83' lang='lat' dir='ltr'>„Thesaurisat</span> 
     </span>
     <span class='ocr_line' id='line_1_21' title="bbox 439 2214 2695 2298; baseline 0.001 -20"><span class='ocrx_word' id='word_1_155' title='bbox 439 2221 505 2278; x_wconf 89' lang='lat' dir='ltr'>et</span> <span class='ocrx_word' id='word_1_156' title='bbox 565 2218 840 2295; x_wconf 81' lang='lat' dir='ltr'>ignorat,</span> <span class='ocrx_word' id='word_1_157' title='bbox 904 2217 1005 2279; x_wconf 91' lang='lat' dir='ltr'>cui</span> <span class='ocrx_word' id='word_1_158' title='bbox 1067 2216 1483 2298; x_wconf 87' lang='lat' dir='ltr'>congregabit</span> <span class='ocrx_word' id='word_1_159' title='bbox 1546 2215 1688 2279; x_wconf 81' lang='lat' dir='ltr'>ea“:</span> <span class='ocrx_word' id='word_1_160' title='bbox 1753 2215 1921 2298; x_wconf 90' lang='lat' dir='ltr'>quod</span> <span class='ocrx_word' id='word_1_161' title='bbox 1989 2214 2277 2278; x_wconf 72' lang='lat' dir='ltr'>referre‘1</span> <span class='ocrx_word' id='word_1_162' title='bbox 2342 2220 2554 2298; x_wconf 84' lang='lat' dir='ltr'>potest</span> <span class='ocrx_word' id='word_1_163' title='bbox 2614 2218 2695 2280; x_wconf 92' lang='lat' dir='ltr'>ad</span> 
     </span>
     <span class='ocr_line' id='line_1_22' title="bbox 438 2300 2695 2382; baseline 0 -19"><span class='ocrx_word' id='word_1_164' title='bbox 438 2301 882 2364; x_wconf 88' lang='lat' dir='ltr'>Rhodomanni</span> <span class='ocrx_word' id='word_1_165' title='bbox 917 2301 1291 2364; x_wconf 87' lang='lat' dir='ltr'>custodiam.</span> <span class='ocrx_word' id='word_1_166' title='bbox 1356 2300 1511 2364; x_wconf 88' lang='lat' dir='ltr'>Tam</span> <span class='ocrx_word' id='word_1_167' title='bbox 1545 2303 1710 2364; x_wconf 89' lang='lat' dir='ltr'>enim</span> <span class='ocrx_word' id='word_1_168' title='bbox 1744 2322 2003 2382; x_wconf 88' lang='lat' dir='ltr'>rapaces</span> <span class='ocrx_word' id='word_1_169' title='bbox 2032 2304 2186 2363; x_wconf 90' lang='lat' dir='ltr'>sunt</span> <span class='ocrx_word' id='word_1_170' title='bbox 2209 2303 2695 2379; x_wconf 83' lang='lat' dir='ltr'>testamentarii,</span> 
     </span>
     <span class='ocr_line' id='line_1_23' title="bbox 441 2385 2696 2469; baseline 0 -19"><span class='ocrx_word' id='word_1_171' title='bbox 441 2391 514 2450; x_wconf 93' lang='lat' dir='ltr'>ut</span> <span class='ocrx_word' id='word_1_172' title='bbox 573 2387 707 2469; x_wconf 89' lang='lat' dir='ltr'>ipse</span> <span class='ocrx_word' id='word_1_173' title='bbox 771 2385 1033 2449; x_wconf 84' lang='lat' dir='ltr'>debeam</span> <span class='ocrx_word' id='word_1_174' title='bbox 1093 2387 1251 2451; x_wconf 87' lang='lat' dir='ltr'>mihi</span> <span class='ocrx_word' id='word_1_175' title='bbox 1313 2387 1630 2468; x_wconf 84' lang='lat' dir='ltr'>principes</span> <span class='ocrx_word' id='word_1_176' title='bbox 1690 2386 1857 2450; x_wconf 90' lang='lat' dir='ltr'>viros</span> <span class='ocrx_word' id='word_1_177' title='bbox 1902 2387 1966 2450; x_wconf 91' lang='lat' dir='ltr'>in</span> <span class='ocrx_word' id='word_1_178' title='bbox 2012 2385 2161 2450; x_wconf 82' lang='lat' dir='ltr'>fidei</span> <span class='ocrx_word' id='word_1_179' title='bbox 2228 2387 2696 2451; x_wconf 86' lang='lat' dir='ltr'>commissarios</span> 
     </span>
     <span class='ocr_line' id='line_1_24' title="bbox 445 2471 2694 2553; baseline -0 -18"><span class='ocrx_word' id='word_1_180' title='bbox 445 2472 716 2553; x_wconf 89' lang='lat' dir='ltr'>deligere</span> <span class='ocrx_word' id='word_1_181' title='bbox 779 2472 878 2533; x_wconf 83' lang='lat' dir='ltr'>vel</span> <span class='ocrx_word' id='word_1_182' title='bbox 939 2474 1153 2553; x_wconf 90' lang='lat' dir='ltr'>potius</span> <span class='ocrx_word' id='word_1_183' title='bbox 1199 2471 1357 2534; x_wconf 88' lang='lat' dir='ltr'>nihil</span> <span class='ocrx_word' id='word_1_184' title='bbox 1401 2471 1773 2553; x_wconf 89' lang='lat' dir='ltr'>relinquere.</span> <span class='ocrx_word' id='word_1_185' title='bbox 1862 2471 1922 2534; x_wconf 88' lang='lat' dir='ltr'><strong>X</strong></span> <span class='ocrx_word' id='word_1_186' title='bbox 1966 2492 2191 2535; x_wconf 88' lang='lat' dir='ltr'>aureos</span> <span class='ocrx_word' id='word_1_187' title='bbox 2250 2476 2315 2534; x_wconf 84' lang='lat' dir='ltr'>et</span> <span class='ocrx_word' id='word_1_188' title='bbox 2376 2472 2694 2549; x_wconf 88' lang='lat' dir='ltr'>utensilia,</span> 
     </span>
     <span class='ocr_line' id='line_1_25' title="bbox 441 2555 2696 2640; baseline 0 -21"><span class='ocrx_word' id='word_1_189' title='bbox 441 2580 602 2640; x_wconf 91' lang='lat' dir='ltr'>quae</span> <span class='ocrx_word' id='word_1_190' title='bbox 648 2578 886 2638; x_wconf 88' lang='lat' dir='ltr'>pauper</span> <span class='ocrx_word' id='word_1_191' title='bbox 933 2558 1147 2619; x_wconf 89' lang='lat' dir='ltr'>multis</span> <span class='ocrx_word' id='word_1_192' title='bbox 1193 2558 1378 2619; x_wconf 88' lang='lat' dir='ltr'>annis</span> <span class='ocrx_word' id='word_1_193' title='bbox 1433 2558 1693 2637; x_wconf 91' lang='lat' dir='ltr'>genium</span> <span class='ocrx_word' id='word_1_194' title='bbox 1740 2579 1925 2620; x_wconf 86' lang='lat' dir='ltr'>suum</span> <span class='ocrx_word' id='word_1_195' title='bbox 1988 2555 2371 2621; x_wconf 89' lang='lat' dir='ltr'>defraudans</span> <span class='ocrx_word' id='word_1_196' title='bbox 2437 2556 2696 2637; x_wconf 89' lang='lat' dir='ltr'>collegit</span> 
     </span>
     <span class='ocr_line' id='line_1_26' title="bbox 439 2640 2696 2724; baseline -0 -18"><span class='ocrx_word' id='word_1_197' title='bbox 439 2664 551 2724; x_wconf 92' lang='lat' dir='ltr'>pro</span> <span class='ocrx_word' id='word_1_198' title='bbox 618 2642 1010 2705; x_wconf 84' lang='lat' dir='ltr'>celebrandis</span> <span class='ocrx_word' id='word_1_199' title='bbox 1085 2642 1345 2720; x_wconf 85' lang='lat' dir='ltr'>inferiis,</span> <span class='ocrx_word' id='word_1_200' title='bbox 1415 2665 1486 2705; x_wconf 90' lang='lat' dir='ltr'>ea</span> <span class='ocrx_word' id='word_1_201' title='bbox 1555 2642 1773 2706; x_wconf 89' lang='lat' dir='ltr'>furtim</span> <span class='ocrx_word' id='word_1_202' title='bbox 1840 2642 2101 2705; x_wconf 87' lang='lat' dir='ltr'>vulturii</span> <span class='ocrx_word' id='word_1_203' title='bbox 2177 2642 2509 2723; x_wconf 86' lang='lat' dir='ltr'>dissipant.</span> <span class='ocrx_word' id='word_1_204' title='bbox 2601 2640 2696 2705; x_wconf 91' lang='lat' dir='ltr'>De</span> 
     </span>
     <span class='ocr_line' id='line_1_27' title="bbox 440 2726 2695 2809; baseline -0 -17"><span class='ocrx_word' id='word_1_205' title='bbox 440 2727 939 2791; x_wconf 78' lang='lat' dir='ltr'>testamentariis</span> <span class='ocrx_word' id='word_1_206' title='bbox 1013 2749 1159 2791; x_wconf 90' lang='lat' dir='ltr'>vero</span> <span class='ocrx_word' id='word_1_207' title='bbox 1236 2728 1520 2809; x_wconf 90' lang='lat' dir='ltr'>loquitur</span> <span class='ocrx_word' id='word_1_208' title='bbox 1585 2729 1690 2791; x_wconf 88' lang='lat' dir='ltr'>ille</span> <span class='ocrx_word' id='word_1_209' title='bbox 1753 2726 2130 2790; x_wconf 87' lang='lat' dir='ltr'>versiculus:</span> <span class='ocrx_word' id='word_1_210' title='bbox 2206 2726 2469 2809; x_wconf 88' lang='lat' dir='ltr'>„Nonne</span> <span class='ocrx_word' id='word_1_211' title='bbox 2537 2726 2695 2791; x_wconf 91' lang='lat' dir='ltr'>deus</span> 
     </span>
     <span class='ocr_line' id='line_1_28' title="bbox 439 2811 2686 2895; baseline -0 -19"><span class='ocrx_word' id='word_1_212' title='bbox 439 2814 716 2895; x_wconf 89' lang='lat' dir='ltr'>requiret</span> <span class='ocrx_word' id='word_1_213' title='bbox 779 2811 954 2874; x_wconf 77' lang='lat' dir='ltr'>ista?</span> <span class='ocrx_word' id='word_1_214' title='bbox 1021 2812 1155 2894; x_wconf 89' lang='lat' dir='ltr'>ipse</span> <span class='ocrx_word' id='word_1_215' title='bbox 1223 2814 1389 2877; x_wconf 91' lang='lat' dir='ltr'>enim</span> <span class='ocrx_word' id='word_1_216' title='bbox 1459 2816 1639 2877; x_wconf 89' lang='lat' dir='ltr'>novit</span> <span class='ocrx_word' id='word_1_217' title='bbox 1706 2812 2085 2876; x_wconf 88' lang='lat' dir='ltr'>abscondita</span> <span class='ocrx_word' id='word_1_218' title='bbox 2152 2812 2357 2875; x_wconf 88' lang='lat' dir='ltr'>cordis</span> <span class='ocrx_word' id='word_1_219' title='bbox 2425 2812 2686 2876; x_wconf 88' lang='lat' dir='ltr'>nostri.“</span> 
     </span>
     <span class='ocr_line' id='line_1_29' title="bbox 438 2896 2693 2981; baseline -0.001 -18"><span class='ocrx_word' id='word_1_220' title='bbox 438 2898 654 2963; x_wconf 88' lang='lat' dir='ltr'>Habes</span> <span class='ocrx_word' id='word_1_221' title='bbox 726 2896 1004 2961; x_wconf 90' lang='lat' dir='ltr'>remedia</span> <span class='ocrx_word' id='word_1_222' title='bbox 1079 2897 1588 2962; x_wconf 88' lang='lat' dir='ltr'>conturbationis</span> <span class='ocrx_word' id='word_1_223' title='bbox 1661 2898 2011 2961; x_wconf 88' lang='lat' dir='ltr'>hesternae.</span> <span class='ocrx_word' id='word_1_224' title='bbox 2104 2896 2277 2973; x_wconf 87' lang='lat' dir='ltr'>Quae</span> <span class='ocrx_word' id='word_1_225' title='bbox 2343 2898 2485 2961; x_wconf 93' lang='lat' dir='ltr'>ideo</span> <span class='ocrx_word' id='word_1_226' title='bbox 2549 2919 2693 2981; x_wconf 91' lang='lat' dir='ltr'>per-</span> 
     </span>
     <span class='ocr_line' id='line_1_30' title="bbox 439 2982 2689 3065; baseline -0.001 -18"><span class='ocrx_word' id='word_1_227' title='bbox 439 2983 682 3065; x_wconf 87' lang='lat' dir='ltr'>scripsi,</span> <span class='ocrx_word' id='word_1_228' title='bbox 729 2986 804 3045; x_wconf 92' lang='lat' dir='ltr'>ut</span> <span class='ocrx_word' id='word_1_229' title='bbox 847 2983 966 3045; x_wconf 86' lang='lat' dir='ltr'>sub</span> <span class='ocrx_word' id='word_1_230' title='bbox 1011 2984 1285 3064; x_wconf 87' lang='lat' dir='ltr'>exempli</span> <span class='ocrx_word' id='word_1_231' title='bbox 1331 2985 1696 3047; x_wconf 89' lang='lat' dir='ltr'>narratione</span> <span class='ocrx_word' id='word_1_232' title='bbox 1752 2990 1818 3045; x_wconf 87' lang='lat' dir='ltr'>te</span> <span class='ocrx_word' id='word_1_233' title='bbox 1875 2983 2160 3045; x_wconf 86' lang='lat' dir='ltr'>hortarer</span> <span class='ocrx_word' id='word_1_234' title='bbox 2213 2983 2296 3045; x_wconf 89' lang='lat' dir='ltr'>ad</span> <span class='ocrx_word' id='word_1_235' title='bbox 2355 2982 2689 3045; x_wconf 85' lang='lat' dir='ltr'>lectionem</span> 
     </span>
     <span class='ocr_line' id='line_1_31' title="bbox 437 3066 2689 3150; baseline -0.002 -17"><span class='ocrx_word' id='word_1_236' title='bbox 437 3068 905 3133; x_wconf 88' lang='lat' dir='ltr'>ecclesiasticae</span> <span class='ocrx_word' id='word_1_237' title='bbox 951 3067 1343 3148; x_wconf 88' lang='lat' dir='ltr'>disciplinae,</span> <span class='ocrx_word' id='word_1_238' title='bbox 1391 3090 1582 3150; x_wconf 89' lang='lat' dir='ltr'>quam</span> <span class='ocrx_word' id='word_1_239' title='bbox 1628 3069 1785 3131; x_wconf 90' lang='lat' dir='ltr'>adeo</span> <span class='ocrx_word' id='word_1_240' title='bbox 1830 3066 2049 3131; x_wconf 84' lang='lat' dir='ltr'>Picus²</span> <span class='ocrx_word' id='word_1_241' title='bbox 2094 3069 2335 3130; x_wconf 87' lang='lat' dir='ltr'>amavit</span> <span class='ocrx_word' id='word_1_242' title='bbox 2378 3071 2443 3131; x_wconf 92' lang='lat' dir='ltr'>et</span> <span class='ocrx_word' id='word_1_243' title='bbox 2474 3068 2689 3147; x_wconf 88' lang='lat' dir='ltr'>coluit,</span> 
     </span>
     <span class='ocr_line' id='line_1_32' title="bbox 437 3153 2691 3231; baseline -0.001 -12"><span class='ocrx_word' id='word_1_244' title='bbox 437 3161 512 3219; x_wconf 92' lang='lat' dir='ltr'>ut</span> <span class='ocrx_word' id='word_1_245' title='bbox 560 3157 728 3217; x_wconf 89' lang='lat' dir='ltr'>esset</span> <span class='ocrx_word' id='word_1_246' title='bbox 771 3154 937 3217; x_wconf 91' lang='lat' dir='ltr'>inter</span> <span class='ocrx_word' id='word_1_247' title='bbox 981 3153 1414 3217; x_wconf 87' lang='lat' dir='ltr'>nobilissimos</span> <span class='ocrx_word' id='word_1_248' title='bbox 1473 3154 1727 3216; x_wconf 89' lang='lat' dir='ltr'>divinus</span> <span class='ocrx_word' id='word_1_249' title='bbox 1788 3158 1997 3231; x_wconf 86' lang='lat' dir='ltr'>homo,</span> <span class='ocrx_word' id='word_1_250' title='bbox 2058 3154 2223 3215; x_wconf 89' lang='lat' dir='ltr'>inter</span> <span class='ocrx_word' id='word_1_251' title='bbox 2287 3153 2691 3216; x_wconf 87' lang='lat' dir='ltr'>doctissimos</span> 
     </span>
     <span class='ocr_line' id='line_1_33' title="bbox 437 3237 2690 3321; baseline -0.001 -17"><span class='ocrx_word' id='word_1_252' title='bbox 437 3240 671 3304; x_wconf 87' lang='lat' dir='ltr'>aetatis</span> <span class='ocrx_word' id='word_1_253' title='bbox 733 3260 884 3303; x_wconf 89' lang='lat' dir='ltr'>suae</span> <span class='ocrx_word' id='word_1_254' title='bbox 944 3260 1244 3321; x_wconf 90' lang='lat' dir='ltr'>magnum</span> <span class='ocrx_word' id='word_1_255' title='bbox 1305 3238 1698 3301; x_wconf 88' lang='lat' dir='ltr'>miraculum.</span> <span class='ocrx_word' id='word_1_256' title='bbox 1787 3238 2127 3301; x_wconf 89' lang='lat' dir='ltr'>Enarravit</span> <span class='ocrx_word' id='word_1_257' title='bbox 2194 3237 2515 3301; x_wconf 88' lang='lat' dir='ltr'>Psalmum</span> <span class='ocrx_word' id='word_1_258' title='bbox 2578 3238 2690 3301; x_wconf 90' lang='lat' dir='ltr'>XV</span> 
     </span>
     <span class='ocr_line' id='line_1_34' title="bbox 437 3321 2691 3407; baseline -0.002 -18"><span class='ocrx_word' id='word_1_259' title='bbox 437 3326 713 3389; x_wconf 88' lang='lat' dir='ltr'>Thomas</span> <span class='ocrx_word' id='word_1_260' title='bbox 759 3345 1017 3407; x_wconf 91' lang='lat' dir='ltr'>quoque</span> <span class='ocrx_word' id='word_1_261' title='bbox 1060 3321 1288 3403; x_wconf 79' lang='lat' dir='ltr'>meuS,³</span> <span class='ocrx_word' id='word_1_262' title='bbox 1321 3326 1376 3387; x_wconf 90' lang='lat' dir='ltr'>si</span> <span class='ocrx_word' id='word_1_263' title='bbox 1407 3346 1587 3387; x_wconf 90' lang='lat' dir='ltr'>meus</span> <span class='ocrx_word' id='word_1_264' title='bbox 1622 3346 1789 3386; x_wconf 91' lang='lat' dir='ltr'>nunc</span> <span class='ocrx_word' id='word_1_265' title='bbox 1820 3323 1947 3387; x_wconf 90' lang='lat' dir='ltr'>dici</span> <span class='ocrx_word' id='word_1_266' title='bbox 1978 3328 2210 3405; x_wconf 90' lang='lat' dir='ltr'>potest,</span> <span class='ocrx_word' id='word_1_267' title='bbox 2259 3324 2369 3404; x_wconf 91' lang='lat' dir='ltr'>qui</span> <span class='ocrx_word' id='word_1_268' title='bbox 2403 3328 2691 3387; x_wconf 90' lang='lat' dir='ltr'>mortuus</span> 
     </span>
     <span class='ocr_line' id='line_1_35' title="bbox 437 3408 2691 3491; baseline -0.002 -16"><span class='ocrx_word' id='word_1_269' title='bbox 437 3415 563 3491; x_wconf 85' lang='lat' dir='ltr'>est3</span> <span class='ocrx_word' id='word_1_270' title='bbox 608 3432 806 3474; x_wconf 91' lang='lat' dir='ltr'>unum</span> <span class='ocrx_word' id='word_1_271' title='bbox 853 3414 1048 3490; x_wconf 87' lang='lat' dir='ltr'>atque</span> <span class='ocrx_word' id='word_1_272' title='bbox 1093 3409 1360 3473; x_wconf 88' lang='lat' dir='ltr'>alterum</span> <span class='ocrx_word' id='word_1_273' title='bbox 1408 3408 1754 3490; x_wconf 80' lang='lat' dir='ltr'>exposuit.⁴</span> <span class='ocrx_word' id='word_1_274' title='bbox 1844 3410 2079 3473; x_wconf 89' lang='lat' dir='ltr'>Horum</span> <span class='ocrx_word' id='word_1_275' title='bbox 2124 3430 2386 3489; x_wconf 87' lang='lat' dir='ltr'>sequere</span> <span class='ocrx_word' id='word_1_276' title='bbox 2420 3410 2691 3489; x_wconf 89' lang='lat' dir='ltr'>vestigia</span> 
     </span>
     <span class='ocr_line' id='line_1_36' title="bbox 439 3493 2689 3577; baseline -0.003 -16"><span class='ocrx_word' id='word_1_277' title='bbox 439 3502 504 3562; x_wconf 92' lang='lat' dir='ltr'>et</span> <span class='ocrx_word' id='word_1_278' title='bbox 549 3496 962 3561; x_wconf 85' lang='lat' dir='ltr'>consimiliter</span> <span class='ocrx_word' id='word_1_279' title='bbox 1006 3496 1256 3577; x_wconf 89' lang='lat' dir='ltr'>attinge</span> <span class='ocrx_word' id='word_1_280' title='bbox 1301 3499 1366 3558; x_wconf 91' lang='lat' dir='ltr'>et</span> <span class='ocrx_word' id='word_1_281' title='bbox 1408 3496 1691 3577; x_wconf 83' lang='lat' dir='ltr'>perspice</span> <span class='ocrx_word' id='word_1_282' title='bbox 1736 3499 1801 3557; x_wconf 90' lang='lat' dir='ltr'>et</span> <span class='ocrx_word' id='word_1_283' title='bbox 1845 3495 2093 3575; x_wconf 86' lang='lat' dir='ltr'>explica</span> <span class='ocrx_word' id='word_1_284' title='bbox 2138 3516 2317 3557; x_wconf 89' lang='lat' dir='ltr'>sacra</span> <span class='ocrx_word' id='word_1_285' title='bbox 2364 3493 2635 3575; x_wconf 90' lang='lat' dir='ltr'>eloquia,</span> <span class='ocrx_word' id='word_1_286' title='bbox 2664 3504 2689 3532; x_wconf 77' lang='lat'><strong>⁶</strong></span> 
     </span>
     <span class='ocr_line' id='line_1_37' title="bbox 433 3579 2685 3663; baseline -0.002 -17"><span class='ocrx_word' id='word_1_287' title='bbox 433 3582 625 3663; x_wconf 86' lang='lat' dir='ltr'>nugis</span> <span class='ocrx_word' id='word_1_288' title='bbox 691 3580 1165 3663; x_wconf 89' lang='lat' dir='ltr'>proverbiorum</span> <span class='ocrx_word' id='word_1_289' title='bbox 1238 3581 1509 3643; x_wconf 90' lang='lat' dir='ltr'>omissis.</span> <span class='ocrx_word' id='word_1_290' title='bbox 1602 3579 1881 3655; x_wconf 86' lang='lat' dir='ltr'>Quarum</span> <span class='ocrx_word' id='word_1_291' title='bbox 1944 3601 2042 3641; x_wconf 86' lang='lat' dir='ltr'>me</span> <span class='ocrx_word' id='word_1_292' title='bbox 2100 3580 2297 3660; x_wconf 90' lang='lat' dir='ltr'>pudet</span> <span class='ocrx_word' id='word_1_293' title='bbox 2366 3579 2685 3660; x_wconf 89' lang='lat' dir='ltr'>pigetque,</span> 
     </span>
     <span class='ocr_line' id='line_1_38' title="bbox 440 3663 2684 3751; baseline -0.002 -20"><span class='ocrx_word' id='word_1_294' title='bbox 440 3667 692 3751; x_wconf 90' lang='lat' dir='ltr'>quoties</span> <span class='ocrx_word' id='word_1_295' title='bbox 737 3666 966 3750; x_wconf 89' lang='lat' dir='ltr'>sopitis</span> <span class='ocrx_word' id='word_1_296' title='bbox 1010 3665 1302 3729; x_wconf 88' lang='lat' dir='ltr'>sensibus</span> <span class='ocrx_word' id='word_1_297' title='bbox 1349 3666 1534 3728; x_wconf 89' lang='lat' dir='ltr'>deum</span> <span class='ocrx_word' id='word_1_298' title='bbox 1582 3665 1794 3728; x_wconf 90' lang='lat' dir='ltr'>adoro.</span> <span class='ocrx_word' id='word_1_299' title='bbox 1872 3663 2007 3744; x_wconf 90' lang='lat' dir='ltr'>Ego</span> <span class='ocrx_word' id='word_1_300' title='bbox 2041 3664 2344 3728; x_wconf 88' lang='lat' dir='ltr'>constitui</span> <span class='ocrx_word' id='word_1_301' title='bbox 2378 3664 2684 3728; x_wconf 89' lang='lat' dir='ltr'>rationem</span> 
     </span>
     <span class='ocr_line' id='line_1_39' title="bbox 436 3749 2690 3833; baseline -0.003 -16"><span class='ocrx_word' id='word_1_302' title='bbox 436 3752 791 3817; x_wconf 85' lang='lat' dir='ltr'>studiorum</span> <span class='ocrx_word' id='word_1_303' title='bbox 840 3752 1081 3833; x_wconf 89' lang='lat' dir='ltr'>ingenii</span> <span class='ocrx_word' id='word_1_304' title='bbox 1111 3755 1176 3815; x_wconf 92' lang='lat' dir='ltr'>et</span> <span class='ocrx_word' id='word_1_305' title='bbox 1205 3750 1529 3814; x_wconf 90' lang='lat' dir='ltr'>doctrinae</span> <span class='ocrx_word' id='word_1_306' title='bbox 1562 3749 1640 3812; x_wconf 88' lang='lat' dir='ltr'>ad</span> <span class='ocrx_word' id='word_1_307' title='bbox 1674 3751 1973 3831; x_wconf 85' lang='lat' dir='ltr'>pietatem</span> <span class='ocrx_word' id='word_1_308' title='bbox 2010 3750 2355 3813; x_wconf 87' lang='lat' dir='ltr'>inflectere:</span> <span class='ocrx_word' id='word_1_309' title='bbox 2407 3750 2690 3829; x_wconf 88' lang='lat' dir='ltr'>nihilque</span> 
     </span>
    </p>
   </div>
   <div class='ocr_carea' id='block_1_3' title="bbox 432 3884 842 3891">
    <p class='ocr_par' dir='ltr' id='par_1_3' title="bbox 432 3884 842 3891">
     <span class='ocr_line' id='line_1_40' title="bbox 432 3884 842 3891; baseline 0 1004"><span class='ocrx_word' id='word_1_310' title='bbox 432 3884 842 3891; x_wconf 95' lang='lat' dir='ltr'> </span> 
     </span>
    </p>
   </div>
   <div class='ocr_carea' id='block_1_4' title="bbox 575 3892 2619 4005">
    <p class='ocr_par' dir='ltr' id='par_1_4' title="bbox 575 3892 2619 4005">
     <span class='ocr_line' id='line_1_41' title="bbox 575 3892 2619 4005; baseline -0.002 -16"><span class='ocrx_word' id='word_1_311' title='bbox 575 3954 603 3981; x_wconf 71' lang='lat' dir='ltr'>a</span> <span class='ocrx_word' id='word_1_312' title='bbox 630 3940 710 3991; x_wconf 84' lang='lat' dir='ltr'>est</span> <span class='ocrx_word' id='word_1_313' title='bbox 743 3938 871 4005; x_wconf 79' lang='lat' dir='ltr'>fehlt</span> <span class='ocrx_word' id='word_1_314' title='bbox 905 3936 989 3989; x_wconf 80' lang='lat' dir='ltr'>bei</span> <span class='ocrx_word' id='word_1_315' title='bbox 1025 3934 1174 3989; x_wconf 70' lang='lat' dir='ltr'>Tem.</span> <span class='ocrx_word' id='word_1_316' title='bbox 1230 3892 1234 3901; x_wconf 31' lang='grc' dir='ltr'><strong><em>Ι</em></strong></span> <span class='ocrx_word' id='word_1_317' title='bbox 1313 3940 1342 3977; x_wconf 90' lang='lat' dir='ltr'>b</span> <span class='ocrx_word' id='word_1_318' title='bbox 1369 3935 1530 3989; x_wconf 85' lang='lat' dir='ltr'>nostri</span> <span class='ocrx_word' id='word_1_319' title='bbox 1565 3934 1692 4001; x_wconf 82' lang='lat' dir='ltr'>fehlt</span> <span class='ocrx_word' id='word_1_320' title='bbox 1726 3934 1809 3987; x_wconf 73' lang='lat' dir='ltr'>bei</span> <span class='ocrx_word' id='word_1_321' title='bbox 1845 3935 1990 3986; x_wconf 61' lang='lat' dir='ltr'>Temo.</span> <span class='ocrx_word' id='word_1_322' title='bbox 2131 3947 2155 3975; x_wconf 69' lang='grc' dir='ltr'>ο</span> <span class='ocrx_word' id='word_1_323' title='bbox 2184 3934 2434 4001; x_wconf 87' lang='lat' dir='ltr'>loquebor</span> <span class='ocrx_word' id='word_1_324' title='bbox 2472 3928 2619 3985; x_wconf 70' lang='lat' dir='ltr'>Tenx.</span> 
     </span>
    </p>
   </div>
   <div class='ocr_carea' id='block_1_5' title="bbox 439 4004 2691 4139">
    <p class='ocr_par' dir='ltr' id='par_1_5' title="bbox 439 4004 2691 4139">
     <span class='ocr_line' id='line_1_42' title="bbox 439 4004 1409 4073; baseline -0.004 -14"><span class='ocrx_word' id='word_1_325' title='bbox 439 4012 468 4050; x_wconf 81' lang='lat' dir='ltr'>d</span> <span class='ocrx_word' id='word_1_326' title='bbox 495 4007 676 4060; x_wconf 84' lang='lat' dir='ltr'>referri</span> <span class='ocrx_word' id='word_1_327' title='bbox 715 4006 864 4059; x_wconf 71' lang='lat' dir='ltr'>Tem..</span> <span class='ocrx_word' id='word_1_328' title='bbox 1005 4020 1028 4047; x_wconf 80' lang='lat' dir='ltr'>e</span> <span class='ocrx_word' id='word_1_329' title='bbox 1057 4004 1224 4073; x_wconf 82' lang='lat' dir='ltr'>elogia</span> <span class='ocrx_word' id='word_1_330' title='bbox 1261 4004 1409 4056; x_wconf 69' lang='lat' dir='ltr'>Tem.</span> 
     </span>
     <span class='ocr_line' id='line_1_43' title="bbox 578 4068 2691 4139; baseline -0.003 -11"><span class='ocrx_word' id='word_1_331' title='bbox 578 4078 596 4107; x_wconf 89' lang='lat'>¹</span> <span class='ocrx_word' id='word_1_332' title='bbox 632 4075 684 4128; x_wconf 89' lang='lat' dir='ltr'>S.</span> <span class='ocrx_word' id='word_1_333' title='bbox 722 4076 789 4127; x_wconf 80' lang='lat'>24</span> <span class='ocrx_word' id='word_1_334' title='bbox 823 4078 885 4127; x_wconf 91' lang='lat' dir='ltr'>A.</span> <span class='ocrx_word' id='word_1_335' title='bbox 908 4075 954 4128; x_wconf 89' lang='lat'>3.</span> <span class='ocrx_word' id='word_1_336' title='bbox 1063 4076 1082 4106; x_wconf 78' lang='lat'>²</span> <span class='ocrx_word' id='word_1_337' title='bbox 1119 4074 1237 4125; x_wconf 91' lang='lat' dir='ltr'>Von</span> <span class='ocrx_word' id='word_1_338' title='bbox 1254 4070 1546 4125; x_wconf 87' lang='lat' dir='ltr'>Mirandola</span> <span class='ocrx_word' id='word_1_339' title='bbox 1579 4073 1618 4139; x_wconf 90' lang='lat'>†</span> <span class='ocrx_word' id='word_1_340' title='bbox 1640 4071 1789 4133; x_wconf 85' lang='lat'>1494,</span> <span class='ocrx_word' id='word_1_341' title='bbox 1824 4070 2125 4123; x_wconf 84' lang='lat' dir='ltr'>Platoniker</span> <span class='ocrx_word' id='word_1_342' title='bbox 2154 4069 2208 4120; x_wconf 91' lang='lat' dir='ltr'>in</span> <span class='ocrx_word' id='word_1_343' title='bbox 2224 4068 2457 4135; x_wconf 83' lang='lat' dir='ltr'>Florcnz,</span> <span class='ocrx_word' id='word_1_344' title='bbox 2496 4069 2691 4121; x_wconf 87' lang='lat' dir='ltr'>zuletzt</span> 
     </span>
    </p>
   </div>
   <div class='ocr_carea' id='block_1_6' title="bbox 437 4137 2691 4481">
    <p class='ocr_par' dir='ltr' id='par_1_6' title="bbox 437 4137 2691 4481">
     <span class='ocr_line' id='line_1_44' title="bbox 437 4137 2691 4203; baseline -0.004 -7"><span class='ocrx_word' id='word_1_345' title='bbox 437 4145 686 4197; x_wconf 85' lang='lat' dir='ltr'>frommer</span> <span class='ocrx_word' id='word_1_346' title='bbox 717 4143 896 4195; x_wconf 84' lang='lat' dir='ltr'>Asket.</span> <span class='ocrx_word' id='word_1_347' title='bbox 952 4143 1120 4195; x_wconf 84' lang='lat' dir='ltr'>Unter</span> <span class='ocrx_word' id='word_1_348' title='bbox 1139 4142 1319 4194; x_wconf 88' lang='lat' dir='ltr'>seinen</span> <span class='ocrx_word' id='word_1_349' title='bbox 1339 4140 1600 4193; x_wconf 84' lang='lat' dir='ltr'>Schriften</span> <span class='ocrx_word' id='word_1_350' title='bbox 1620 4139 1846 4191; x_wconf 91' lang='lat' dir='ltr'>befindet</span> <span class='ocrx_word' id='word_1_351' title='bbox 1865 4138 1982 4190; x_wconf 88' lang='lat' dir='ltr'>sich</span> <span class='ocrx_word' id='word_1_352' title='bbox 2001 4138 2139 4190; x_wconf 86' lang='lat' dir='ltr'>auch</span> <span class='ocrx_word' id='word_1_353' title='bbox 2158 4138 2275 4189; x_wconf 89' lang='lat' dir='ltr'>eine</span> <span class='ocrx_word' id='word_1_354' title='bbox 2294 4137 2691 4203; x_wconf 77' lang='lat' dir='ltr'>Ver-besserung</span> 
     </span>
     <span class='ocr_line' id='line_1_45' title="bbox 440 4205 2691 4278; baseline -0.004 -12"><span class='ocrx_word' id='word_1_355' title='bbox 440 4214 533 4266; x_wconf 88' lang='lat' dir='ltr'>der</span> <span class='ocrx_word' id='word_1_356' title='bbox 565 4211 1163 4278; x_wconf 77' lang='lat' dir='ltr'>Psalmem&#39;ibersetzung</span> <span class='ocrx_word' id='word_1_357' title='bbox 1197 4209 1290 4260; x_wconf 89' lang='lat' dir='ltr'>der</span> <span class='ocrx_word' id='word_1_358' title='bbox 1323 4208 1665 4275; x_wconf 85' lang='lat' dir='ltr'>Septuaginta</span> <span class='ocrx_word' id='word_1_359' title='bbox 1710 4207 1869 4259; x_wconf 90' lang='lat' dir='ltr'>sowie</span> <span class='ocrx_word' id='word_1_360' title='bbox 1904 4206 2211 4273; x_wconf 81' lang='lat' dir='ltr'>HeptapluS,</span> <span class='ocrx_word' id='word_1_361' title='bbox 2248 4206 2364 4257; x_wconf 88' lang='lat' dir='ltr'>eine</span> <span class='ocrx_word' id='word_1_362' title='bbox 2399 4205 2691 4271; x_wconf 84' lang='lat' dir='ltr'>mystische</span> 
     </span>
     <span class='ocr_line' id='line_1_46' title="bbox 438 4272 2689 4347; baseline -0.004 -13"><span class='ocrx_word' id='word_1_363' title='bbox 438 4281 744 4347; x_wconf 88' lang='lat' dir='ltr'>Auslegung</span> <span class='ocrx_word' id='word_1_364' title='bbox 779 4281 872 4332; x_wconf 87' lang='lat' dir='ltr'>der</span> <span class='ocrx_word' id='word_1_365' title='bbox 907 4279 1138 4332; x_wconf 89' lang='lat' dir='ltr'>Genesis.</span> <span class='ocrx_word' id='word_1_366' title='bbox 1194 4276 1324 4329; x_wconf 90' lang='lat' dir='ltr'>Bon.</span> <span class='ocrx_word' id='word_1_367' title='bbox 1365 4277 1512 4329; x_wconf 85' lang='lat'>1496.</span> <span class='ocrx_word' id='word_1_368' title='bbox 1656 4277 1677 4306; x_wconf 74' lang='lat'>⁸</span> <span class='ocrx_word' id='word_1_369' title='bbox 1711 4274 1867 4341; x_wconf 88' lang='lat' dir='ltr'>Wolf,</span> <span class='ocrx_word' id='word_1_370' title='bbox 1918 4276 2011 4325; x_wconf 87' lang='lat' dir='ltr'>der</span> <span class='ocrx_word' id='word_1_371' title='bbox 2056 4274 2421 4339; x_wconf 74' lang='lat' dir='ltr'>Str-assburger</span> <span class='ocrx_word' id='word_1_372' title='bbox 2466 4272 2689 4337; x_wconf 87' lang='lat' dir='ltr'>Freund,</span> 
     </span>
     <span class='ocr_line' id='line_1_47' title="bbox 439 4341 2690 4417; baseline -0.005 -14"><span class='ocrx_word' id='word_1_373' title='bbox 439 4352 480 4417; x_wconf 89' lang='lat'>†</span> <span class='ocrx_word' id='word_1_374' title='bbox 515 4352 562 4402; x_wconf 85' lang='lat'>7.</span> <span class='ocrx_word' id='word_1_375' title='bbox 603 4349 718 4401; x_wconf 85' lang='lat' dir='ltr'>Okt.</span> <span class='ocrx_word' id='word_1_376' title='bbox 762 4348 893 4401; x_wconf 84' lang='lat'>1509</span> <span class='ocrx_word' id='word_1_377' title='bbox 931 4348 1042 4417; x_wconf 89' lang='lat' dir='ltr'>(Br.</span> <span class='ocrx_word' id='word_1_378' title='bbox 1060 4346 1196 4414; x_wconf 88' lang='lat'>130).</span> <span class='ocrx_word' id='word_1_379' title='bbox 1268 4346 1340 4397; x_wconf 82' lang='lat' dir='ltr'>Er</span> <span class='ocrx_word' id='word_1_380' title='bbox 1375 4345 1597 4397; x_wconf 72' lang='lat' dir='ltr'>erklarte</span> <span class='ocrx_word' id='word_1_381' title='bbox 1633 4344 1733 4396; x_wconf 88' lang='lat' dir='ltr'>den</span> <span class='ocrx_word' id='word_1_382' title='bbox 1777 4345 1853 4396; x_wconf 84' lang='lat'>15.</span> <span class='ocrx_word' id='word_1_383' title='bbox 1888 4342 2092 4395; x_wconf 83' lang='lat' dir='ltr'>Psalm:</span> <span class='ocrx_word' id='word_1_384' title='bbox 2130 4342 2369 4401; x_wconf 81' lang='lat' dir='ltr'>Domine,</span> <span class='ocrx_word' id='word_1_385' title='bbox 2398 4341 2515 4408; x_wconf 90' lang='lat' dir='ltr'>quis</span> <span class='ocrx_word' id='word_1_386' title='bbox 2538 4341 2690 4392; x_wconf 80' lang='lat' dir='ltr'>habi-</span> 
     </span>
     <span class='ocr_line' id='line_1_48' title="bbox 439 4407 2689 4481; baseline -0.004 -9"><span class='ocrx_word' id='word_1_387' title='bbox 439 4418 572 4473; x_wconf 84' lang='lat' dir='ltr'>tabit</span> <span class='ocrx_word' id='word_1_388' title='bbox 606 4418 661 4469; x_wconf 90' lang='lat' dir='ltr'>in</span> <span class='ocrx_word' id='word_1_389' title='bbox 695 4416 1030 4470; x_wconf 88' lang='lat' dir='ltr'>tabernaculo</span> <span class='ocrx_word' id='word_1_390' title='bbox 1065 4418 1172 4469; x_wconf 81' lang='lat' dir='ltr'>tuo,</span> <span class='ocrx_word' id='word_1_391' title='bbox 1225 4416 1436 4481; x_wconf 87' lang='lat' dir='ltr'>Argent.</span> <span class='ocrx_word' id='word_1_392' title='bbox 1479 4412 1626 4465; x_wconf 85' lang='lat'>1508.</span> <span class='ocrx_word' id='word_1_393' title='bbox 1736 4412 1756 4441; x_wconf 83' lang='lat'><strong>⁴</strong></span> <span class='ocrx_word' id='word_1_394' title='bbox 1788 4411 1851 4463; x_wconf 88' lang='lat' dir='ltr'>In</span> <span class='ocrx_word' id='word_1_395' title='bbox 1886 4410 2059 4464; x_wconf 85' lang='lat' dir='ltr'>seiner</span> <span class='ocrx_word' id='word_1_396' title='bbox 2092 4410 2363 4463; x_wconf 87' lang='lat' dir='ltr'>Enarratio</span> <span class='ocrx_word' id='word_1_397' title='bbox 2384 4409 2476 4462; x_wconf 89' lang='lat' dir='ltr'>des</span> <span class='ocrx_word' id='word_1_398' title='bbox 2500 4411 2577 4461; x_wconf 88' lang='lat'>15.</span> <span class='ocrx_word' id='word_1_399' title='bbox 2599 4407 2689 4463; x_wconf 82' lang='lat' dir='ltr'>Ps.</span> 
     </span>
    </p>
   </div>
  </div>
 </body>
</html>
