3084 4895
1199 399 1409 452 Mutian
1447 416 1514 452 an
1552 397 1751 452 Urban.
2461 395 2583 462 105

346 593 639 654 spargere
697 571 1008 654 lympha.“
1103 570 1225 634 Sed
1283 572 1336 634 si
1390 572 1751 654 aspersione
1805 592 2005 653 aquae
2060 569 2235 632 labes
2290 590 2584 650 corporea

346 658 611 734 tollitur,
660 656 911 721 Oceano
958 680 1117 740 opus
1162 663 1276 733 est,
1324 663 1397 721 ut
1441 659 1637 721 animi
1683 657 1896 725 sordes
1957 656 2394 732 maculemus,
2459 677 2583 737 quo

347 746 508 807 casti
554 745 763 806 animo
811 749 873 807 et
919 765 1174 826 corpore
1219 745 1519 808 obeamus
1567 745 1779 807 divina
1817 743 2130 824 mysteria.
2219 741 2586 823 Nymphaea

345 830 737 911 appellamus
785 831 1032 894 lavacra
1078 836 1140 893 et
1187 832 1275 894 ita
1320 830 1636 913 Josephus
1683 831 2148 910 interpretatur.
2223 827 2430 890 Julius
2465 827 2585 890 Ca-

344 917 649 998 pitolinus
674 916 885 980 refert:
926 918 1167 1000 „Opera
1192 917 1495 981 Gordiani
1527 917 1764 979 Romae
1795 915 1968 978 nulla
1999 917 2258 977 exstant
2284 926 2312 953 3
2347 922 2589 996 praeter

346 1003 651 1084 quaedam
716 1003 1065 1085 nymphaea
1132 1009 1195 1066 et
1253 1005 1580 1078 balneas“‚
1647 1003 1756 1066 ubi
1825 1001 2175 1083 nymphaea
2243 1001 2586 1080 accipimus

344 1111 455 1169 pro
501 1088 767 1152 lavacris
813 1095 874 1152 et
905 1088 1183 1153 thermis.
1274 1091 1427 1154 Esse
1472 1093 1682 1153 autem
1730 1093 1938 1152 aetate
1971 1091 2186 1150 nostra
2221 1086 2282 1148 in
2329 1087 2582 1168 templis

344 1175 697 1257 nymphaea
757 1177 909 1258 quis,
962 1177 1259 1256 ignorat?
1346 1175 1520 1258 Opus
1567 1181 1663 1237 est
1708 1174 1970 1238 sacratis
2019 1173 2280 1254 primum
2332 1173 2581 1235 esuriali

348 1262 744 1338 castimonia,
806 1269 879 1325 ut
934 1263 1157 1325 deinde
1218 1285 1367 1344 pure
1429 1263 1585 1326 lauti
1632 1263 1695 1324 in
1743 1260 2081 1323 sacrarium
2129 1259 2476 1321 ascendant
2521 1269 2584 1321 et

346 1348 477 1410 vita
520 1353 773 1411 aeterna
809 1349 942 1429 puti
976 1349 1260 1431 castique
1293 1349 1598 1412 fruantur.
1694 1347 1846 1410 Nam
1881 1351 1954 1408 ut
1985 1351 2203 1408 auctor
2231 1347 2259 1385 b
2305 1349 2401 1408 est
2436 1345 2584 1409 Por-

294 1489 303 1498 .
345 1433 605 1515 phyrius
650 1434 1015 1498 Platonicus
1062 1435 1221 1498 libro
1268 1435 1363 1497 IV.
1415 1436 1487 1498 de
1534 1433 1875 1510 sacrificiiS,
1938 1433 2068 1495 vita
2125 1437 2380 1495 aeterna
2437 1441 2585 1494 con'-

338 1520 583 1583 tinetur
616 1522 1036 1585 sanctimonia
1070 1527 1131 1584 et
1162 1521 1552 1585 abstinentia
1586 1521 1666 1584 ab
1703 1542 1810 1582 esu
1845 1518 2264 1582 ¹animalium)
2349 1516 2457 1599 „Si
2487 1518 2584 1580 vis

341 1607 616 1687 perfecte
682 1607 950 1682 vivere“‚
1020 1608 1431 1691 Hieronymus
1488 1609 1716 1688 inquit,
1801 1605 2060 1706 „melius
2127 1611 2222 1668 est
2295 1604 2584 1686 saginare

340 1694 619 1755 animam
668 1715 855 1774 quam
904 1715 1146 1776 corpus
1160 1693 1185 1722 “
1280 1695 1478 1758 Potus
1523 1695 1650 1756 vini
1701 1695 2030 1773 carnisque
2063 1693 2366 1756 saturitas
2399 1692 2586 1754 semi-

342 1779 590 1841 narium
638 1778 918 1843 libidinis
964 1787 1077 1844 est.
1168 1781 1389 1864 Itaque
1442 1780 1731 1863 Aegyptii
1775 1779 2131 1842 sacerdotes
2176 1784 2240 1841 et
2286 1778 2584 1841 carnibus

346 1868 412 1927 et
463 1865 607 1927 vino
652 1867 1116 1942 abstinuerunt,
1164 1869 1270 1949 qui
1318 1890 1435 1930 ova
1484 1888 1734 1948 quoque
1783 1871 1845 1928 et
1889 1866 1988 1929 lac
2030 1867 2092 1927 in
2143 1865 2300 1928 cibis
2350 1865 2585 1926 vitave-

341 1954 512 2014 runt.
602 1952 791 2015 Jam
776 1975 839 2017 1n
873 1954 1107 2034 templo
1140 1954 1471 2018 Eleusinae
1522 1952 1766 2016 Cereris
1811 1951 1968 2015 haec
2011 1952 2133 2016 tria
2177 1951 2582 2034 legebantur:

343 2037 750 2101 honorandos
798 2046 1109 2120 parente8‚
1157 2041 1548 2105 venerandos
1595 2041 1762 2116 deOS,
1812 2039 2108 2102 carnibus
2154 2059 2278 2101 non
2330 2058 2584 2100 vescen-

342 2125 511 2188 dum.
606 2124 805 2202 Plato5
862 2126 1087 2204 MoseS‚
1147 2133 1361 2191 nostra
1430 2128 1680 2190 decreta
1735 2125 2072 2208 prohibent
2117 2125 2438 2188 ministros
2485 2147 2586 2186 sa-

344 2232 590 2274 crorum
634 2213 853 2276 vinum
887 2216 949 2276 et
980 2214 1242 2278 siceram
1290 2215 1521 2290 bibere,
1571 2237 1649 2278 ne
1681 2213 1984 2276 ebrietate
2017 2216 2358 2294 graventur
2396 2211 2584 2274 corda

342 2319 577 2374 eorum,
611 2302 673 2361 et
704 2300 854 2380 quia
887 2300 1235 2364 vinolentia
1268 2301 1654 2382 prohibetur,
1688 2301 1871 2382 gulae
1902 2297 2442 2382 intemperantia⁰
2475 2321 2582 2360 ne-

342 2406 658 2468 quaquam
682 2387 1094 2468 permittitur3
1120 2395 1454 2472 utrumque
1483 2387 1733 2452 vitium0
1761 2385 2153 2469 improbatur
2177 2384 2586 2449 distinctione

338 2470 594 2535 XLIIII:
584 2472 630 2511 “1
665 2472 919 2554 „Vivere
966 2475 1041 2537 de
1074 2475 1279 2553 altari,
1313 2498 1437 2539 non
1471 2474 1775 2539 luxuriari
1809 2473 2190 2537 conceditur.
2203 2470 2263 2504 “²
2311 2472 2586 2535 Peccant

343 2558 559 2639 igitur,
606 2560 714 2641 qni
761 2562 1327 2625 comessationibus
1360 2567 1422 2627 et
1454 2562 1759 2625 ebrietate
1793 2560 2086 2623 delectati
2119 2563 2586 2641 compotatores

339 2643 620 2708 invitant
667 2648 745 2709 ad
793 2648 1142 2729 prandium.
1234 2648 1487 2713 Utinam
1534 2649 1696 2711 ritus
1744 2652 1806 2711 et
1849 2669 1984 2710 mos
2026 2645 2584 2727 hierophantarum

340 2731 549 2795 adhuc
583 2734 852 2810 duraret,
888 2734 1093 2797 sobrie
1127 2735 1361 2799 viveret
1393 2736 1596 2799 clerus
1627 2742 1690 2797 et
1724 2734 1961 2797 castius
1996 2737 2308 2797 castratus
2350 2736 2582 2813 ageret.

347 2817 678 2899 „Venter“,
720 2821 929 2901 inquit
950 2820 1367 2904 Hieronymus
1402 2826 1635 2895 noster,
1676 2825 1776 2901 „et
1807 2819 2110 2902 genitalia
2142 2819 2398 2883 sibimet
2427 2819 2586 2903 ipsis

341 2904 553 2968 vicina
599 2912 768 2982 sunt,
814 2913 887 2971 ut
918 2931 995 2969 ex
1028 2908 1353 2971 vicinitate
1388 2909 1810 2971 membrorum
1844 2905 2306 2971 confoederatio
2337 2918 2361 2947 0
2401 2905 2587 2969 intel-

341 2992 578 3074 ligatur
626 2992 976 3057 vitiorum.“
1014 2992 1079 3035 0³
1165 2994 1394 3057 Venter
1436 2995 1601 3057 enim
1652 3016 1819 3058 mero
1861 2998 2160 3057 aestuans
2191 2991 2374 3056 facile
2405 2992 2586 3055 effer-

343 3078 543 3141 vescit.
604 3084 667 3143 et
721 3080 1149 3144 inflammatur
1202 3082 1265 3143 in
1329 3081 1674 3145 libidinem.
1767 3078 2002 3143 Contra
2047 3079 2183 3143 sine
2229 3077 2477 3142 Baccho
2524 3083 2587 3141 et

341 3163 563 3227 Cerere
608 3165 797 3246 friget
840 3168 1049 3231 Venus
1094 3172 1255 3229 teste
1301 3166 1646 3230 Terenti0.⁴
1735 3166 1900 3247 Lege
1946 3165 2178 3229 librum
2222 3165 2583 3247 Hieronymi

340 3250 423 3313 ad
470 3249 837 3315 Geruntiam
897 3254 972 3316 de
1040 3254 1456 3335 monogamia.
1580 3252 2011 3335 Hier-ophanta
2069 3252 2236 3333 apud
2306 3250 2586 3313 Athenas

342 3336 547 3400 evirat
596 3340 790 3400 virum
840 3346 903 3401 et
948 3340 1039 3403 sic
1084 3346 1341 3403 aeterna
1388 3340 1716 3402 debilitate
1762 3339 2111 3401 fit'castus.
2205 3336 2387 3401 Tales
2433 3342 2584 3400 sunt

345 3422 643 3491 eunuchi,
691 3424 797 3506 qni
846 3448 910 3487 se
957 3427 1127 3507 ipsos
1174 3430 1531 3489 castrarunt
1578 3431 1830 3506 propter
1876 3447 2067 3506 regna
2115 3423 2450 3497 coelorum,
2514 3428 2586 3487 ut

339 3511 408 3573 in
457 3509 801 3591 Evangelio
856 3514 1153 3591 scriptum
1206 3518 1317 3575 est.
1422 3512 1726 3591 Origenes
1782 3512 1884 3573 ille
1946 3511 2242 3592 magister
2288 3510 2586 3573 ecclesiae

344 3618 413 3657 se
459 3596 663 3678 ipsum
714 3599 1032 3676 castravit,
1095 3620 1311 3662 vocem
1372 3598 1750 3662 dominicam
1799 3598 2002 3678 magis
2048 3597 2346 3660 historico
2395 3618 2584 3678 quam

346 3683 615 3765 mystico
661 3683 985 3747 intellectu
1038 3685 1403 3769 percipiens
1498 3684 1912 3747 Athenienses
1959 3682 2170 3747 herbis
2202 3682 2584 3781 quibusdam

347 3772 413 3829 et
460 3768 661 3831 nobili
694 3770 935 3833 cicutae
969 3771 1192 3852 poculo
1225 3771 1794 3834 emasculabantur.
1873 3770 2202 3833 Nostrates
2234 3792 2298 3832 se
2325 3768 2584 3851 jejuniis

343 3858 409 3917 et
442 3854 645 3918 victus
678 3856 1065 3938 parsimonia
1098 3857 1589 3937 frugalitateque
1623 3856 2050 3931 macerabunt,
2094 3861 2163 3919 ut
2188 3856 2373 3937 juxta
2407 3877 2583 3937 pr-ae

340 3940 647 4021 scriptum
706 3940 1028 4006 Ciceronis
1075 3944 1511 4007 castimoniam
1560 3942 1837 4025 corporis
1883 3948 1946 4006 et
1990 3943 2182 4005 animi
2231 3942 2425 4005 sacris
2475 3941 2585 4004 ad-

478 4161 505 4187 a
536 4146 726 4198 extant.
868 4150 895 4187 b
923 4147 1123 4201 author.
1265 4163 1288 4189 c
1317 4148 1364 4200 ci
1400 4153 1460 4199 st.
1499 4147 1554 4202 ti
1695 4151 1722 4188 1
1750 4147 1848 4199 XL
1850 4148 1942 4200 111.

484 4217 497 4244 ¹
537 4213 786 4267 Dasselbe
841 4216 979 4269 Citat
1031 4216 1085 4268 in
1139 4216 1597 4271 B1·126.Aus
1651 4216 1843 4269 Marsil.
1898 4216 2108 4268 Ficinus
2165 4215 2466 4283 Auslegung
2519 4234 2585 4269 zu

336 4282 555 4350 Porphy
560 4300 599 4335 r.
654 4284 780 4337 Ven.
834 4286 985 4337 1497.
1060 4284 1173 4352 Opp
1226 4286 1345 4339 Bas.
1386 4288 1533 4349 1561,
1570 4285 1637 4352 ΙΙ,
1679 4286 1822 4338 1939.
1966 4286 1984 4316 2
2021 4286 2223 4338 Decret
2261 4285 2300 4338 I.
2353 4285 2482 4338 Dist.
2519 4288 2588 4337 44

336 4352 458 4405 Anf.
525 4351 637 4421 Vgl.
675 4352 806 4407 Dist.
846 4354 928 4421 35,
966 4356 1017 4407 6.
1088 4354 1194 4407 Der
1230 4354 1350 4409 Cod.
1389 4356 1481 4407 hat
1517 4354 1665 4407 einen
1705 4353 2088 4407 Schreibfehler
2122 4355 2175 4406 in
2212 4354 2304 4406 der
2338 4353 2466 4407 Zahl
2502 4355 2584 4409 43.

410 4421 433 4453 ³
466 4420 549 4474 Ad
583 4422 804 4475 Amand.
844 4395 1107 4492 Opp.111,
1146 4424 1257 4479 135.
1400 4425 1420 4455 ⁴
1453 4423 1586 4477 Eun.
1623 4422 1715 4491 IV,
1751 4426 1799 4491 5,
1835 4424 1882 4477 6.
