3084 4895
440 381 521 446 26
792 405 796 409 ·
1146 383 1318 436 Briefe
1354 383 1435 436 bis
1470 399 1586 437 zum
1625 383 1824 437 Herbst
1861 384 2006 439 1505.

450 555 805 618 venticuliS.
895 557 1094 621 Docet
1151 580 1351 621 rerum
1402 558 1792 638 experientia
1837 559 2222 623 robustiores
2269 560 2402 622 esse
2449 563 2513 622 et
2559 559 2689 622 lae-

450 643 580 705 tius
626 644 1147 724 constantiusque
1194 645 1415 717 vivere,
1463 645 1572 726 qui
1619 645 1736 707 sub
1769 645 1870 708 dio
1919 646 2192 726 forisque
2250 650 2580 708 versantur
2627 650 2691 708 et

449 729 647 791 dediti
695 734 845 792 sunt
891 730 1288 794 subdialibus
1355 735 1418 792 et
1482 731 1840 810 agrestibus
1907 732 2220 812 operibus.
2313 733 2529 795 Dices:
2601 732 2690 793 sic

443 837 518 876 ex
569 815 874 878 monacho
921 817 1075 879 facis
1120 817 1453 896 agricolam
1504 821 1569 879 et
1613 817 1923 880 colonum,
2001 818 2089 881 Mi
2133 818 2402 895 Urbane,
2461 817 2691 898 legitur

439 900 503 963 in
554 900 833 965 Decretis
900 904 1221 966 canonicis
1284 903 1449 965 viros
1510 925 1722 965 sacros
1777 910 1921 986 post
1978 905 2356 967 matutinum
2412 904 2686 966 officium

442 988 799 1050 revisitasse
854 1011 1012 1068 opus
1072 991 1406 1069 agrarium.
1512 989 1822 1052 Solebant
1881 992 2067 1053 etiam
2117 991 2350 1072 priores
2396 989 2691 1052 monachi

442 1078 775 1136 contexere
822 1075 1038 1138 corbes
1087 1081 1150 1138 et
1196 1077 1429 1137 amicos
1476 1075 1709 1138 donare
1753 1077 2060 1139 rasilibus>
2096 1077 2472 1139 calathiscis.
2556 1076 2688 1156 Ego

440 1183 583 1222 vero
623 1161 835 1241 jubeO,
883 1166 953 1222 ut
999 1162 1244 1224 labores
1278 1162 1465 1224 duros
1498 1163 1798 1242 operariis
1829 1167 2020 1244 atque
2066 1162 2360 1226 villaticis
2409 1163 2687 1224 mandes.

442 1247 591 1309 Volo
658 1252 973 1328 spectator
1040 1248 1124 1310 sis
1192 1253 1254 1309 et
1318 1247 1603 1310 hortator
1671 1262 1732 1310 et
1798 1249 2090 1311 assiduus
2159 1271 2408 1331 quoque
2473 1249 2688 1311 lector.

440 1331 759 1414 Colligant
803 1334 907 1396 alii
956 1337 1217 1414 segetes,
1283 1339 1353 1396 tu
1398 1334 1590 1397 libros
1639 1334 1881 1414 collige.
1958 1333 2253 1414 Magnam
2302 1335 2686 1398 messem-fe-

443 1419 607 1497 cisti,
655 1420 710 1481 si
757 1421 1213 1501 comparaveris
1274 1419 1616 1500 Augustini
1664 1421 1891 1483 Dathi¹
1945 1422 2218 1484 novitios
2262 1425 2454 1502 atque
2498 1421 2686 1483 raris-

442 1507 634 1568 simos
683 1506 946 1569 codices.
1055 1507 1378 1569 Praeclare
1432 1512 1641 1569 tecum
1707 1513 1956 1587 agetur,
2011 1508 2062 1568 si
2118 1511 2445 1590 utriusque
2499 1509 2685 1580 vitae,

444 1592 729 1656 literatae
776 1597 837 1654 et
880 1593 1171 1667 rusticae,
1222 1593 1463 1656 fructus
1510 1594 1874 1674 perceperis
1952 1594 2049 1656 Ita
2079 1595 2209 1672 fiet,
2255 1597 2327 1656 ut
2355 1606 2381 1632 ²
2412 1595 2686 1675 corporis

441 1683 504 1741 et
549 1679 739 1742 animi
790 1679 1209 1742 valetudinem
1259 1685 1319 1740 et
1366 1679 1598 1761 pariter
1643 1679 1996 1760 philosophi
2045 1685 2108 1742 et
2159 1680 2482 1743 oeconomi
2548 1679 2684 1742 offi-

442 1767 606 1828 cium
654 1765 994 1828 custodias.
1102 1765 1283 1842 Nunc
1344 1766 1559 1847 paucis
1605 1766 1946 1843 absolvam,
1995 1767 2169 1846 quod
2215 1767 2520 1846 reliquum
2571 1769 2684 1828 est.

440 1851 810 1934 Spalatinus
857 1855 1087 1932 noster,
1136 1852 1209 1913 de
1256 1874 1379 1932 quo
1427 1853 1549 1916 dici
1582 1858 1810 1933 potest,
1845 1853 2025 1932 quod,
2046 1853 2342 1916 scribitur
2373 1853 2449 1915 de
2483 1851 2683 1915 Fusco

443 1937 827 2001 Salinatore:
884 1938 1052 2018 „ipse
1086 1943 1181 2001 est
1212 1938 1556 2014 studiosuS,
1605 1939 1893 2001 literatus
1927 1939 2134 2017 etiam,
2171 1940 2442 2002 disertus
2475 1939 2682 2012 etiam,

444 2047 599 2108 puer
644 2025 1067 2105 simplicitate,
1116 2026 1412 2087 comitate
1452 2024 1722 2106 juveniS,
1772 2048 1964 2088 senex
2011 2023 2413 2107 gravitate“,²
2463 2025 2685 2106 Spala-

444 2113 617 2174 tinus
685 2112 941 2192 inquam
1018 2118 1229 2174 nost-er
1288 2111 1461 2174 misit
1515 2112 1593 2174 ad
1640 2134 1739 2174 me
1787 2113 1954 2175 hunc
2002 2114 2344 2176 literarium
2395 2111 2684 2174 indicem.

446 2198 512 2260 Si
548 2220 643 2261 me
676 2220 870 2270 amaS,
906 2219 1055 2259 erne.
1091 2197 1273 2260 Mitte
1306 2198 1607 2261 viatorem
1641 2198 1718 2261 ad
1754 2199 2145 2262 bacillarium
2182 2195 2684 2279 Hombergium³,

443 2290 516 2347 ut
562 2285 774 2347 statim
825 2285 945 2346 tibi
990 2282 1280 2346 volumen
1330 2285 1744 2347 transmittat.
1834 2285 2179 2368 Nunquam
2229 2293 2292 2347 te
2349 2285 2686 2366 emptionis

444 2371 815 2454 poenitebit.
906 2369 1202 2432 Proximo
1247 2369 1538 2432 Mercurii
1584 2371 1684 2432 die
1731 2371 2024 2436 salutabo
2061 2372 2391 2451 abbatem3
2439 2392 2585 2434 mox
2621 2371 2682 2432 in

438 2464 620 2522 tuum
658 2458 1047 2539 ‚praetorium
1105 2456 1290 2538 juxta
1344 2458 1550 2521 vicum
1601 2458 1957 2540 Belpratum
1988 2459 2010 2490 ⁴
2061 2460 2385 2535 divertam,
2432 2458 2541 2521 ubi
2589 2457 2683 2519 bi-

441 2543 565 2608 duo
612 2545 913 2608 continuo
959 2542 1303 2625 Augustini
1348 2543 1540 2607 Dathi
1579 2544 1776 2607 libros
1809 2546 2094 2609 evolvam
2127 2546 2264 2608 sine
2298 2551 2408 2609 tuo
2441 2566 2578 2608 reru
2594 2566 2682 2605 m·-

438 2652 561 2711 que
623 2636 874 2694 tuarum
942 2629 1189 2695 damnO.
1298 2630 1519 2712 Itaque
1581 2630 1680 2694 fac
1725 2654 1979 2713 quaeso,
2052 2636 2122 2695 ut
2168 2631 2440 2695 Dathum
2491 2630 2686 2693 isthic

441 2716 775 2781 inveniam.
840 2714 1181 2797 ·Spalatini
1246 2738 1433 2798 opera
1500 2718 1723 2781 viatori
1781 2725 1890 2781 tuo
1953 2741 2073 2782 non
2125 2718 2320 2781 deerit
2364 2718 2430 2780 in
2475 2718 2684 2798 requi-

441 2803 635 2867 rendo
684 2802 1047 2883 bibliopola.
1139 2802 1229 2864 De
1275 2802 1373 2866 his
1419 2804 1742 2867 hactenus„

1338 2888 1511 2953 Scitu
1564 2893 1772 2971 digna.

649 2973 996 3038 Semidocti
1045 2976 1357 3049 nesciunt,
1403 2978 1554 3057 quid
1602 2980 1687 3040 sit
1728 2976 2021 3052 rusticUS,
2069 2975 2219 3056 quid
2264 2979 2498 3052 arator,
2533 2974 2683 3055 quid

444 3066 797 3126 veteranus,
911 3062 1043 3141 Ego
1112 3084 1236 3124 non
1306 3065 1509 3144 patiar
1580 3068 1639 3126 te
1708 3086 1925 3125 errare.
2040 3063 2331 3125 Veterani
2379 3067 2528 3125 sunt
2574 3060 2683 3136 illi,

443 3170 602 3229 quos
650 3147 837 3228 vulgo
884 3147 1125 3210 nobiles
1172 3150 1507 3231 appellant.
1590 3150 1803 3213 Abbas
1833 3155 1983 3211 tuus
2016 3153 2080 3210 et
2121 3149 2317 3230 ipsius
2359 3148 2687 3230 pocillator

452 3234 753 3297 Camillus
784 3233 958 3296 Knor
988 3240 1423 3297 veteranorum
1456 3236 1570 3298 filii
1605 3242 1771 3305 sunt,
1827 3236 1864 3297 i.
1903 3259 1950 3296 e.
1981 3236 2009 3273 b
2041 3235 2344 3297 nobilium
2381 3234 2681 3314 equitum.

449 3322 743 3383 Aratores
788 3320 853 3383 hi
900 3325 1066 3395 sunt,
1115 3322 1222 3401 qui
1270 3322 1509 3385 habent
1554 3323 1807 3401 praedia
1852 3322 2105 3390 rustica,
2155 3343 2278 3382 non
2327 3320 2432 3401 qui
2484 3324 2683 3395 arant,

444 3429 602 3489 quos
662 3407 971 3485 agricolas
1031 3412 1095 3469 et
1154 3408 1407 3470 colonos
1464 3409 1714 3470 dixeris.
1816 3408 2114 3469 Rusticus
2173 3406 2460 3487 generale
2503 3427 2687 3468 voca-

442 3495 657 3557 bulum
721 3494 799 3555 ad
859 3515 1076 3555 omnes
1138 3496 1426 3574 pertinet,
1490 3496 1598 3575 qui
1659 3498 1770 3560 aut
1814 3494 2087 3575 oppidici
2133 3498 2245 3555 aut
2287 3492 2512 3555 urbani
2559 3513 2684 3554 non

446 3584 619 3657 sunt,
688 3581 819 3642 sive
887 3580 1018 3641 sint
1080 3578 1373 3642 monachi
1438 3581 1570 3643 sive
1636 3581 2008 3643 claritudine
2053 3579 2358 3641 natalium
2407 3577 2686 3640 illustres

446 3668 578 3728 sive
628 3666 834 3728 villici.
924 3666 1146 3744 Itaque
1192 3668 1453 3729 comites
1499 3673 1560 3729 et
1605 3688 1892 3747 proceres
1925 3671 1989 3727 et
2031 3666 2208 3727 multi
2258 3666 2538 3745 insignes
2570 3664 2684 3725 viri

449 3752 670 3815 rustici
734 3756 900 3813 sunt.
1002 3753 1161 3815 Olim
1212 3753 1374 3815 idem
1424 3754 1623 3815 honor
1669 3753 2021 3815 habebatur
2064 3752 2379 3813 veteranis
2426 3751 2534 3831 qui
2579 3750 2686 3811 de-

445 3837 824 3902 curionibus.
932 3836 1097 3901 Sunt
1155 3844 1365 3901 autem
1432 3840 1816 3914 decuriones,
1879 3843 1948 3900 ut
2010 3838 2128 3900 hoc
2189 3859 2439 3917 quoque
2484 3836 2688 3899 obiter

441 3926 789 4007 explanem,
860 3944 1020 4003 quos
1086 3926 1379 3987 scabinos
1444 3948 1555 3992 seu
1624 3925 1982 3987 consulares
2045 3928 2296 3986 vocant.
2386 3922 2488 3985 Fit
2533 3943 2685 3984 aevo

582 4076 607 4101 a
635 4064 695 4111 ut
727 4058 863 4125 fehlt.
936 4063 963 4099 b
992 4058 1171 4124 Dczfiir
1204 4058 1299 4109 das
1336 4059 1555 4111 Zei'clzen
1608 4104 1619 4112 .
1641 4082 1652 4091 ·
1677 4062 1686 4073 ‘
1711 4100 1722 4117 ,
1759 4077 1816 4110 30
1853 4058 2005 4109 meist
2040 4057 2122 4107 bez·
2166 4057 2667 4121 Worterklarwzqen.

585 4132 601 4160 ¹
638 4128 963 4195 Augustinus
999 4128 1219 4189 DathuS,
1270 4128 1626 4179 italienischer
1663 4128 1946 4179 Humanist
1983 4127 2091 4177 und
2126 4126 2428 4191 Philosoph,
2465 4126 2686 4190 †·1478.

448 4197 602 4250 Seine
638 4198 896 4250 Schriften
934 4197 1149 4248 wurden
1190 4199 1320 4249 1503
1358 4215 1422 4249 zu
1460 4198 1616 4249 Siena
1651 4196 2090 4263 herausgcgeben.
2166 4198 2184 4226 ‘²
2220 4195 2352 4247 Plin.
2375 4194 2464 4260 Ep.
2495 4194 2584 4268 Vl,
2606 4195 2687 4247 26.

549 4268 569 4298 ³
604 4266 913 4319 Bacularius
948 4266 1227 4333 Homberg,
1262 4266 1495 4318 Erfurter
1530 4266 1917 4318 Buchhandler.
1957 4264 2071 4331 Vgl.
2112 4281 2177 4315 zu
2199 4264 2282 4315 ΒΓ.
2322 4264 2401 4313 35.
2510 4265 2528 4293 ⁴
2563 4262 2693 4315 Dorf

444 4335 691 4389 Schbnau
726 4335 812 4387 bei
848 4334 1206 4403 Georgenthal‚
1245 4335 1336 4388 das
1373 4336 1492 4387 dem
1528 4334 1738 4387 Kloster
1774 4333 2091 4400 untergeben
2113 4349 2234 4386 war.
2307 4332 2487 4385 Urban
2509 4333 2689 4383 besass

445 4405 682 4458 daselbst
734 4404 847 4457 eine
897 4404 1328 4473 Amtswohnung,
1378 4406 1469 4457 der
1518 4404 1721 4458 Mutian
1772 4402 2044 4457 Mittwoch
2092 4402 2191 4455 den
2240 4402 2318 4455 27.
2369 4404 2499 4469 Aug.
2538 4400 2688 4453 einen

446 4474 665 4537 ,Besuch
700 4474 958 4529 abstatten
991 4472 1178 4528 wollte.
