3084 4895
471 476 600 543 542
1303 472 1480 528 Briefe
1515 472 1609 527 des
1644 472 1695 529 J.
1734 472 1882 529 1515.

475 649 790 715 scotinum
850 646 888 709 i.
947 667 1000 708 e.
1053 644 1545 709 tenebricosum.
1638 645 1949 709 Hortatur
2004 648 2071 708 et
2129 650 2365 724 monet,
2424 648 2500 709 ut
2560 666 2739 711 com-

478 739 756 799 meatum
803 735 867 795 et
911 731 1127 812 copias
1171 731 1234 793 in
1283 729 1747 811 profligandum
1795 730 2043 796 hostem
2100 750 2298 811 pares.
2387 729 2523 811 Ego
2587 752 2739 795 vero

476 819 809 884 consilium
878 816 1199 897 majestati
1264 817 1416 878 tuae
1481 814 1702 879 datum
1756 836 1883 878 non
1930 815 2239 897 improbo.
2329 814 2737 897 Quamquam

475 904 829 969 consultius
863 902 1150 963 videatur
1180 899 1537 975 connivere,
1574 904 1647 962 ut
1676 901 1927 963 interim
1965 920 2143 981 reges
2173 899 2383 963 solent
2408 902 2737 963 latronum

478 990 756 1053 insultus
804 990 1301 1050 contemnentes,
1392 982 1554 1047 Nam
1589 983 1783 1047 Indus
1814 985 2071 1067 elephas
2117 986 2376 1048 culicem
2426 986 2739 1067 pulicem-

472 1097 595 1157 que
658 1094 786 1136 non
847 1072 1033 1134 timet
1081 1091 1284 1151 neque
1327 1069 1426 1131 leo
1473 1090 1743 1132 muscas
1840 1068 2129 1151 „Nobilis
2172 1070 2235 1132 in
2284 1091 2538 1133 muscas
2605 1091 2735 1133 non

471 1161 627 1223 furit
693 1178 800 1221 ore
870 1154 1031 1233 leo“‚
1099 1159 1172 1219 ut
1238 1155 1451 1234 inquit
1524 1154 1800 1217 lascivus
1874 1159 2081 1236 poeta.
2170 1153 2399 1217 Verum
2470 1156 2737 1235 gravius

475 1248 661 1327 urget
726 1241 985 1317 bellum,
1035 1240 1134 1303 cui
1183 1238 1308 1301 nisi
1354 1237 1729 1307 Herculeum
1796 1240 1991 1302 robur
2054 1240 2445 1321 opposueris,
2512 1235 2733 1303 actum

475 1332 551 1395 de
618 1335 683 1392 te
749 1332 814 1390 et
878 1325 1142 1407 imperio
1210 1322 1533 1404 judicabo.
1634 1324 1815 1387 Intus
1884 1328 1981 1387 est
2047 1323 2271 1400 hosti8‚
2338 1324 2737 1388 domesticus

475 1417 800 1498 grassator
857 1409 1150 1492 jugulum
1217 1408 1470 1490 impetit
1517 1412 1583 1470 et
1624 1413 1717 1486 tu,
1765 1429 1926 1490 quae
1984 1413 2098 1471 tua
2157 1416 2253 1471 est
2312 1410 2623 1473 securitas
2668 1415 2739 1472 et

475 1498 870 1581 simplicitas,
917 1494 1154 1557 dormis
1195 1494 1262 1555 in
1310 1497 1653 1573 utramque
1680 1503 1709 1532 ⁸
1752 1515 1965 1557 aurem
2012 1494 2259 1556 otiosus
2292 1514 2496 1575 neque
2528 1496 2737 1557 sentis

471 1586 784 1650 irudinem
832 1580 931 1643 vel
977 1580 1190 1660 potius
1222 1578 1459 1642 lernam
1494 1577 1822 1641 malorum.
1915 1577 2110 1641 Dulce
2142 1579 2397 1654 malum,
2429 1579 2737 1643 deformis

470 1670 786 1745 illecebra,
861 1664 1102 1747 grando
1163 1666 1228 1725 et
1287 1662 1617 1725 calamitas
1686 1666 1910 1744 poetae
1975 1683 2155 1726 uxor.
2247 1664 2337 1726 De
2402 1684 2529 1745 qua
2597 1670 2733 1729 tam

475 1755 749 1837 copiose,
773 1757 906 1815 tam
931 1750 1225 1813 ardenter
1255 1748 1510 1828 scripsit
1544 1746 1795 1825 Crotus,
1818 1754 1892 1811 ut
1915 1750 2369 1831 concerpserim
2406 1749 2735 1831 epistolas,

471 1840 635 1918 Quid
701 1835 971 1900 multis?
1057 1832 1518 1895 Inflammatior
1578 1832 1702 1896 fuit
1761 1834 1824 1895 in
1870 1832 2271 1914 objurgando
2335 1854 2526 1914 quam
2588 1854 2733 1913 ego.

471 1924 785 1990 Mirantur
829 1940 1069 1999 omneS,
1116 1939 1242 1998 qua
1286 1918 1532 1981 ratione
1566 1919 1769 1999 possis
1814 1922 1945 1981 tam
1992 1921 2486 1993 nasutam,1tam
2522 1919 2739 1981 lurore

473 2016 537 2076 et
580 2009 781 2073 macie
827 2003 1183 2069 confectam
1229 2023 1457 2065 amare..
1549 2002 1687 2079 Hei,
1732 2002 1877 2079 heu,
1924 2001 2077 2065 ohe!
2168 2002 2308 2065 Huc
2338 2002 2521 2078 addo,
2556 2004 2735 2084 quod

473 2096 734 2160 reticere
782 2113 909 2155 non
959 2089 1179 2163 debe0,
1242 2087 1581 2150 aleatorem
1628 2092 1693 2149 te
1738 2109 1875 2150 esse
1922 2092 1985 2150 et
2029 2086 2349 2151 ebriosum
2409 2109 2550 2151 cum
2616 2095 2735 2152 tuo

473 2181 640 2247 malo
684 2177 984 2241 maximo.
1077 2172 1335 2255 Corrige
1379 2173 1565 2235 sodes
1611 2172 1796 2234 istam
1860 2170 2161 2236 fabulam.
2253 2171 2548 2236 Urbanus
2606 2174 2739 2237 tibi

468 2265 752 2349 jucunda
796 2260 1099 2337 narrabit,
1157 2278 1273 2339 ego
1319 2261 1568 2321 acetum
1616 2257 1721 2339 pio
1767 2258 1980 2321 animo
2042 2257 2393 2339 propinavi,
2458 2263 2737 2340 uterque

469 2352 568 2418 tui
612 2346 1108 2414 amantissimus.
1197 2341 1368 2405 Vale.
1952 2340 1957 2347 '

776 2446 899 2501 Ood.
935 2443 1069 2499 Frcf.
1105 2441 1223 2498 468.

464 2635 700 2708 (soffia.)
1517 2613 1666 2677 477.
2265 2628 2346 2681 13.
2382 2627 2493 2681 Mai
2530 2627 2734 2698 (1515).

1215 2740 1506 2810 Mutian
1552 2760 1652 2809 an
1694 2739 1979 2809 Eoban.

477 2873 697 2941 (Trb‘stet
747 2869 876 2922 ficher
908 2867 994 2922 die
1031 2867 1351 2936 Sp’o'ttereie‘n
1384 2867 1472 2920 des
1515 2866 1705 2920 Orotus
1757 2865 1868 2933 auf
1908 2864 2121 2919 Eobcms
2184 2864 2564 2932 Pbrheiratmzy
2614 2863 2740 2916 und

996 2935 1196 3003 fordert
1229 2953 1304 2988 zu
1337 2935 1736 2988 daliter-iselam
1774 2933 2021 3001 Schaffen
2054 2933 2190 3000 auf.)

536 3052 795 3104 Eobano
828 3051 1030 3101 Hesso
1065 3049 1408 3108 fortunato,
1441 3048 1496 3100 si
1529 3055 1789 3100 uxorem
1821 3058 1950 3097 non
1982 3046 2265 3106 haberet,
2309 3045 2399 3095 Μ.
2434 3043 2659 3096 Ruma-

677 3159 741 3226 S.
830 3159 1064 3243 Magno
1111 3160 1199 3223 sis
1244 3160 1456 3223 animo
1502 3162 1569 3222 et
1612 3157 1782 3222 forti.
1871 3157 2015 3222 Non
2080 3160 2144 3220 te
2203 3157 2548 3220 amicorum
2608 3155 2731 3219 ob—

463 3247 859 3330 jurgationes
904 3248 970 3309 in
1018 3247 1518 3328 desperat-ionem
1566 3249 1855 3326 urgeant.
1944 3243 2143 3306 Nemo
2190 3246 2289 3305 est
2332 3241 2470 3304 sine
2498 3241 2731 3322 volup-

469 3338 604 3398 tate
649 3337 714 3398 et
773 3332 1006 3410 dolore,
1051 3352 1438 3412 quamquam
1499 3330 1657 3392 haec
1725 3329 1906 3392 duob
1970 3329 2137 3392 mala
2203 3327 2497 3410 opposita
2558 3327 2732 3398 inter

469 3441 607 3484 sese
652 3418 934 3482 habeant
976 3417 1275 3480 virtutem
1339 3416 1630 3493 mediam,
1693 3435 1885 3495 quam
1950 3415 2137 3497 pauci
2195 3416 2466 3496 possunt
2528 3412 2726 3474 attin-

468 3526 633 3586 gere.
710 3503 801 3566 Ea
833 3502 990 3566 mihi
1022 3507 1116 3565 est
1146 3512 1170 3540 ‘²
1217 3501 1415 3564 Beata
1455 3499 1933 3579 TranquillitaS,
1969 3497 2382 3580 popularibus
2408 3497 2439 3535 ‘¹
2482 3495 2726 3576 religio,

466 3593 534 3654 in
579 3609 708 3670 qua
753 3607 1080 3652 censemus
1145 3587 1400 3650 beatam
1464 3587 1661 3649 vitam
1731 3584 2059 3647 hominum
2128 3583 2499 3646 collocatam
2566 3601 2723 3643 esse.

467 3676 691 3757 Itaque
751 3674 1094 3737 inducias⁰
1157 3693 1300 3736 cum
1368 3691 1565 3734 uxore
1630 3671 1845 3746 facite,
1914 3668 2126 3750 quoad
2190 3668 2466 3730 medium
2544 3664 2722 3740 illud,

469 3761 699 3842 partim
767 3759 1048 3822 futuaria
1121 3757 1490 3820 titillatione
1564 3757 1793 3838 sopita,
1870 3754 2100 3834 partim
2181 3751 2417 3814 doloris
2490 3748 2725 3812 ferocia

466 3844 804 3922 refrenata,
860 3845 900 3906 i.
957 3865 1008 3906 e.
1044 3844 1067 3882 f
1117 3843 1316 3907 animi
1373 3840 1909 3921 tranquillitatem
1979 3837 2293 3902 obtineas.
2382 3835 2453 3898 In
2522 3835 2726 3915 prima

604 4045 632 4074 ο
657 4033 930 4097 utrunque.
1017 4037 1023 4044 ·
1054 4032 1084 4070 b
1111 4031 1202 4080 tuo
1241 4026 1388 4078 Tem.
1511 4037 1538 4066 ο
1566 4009 1667 4076 est'
1681 4023 1814 4075 mihi
1853 4021 2002 4074 Tem.
2127 4022 2157 4061 d
2184 4016 2529 4086 pupularibus
2566 4013 2711 4067 stru.

470 4117 495 4145 e
522 4100 742 4153 indicias
781 4099 929 4152 Tem.
1072 4100 1094 4138 f
1120 4097 1152 4149 i.
1191 4111 1235 4149 e.
1271 4093 1397 4161 fehlt
1431 4091 1515 4144 bei
1552 4091 1698 4144 Tema.
2384 4094 2389 4100 ‘

467 4190 528 4240 A.
568 4187 614 4240 2.
686 4185 864 4238 Eoban
915 4184 1059 4234 hatte
1095 4198 1162 4233 zu
1197 4179 1418 4234 Cordus'-
1463 4177 1711 4231 Defensio
1746 4175 1833 4227 ein
1868 4172 2208 4241 anziigliches
2261 4171 2501 4246 Vorwort
2551 4182 2717 4236 gegeu

466 4257 560 4309 das
595 4251 1109 4307 Schmachbiichlein
1145 4250 1237 4301 des
1271 4247 1492 4314 Spurius
1528 4245 1765 4305 ἀλαζόνος
1800 4241 2003 4296 'Piloniu
2036 4239 2287 4308 geliefert.
2362 4237 2562 4290 Mutum
2612 4250 2722 4287 war

467 4324 565 4376 mit
599 4322 770 4375 dieser
802 4319 1184 4384 Einmischung
1217 4317 1421 4370 Eobans
1457 4314 1582 4368 sehr
1614 4310 1957 4366 unzufrieden
1992 4309 2097 4362 und
2132 4309 2237 4360 riet
2270 4308 2381 4360 ihm
2415 4306 2579 4358 lieber
2620 4305 2722 4355 den

466 4391 631 4444 Feind
668 4390 743 4442 im
778 4390 968 4442 Inuern
1020 4385 1260 4455 (Familie
1307 4384 1511 4450 Spater)
1551 4382 1629 4435 als
1665 4382 1921 4434 draussen
1956 4395 2022 4432 zu
2054 4376 2273 4430 suchen.
2344 4373 2606 4438 Krause,
2662 4370 2719 4422 E.

465 4460 618 4512 Hess.
654 4458 697 4522 Ι,
737 4458 836 4510 150
870 4457 924 4508 ff.
