3084 4895
519 401 648 479 548
1375 410 1551 467 Briefe
1586 399 1680 469 des
1716 400 1766 469 Ji
1807 404 1956 471 1515.

532 584 882 663 versiculiS,
929 605 1090 665 quas
1135 588 1206 649 tu
1252 583 1494 649 Romae
1539 585 1605 647 in
1654 584 1916 649 castello
1950 584 2044 649 St.
2080 585 2331 667 Angeli'
2384 588 2573 652 datas
2606 579 2805 652 fuisse

529 670 808 733 testaris.
899 669 1024 733 Eas
1069 670 1244 752 prius
1289 670 1434 751 legi,
1501 692 1693 752 quam
1764 672 2050 735 cubitum
2124 672 2528 750 discederem,
2603 696 2806 755 neque

527 756 762 818 cursim
839 754 1068 835 legisse
1144 758 1488 819 contentus
1564 754 1753 820 hodie
1826 760 1975 839 post
2048 762 2342 839 quartam
2410 764 2801 824 castrensem

528 836 815 921 vigiliam
863 841 1200 917 attentiuS,
1248 845 1322 904 ut
1367 842 1715 905 amicorum
1764 842 2069 924 epistolas
2112 843 2306 921 sole0,
2338 844 2559 925 relegi.
2636 844 2807 908 Inter

528 925 658 988 alia
703 926 922 1006 magni
974 926 1216 1005 ingenii
1261 926 1532 1008 pignora
1579 926 1968 1008 deprehendi
1998 929 2163 991 irata
2192 932 2258 991 et
2287 928 2548 993 inimica
2577 940 2606 969 ⁸
2652 930 2809 992 mihi

525 1010 728 1074 fuisse
762 1012 866 1091 pia
901 1010 1164 1073 numina
1198 1017 1446 1073 vatum:
1476 1012 1505 1049 b
1550 1010 1797 1090 Jovem,
1829 1012 2180 1091 Phoebum,
2214 1012 2539 1092 Venerem,
2568 1014 2805 1077 Musas

525 1094 686 1157 Nam
733 1100 808 1158 ut
852 1094 998 1173 aiS‚²
2419 1112 2431 1137 -·

807 1180 1133 1263 „Abstulit
1177 1179 1404 1243 infelix
1449 1177 1623 1245 illam
1673 1180 1799 1244 tibi
1842 1180 2089 1243 falcifer
2131 1180 2374 1259 horam,
2454 1250 2465 1261 ,

884 1286 1012 1346 qua
1063 1270 1319 1348 poteras
1370 1265 1571 1329 Hesso
1616 1270 1751 1329 tarn
1798 1264 1969 1329 ferus
2017 1288 2154 1329 esse
2198 1270 2331 1329 tue.

795 1348 914 1413 Illa
960 1350 1056 1414 sol
1101 1350 1313 1429 latuit,
1361 1350 1557 1415 latuit
1602 1350 1815 1415 Venus
1861 1350 2089 1415 aurea“
2125 1362 2149 1391 0
2196 1356 2260 1415 et
2304 1356 2531 1415 cetera.

539 1494 553 1505 ‚
729 1433 866 1516 Ego
915 1456 1082 1513 vere,
1145 1435 1245 1499 cui
1312 1434 1570 1499 deorum
1618 1436 1683 1498 id
1729 1436 2033 1515 tribuam,
2094 1436 2267 1517 quod
2314 1458 2394 1499 ex
2440 1436 2811 1517 praeteritis

521 1522 592 1582 et
654 1520 1105 1600 praesentibus
1167 1520 1382 1585 causis
1449 1522 1664 1585 futura
1732 1542 2191 1603 nonnunquam
2256 1522 2553 1603 sagacius
2612 1543 2805 1603 quam

533 1604 860 1670 credulum
911 1606 1142 1687 vulgus
1188 1606 1528 1689 prospicio,
1577 1607 1861 1669 nondum
1906 1611 2188 1669 statuere
2245 1627 2525 1689 possum.
2621 1607 2806 1683 Quod

530 1694 748 1753 autem
795 1712 886 1768 ea,
937 1712 1102 1771 quae
1148 1691 1378 1767 sentiO,
1425 1691 1506 1753 ad
1552 1712 1735 1755 usum
1785 1692 2129 1754 amicorum
2192 1693 2471 1773 ingenue
2529 1692 2807 1775 profem,

530 1775 750 1839 videor
801 1775 1072 1839 fortasse
1118 1776 1238 1840 tibi
1286 1776 1802 1857 intempestivam
1866 1778 2192 1859 anagyrim
2255 1798 2523 1840 movere.
2614 1776 2808 1859 Legis

527 1861 694 1923 enim
761 1882 919 1938 mea,
985 1882 1113 1923 non
1178 1865 1251 1924 ut
1298 1862 1633 1925 consilium
1682 1862 1759 1924 ad
1809 1860 1995 1925 casus
2060 1864 2378 1925 instantes
2447 1869 2561 1924 aut
2630 1862 2808 1926 devi-

531 1945 765 2009 tandos
834 1949 948 2009 aut
1021 1946 1338 2027 patienter
1412 1947 1842 2023 sustinendOS,
1917 1948 2025 2010 sed
2094 1947 2293 2010 veluti
2365 1947 2539 2009 dicta
2615 1948 2809 2011 ist-ius

531 2051 775 2112 vappae
821 2030 1167 2094 ardelionis
1215 2029 1545 2106 ΤίΙοηίῐιί,8
1592 2035 1665 2094 ut
1709 2032 2003 2095 videlicet
2062 2032 2349 2095 convicia
2411 2036 2805 2112 retorqueas,

533 2114 642 2180 Sic
688 2138 868 2179 meus
916 2113 1199 2179 senecio*
1247 2118 1721 2180 contionatores
1766 2118 1965 2193 audit,
2000 2138 2127 2179 non
2164 2124 2235 2180 ut
2266 2138 2473 2180 mores
2506 2118 2805 2197 corrigat,

529 2200 640 2264 sed
689 2205 761 2264 ut
826 2202 960 2281 ipse
1023 2201 1179 2264 mihi
1254 2202 1678 2281 prodigiosam
1750 2200 2050 2265 fabellam
2115 2202 2285 2265 domi
2351 2200 2606 2265 referat.
2699 2202 2807 2265 Sic

471 2286 476 2289 ’
527 2288 959 2367 superstitiosi
1029 2287 1318 2349 divorum
1385 2287 1717 2367 imagineS‚
1783 2308 1907 2350 non
1972 2288 2142 2369 ipsos
2206 2288 2388 2351 divos
2444 2287 2802 2366 intuentur,

534 2373 679 2455 plus
727 2372 928 2436 oc'ulis
975 2393 1164 2454 quain
1213 2372 1424 2434 animo
1472 2372 1998 2454 contemplantes
2048 2371 2195 2443 'Sic
2238 2374 2304 2435 in
2352 2373 2553 2436 deviis
2587 2394 2805 2437 nemo-

532 2458 710 2522 ribus
762 2457 1172 2540 „reparabilis
1219 2461 1485 2521 assonat
1544 2457 1776 2520 Echo.“
1811 2457 1881 2496 ‘1⁵
1970 2458 2193 2539 Itaque
2262 2459 2517 2522 valeant
2578 2458 2803 2523 odiosa

532 2545 800 2617 monita,
879 2544 1316 2607 conticescant
1389 2543 1572 2621 seria,
1647 2544 1950 2607 succedat
2020 2543 2352 2624 phalerata
2418 2548 2484 2607 et
2549 2544 2802 2608 inutilis

543 2629 1114 2709 blandiloquentia,
1183 2629 1524 2691 dummodo
1593 2629 1757 2691 scias
1826 2628 2218 2693 adulatorem
2283 2652 2423 2692 esse
2488 2628 2801 2692 blandum

542 2714 809 2790 hostem,
859 2715 1096 2777 amicos
1140 2713 1697 2777 turbulentissima
1742 2715 2165 2796 castigatione
2211 2715 2527 2796 prodesse,
2574 2736 2803 2795 quam-

533 2820 724 2881 quam
797 2799 1062 2862 insanae
1123 2799 1361 2862 mentis
1425 2799 1659 2875 fluctus
1733 2799 1954 2862 sedare
2020 2822 2093 2862 ac
2163 2821 2539 2881 componere
2614 2821 2799 2862 nemo

534 2889 762 2966 potest.
843 2882 1009 2947 Cave
1043 2884 1340 2960 trucideS,
1390 2905 1562 2964 quae·
1584 2883 1749 2946 solet
1797 2885 2074 2948 membra
2104 2885 2332 2964 levare,
2358 2885 2506 2948 lecti
2538 2887 2799 2948 sociam.
2844 2903 2865 2917 ·

531 2970 602 3032 Si
661 2973 875 3051 potest
939 2991 1073 3032 esse
1122 2970 1425 3032 diuturna
1485 2969 1636 3032 talis
1698 2969 2011 3050 voluptas,
2076 2971 2355 3050 profecto
2416 2971 2686 3040 sinerem
2736 2974 2801 3033 te

528 3055 737 3134 jacere
774 3059 836 3117 et
870 3053 992 3117 frui
1040 3053 1318 3130 domina,
1369 3074 1532 3134 quae
1580 3053 1675 3115 vel
1725 3055 1861 3116 sine
1907 3076 2061 3117 naso
2112 3060 2341 3118 nasuta
2386 3057 2425 3118 i.
2474 3078 2525 3118 e.
2555 3067 2579 3094 ⁰
2626 3055 2801 3118 dica-

533 3141 676 3202 cula
725 3143 940 3220 potest
985 3161 1140 3212 esse,
1190 3138 1466 3202 formosa
1520 3159 1669 3202 vero
1734 3161 2081 3219 nunquam.
2170 3139 2481 3204 Vidistine
2515 3141 2537 3178 f
2592 3145 2799 3203 testu-

534 3225 746 3288 dinem
819 3246 998 3287 suam
1071 3245 1286 3287 secum
1356 3224 1675 3287 domum&
1749 3224 2343 3288 circumferentem?
2430 3225 2565 3288 Hoc
2634 3225 2799 3288 male

535 3331 744 3373 cunno
785 3309 1014 3390 jugati,
1062 3309 1208 3372 hem
1257 3309 1586 3390 conjugati
1648 3309 1850 3371 dicere
1917 3310 2107 3388 volui,
2175 3310 2380 3373 facere
2447 3315 2797 3392 nequeunt.

533 3395 746 3459 Habes
793 3416 1126 3458 summam.
1220 3393 1316 3458 Tu
1362 3396 1500 3458 vale
1546 3398 1609 3457 et
1657 3415 1841 3475 parce
1886 3393 2115 3461 Momo.

845 3494 968 3548 Cod.
1005 3493 1137 3548 Frcf.
1175 3495 1293 3547 476.

671 3729 698 3757 ⁸
732 3719 785 3768 et
819 3716 1037 3768 inimica
1058 3715 1186 3782 fehlt
1220 3714 1304 3767 bei
1341 3713 1489 3767 Temo.
1631 3719 1660 3756 b
1686 3715 1872 3767 vatum
1906 3715 2034 3781 fehlt
2068 3713 2152 3766 bei
2189 3709 2335 3767 Tenx.
2476 3727 2501 3756 ο
2533 3713 2681 3766 Tcnx.
2718 3729 2803 3766 er-

531 3787 698 3850 yc'imt
723 3784 908 3836 durch
939 3783 1228 3850 Zufic‘yuny
1262 3799 1365 3836 von
1397 3784 1532 3836 luce.
1675 3786 1705 3824 d
1732 3783 1923 3836 Eccho.
2066 3797 2090 3824 ο
2117 3783 2151 3834 i.
2190 3800 2234 3834 e.
2270 3782 2395 3848 fehlt
2430 3781 2514 3834 bei
2548 3781 2697 3834 Dmx.

543 3855 566 3892 f
589 3851 785 3917 Vidisti
819 3869 906 3904 ne.
1045 3866 1074 3904 s
1101 3852 1244 3905 domi
1283 3851 1430 3904 Tenx.

675 3922 690 3952 ¹
727 3921 1104 3989 »Engelsburg«
1139 3920 1285 3973 hiess
1321 3921 1414 3972 das
1451 3919 1603 3972 Hans
1639 3934 1743 3971 von
1778 3919 1985 3972 Eobans
2020 3918 2471 3986 Schwiegervater
2507 3915 2570 3968 Η.
2596 3915 2802 3984 Spater.

609 3990 628 4021 ²
663 3988 846 4042 Eoban
881 3989 1028 4040 hatte
1063 3989 1182 4040 sich
1217 3989 1272 4040 in
1308 3988 1510 4041 Verseu
1550 3987 1861 4051 beschw-ert,
1899 4003 2084 4040 wovon
2124 3987 2241 4040 eino
2274 3985 2459 4040 Probe.
2530 3984 2631 4036 Dio
2666 3985 2805 4038 Vor-

540 4057 709 4108 wiirfe
745 4056 980 4109 Mutians
1015 4057 1240 4123 bezogen
1281 4057 1394 4108 sich
1433 4057 1526 4108 auf
1560 4056 1661 4107 den
1695 4055 2097 4122 leichtsinnigen
2132 4051 2539 4114 Heiratshandel
2562 4054 2672 4105 und
2710 4054 2807 4106 das

537 4124 746 4176 lockere
783 4125 958 4177 Leben
997 4124 1220 4183 Eobans,
1258 4141 1445 4176 wovon
1481 4125 1534 4174 in
1574 4125 1673 4174 den
1711 4123 1986 4191 folgenden
2035 4123 2240 4175 Briefcn
2278 4123 2409 4174 noch
2452 4119 2679 4173 vielfach
2720 4121 2807 4173 dic

533 4192 677 4244 Rede
717 4193 802 4244 ist.
947 4195 967 4224 ³
1001 4193 1049 4246 S.
1090 4195 1186 4245 541
1229 4196 1288 4245 A.
1330 4194 1377 4245 9.
1520 4193 1539 4224 ⁴
1576 4191 1695 4258 Vgl.
1734 4191 1783 4245 S.
1819 4192 1888 4244 86
1924 4196 1987 4244 A.
2025 4192 2070 4245 2.
2144 4191 2429 4242 Vielleicht
2463 4189 2533 4241 ist
2567 4189 2663 4240 der
2698 4189 2808 4241 alte

534 4261 734 4313 Paulus
771 4261 1020 4328 Aquilius
1056 4262 1304 4328 gemeint,
1343 4262 1434 4313 der
1469 4261 1606 4312 nach
1643 4259 1729 4312 ΒΓ.
1768 4259 1868 4312 326
1908 4261 2087 4327 (1514)
2126 4259 2257 4312 noch
2278 4259 2332 4309 in
2349 4257 2583 4310 Mutians
2622 4257 2809 4310 Hause

539 4330 800 4394 vei-kehrt,
828 4329 1036 4382 obwohl
1075 4347 1132 4381 er
1166 4330 1266 4380 seit
1309 4329 1440 4382 1512
1477 4329 1526 4379 in
1568 4328 1652 4378 ein
1688 4327 2091 4380 Xenodochium
2132 4327 2430 4396 eingekauft
2468 4333 2589 4378 war.
2666 4325 2809 4378 Vom

537 4397 1008 4465 Wunderglauben
1047 4398 1324 4450 desselben
1362 4397 1619 4464 sprechen
1659 4395 1797 4448 auch
1833 4396 1920 4448 ΒΓ.
1946 4397 2045 4448 Ha
2066 4413 2112 4448 U.
2138 4396 2251 4448 239.
2362 4397 2383 4426 ⁵
2416 4393 2562 4448 PerS.
2599 4393 2643 4458 l,
2686 4395 2807 4449 102.
