3084 4895
433 390 518 454 86
1201 387 1383 440 Briefe
1421 404 1518 440 von
1562 389 1913 444 1505—1508.

436 583 585 624 cura
652 564 723 623 ut.
788 561 996 624 valeas
1065 563 1127 622 et
1189 580 1302 622 nos
1367 581 1559 624 ames,
1653 561 1746 624 Ex
1810 562 2186 627 Gotha·die
2242 563 2474 628 Joviali
2542 573 2685 646 post

435 646 862 729 vespertinum
911 646 1210 724 officium,
1255 646 1512 710 Rufino¹
1562 670 1773 714 senem
1822 650 2041 714 adesse
2086 651 2438 714 nuntiante.
2468 647 2533 692 ⁸²

743 746 864 799 Cod.
902 746 1035 800 Frcf.
1073 748 1155 800 67.

437 933 666 1002 (Gotha.)
1510 921 1609 984 79.
1803 936 1935 1006 (geg.
1970 933 2201 992 E.'1507
2238 939 2318 992 od.
2358 940 2473 994 Anf.
2514 940 2683 1008 1508.)

1188 1047 1473 1117 Mutian
1520 1069 1617 1118 an
1664 1048 1938 1120 Urban.

437 1174 597 1240 (Bate
640 1194 734 1227 um
770 1175 859 1227 ein
894 1174 1315 1231 Lebensxez'ehen.
1388 1177 1744 1230 Maximilian
1797 1179 1909 1231 will
1953 1179 2104 1231 einen
2158 1178 2455 1247 Rb'mmuy
2507 1185 2683 1232 unter-

434 1244 666 1297 nelzmen.
739 1244 840 1296 Die
864 1243 1192 1310 Kurfz'c'rsten
1216 1263 1316 1297 von
1341 1247 1534 1299 Mainx
1558 1248 1673 1299 und
1698 1249 1927 1300 Sachsen
1961 1248 2165 1300 werden
2204 1248 2424 1300 Steuem
2456 1248 2683 1316 sordem.

905 1313 1012 1366 Der
1049 1314 1211 1367 ›Streit
1245 1315 1348 1368 mit
1381 1317 1480 1368 den
1513 1317 1807 1369 hessi-seben
1855 1317 2228 1384 Verwandten.)

807 1429 930 1476 Suo
967 1429 1082 1477 soli
1119 1433 1184 1478 et
1218 1432 1531 1480 hemitheo
1567 1431 1651 1480 Η.
1687 1430 1943 1481 Urbano
1979 1433 2068 1482 M.
2103 1430 2326 1481 Rufus·

655 1540 718 1604 S.
811 1541 1007 1621 Euge,
1055 1544 1138 1605 mi
1189 1543 1518 1606 Hainreice
1576 1541 1874 1607 Ourbane
1937 1545 2168 1625 (scribo
2213 1550 2342 1607 tres
2388 1545 2685 1627 antiquas

436 1627 972 1709 diphthongos)‚¹’
1033 1651 1209 1710 euge,
1262 1631 1347 1692 mi
1391 1631 1663 1700 domine,
1728 1631 1877 1711 quid
1940 1631 2057 1694 fit‘?
2147 1631 2227 1695 Ut
2284 1631 2498 1694 vales?
2592 1633 2683 1692 An

437 1714 710 1778 Mutiani
747 1715 837 1777 tui
871 1736 1126 1798 prorsus
1160 1717 1395 1779 oblitus
1427 1716 1536 1779 es‘?
1610 1716 1753 1779 Non
1789 1719 2013 1781 decent
2044 1718 2231 1781 islam
2267 1717 2682 1781 eruditionem

437 1807 633 1875 tuam,
683 1805 812 1863 'tam
865 1806 1152 1865 mutuum
1202 1825 1474 1866 amorem
1524 1810 1811 1866 nostrum
1867 1809 2050 1867 tanta
2105 1804 2375 1867 silentia.
2468 1802 2683 1868 Scribe

433 1888 689 1950 tandem
740 1888 980 1950 amicus
1027 1889 1426 1953 amicissimo.
1522 1889 1695 1952 Nihil
1744 1890 2047 1954 libentius
2094 1891 2254 1970 lego,
2305 1889 2506 1968 fove0,
2552 1911 2683 1952 am-

439 1972 678 2056 plector
722 1995 910 2054 quam
958 1979 1071 2037 tua
1135 1977 1390 2056 scripta.
1484 1975 1656 2038 Nihil
1715 1977 1963 2054 tersum,
2021 1977 2345 2050 sincerius
2400 1977 2682 2040 amicius.

438 2061 564 2123 Sed
615 2061 892 2124 brevitas
941 2062 1096 2124 citra
1165 2063 1415 2124 modum
1490 2063 1751 2140 desinit3
1817 2064 2222 2146 longissimas
2290 2063 2507 2127 literas
2575 2086 2685 2126 ex-

435 2153 672 2228 specto,
745 2147 1019 2227 aliquam
1089 2148 1395 2218 fabulam.
1469 2148 1745 2230 aliquam
1818 2148 2161 2232 jucundam
2240 2149 2685 2226 narrationem,

436 2234 684 2315 aliquas
731 2235 1066 2298 novitates.
1147 2235 1463 2298 Maximus
1511 2235 1849 2318 Aimylius⁸
1897 2258 2188 2300 coronam
2236 2238 2513 2301 affec-tat.
2594 2236 2684 2298 Ex

437 2343 506 2383 eo
557 2320 730 2385 fonte
793 2327 1008 2384 manat
1077 2323 1239 2386 inter
1302 2322 1665 2385 Federicum
1739 2328 2017 2387 nostrum
2068 2329 2132 2386 et
2176 2323 2443 2390 Bo‘e‘mos
2503 2323 2687 2386 dissi-

438 2407 628 2472 dium.
725 2406 893 2472 Sunt
939 2409 1101 2471 enim
1148 2409 1364 2473 Boemi
1399 2409 1645 2473 adversi
1678 2409 1940 2493 imperio
1974 2411 2054 2475 ob
2088 2411 2325 2475 cladem
2363 2413 2684 2494 acceptam

439 2495 500 2556 in
553 2496 714 2559 bello
772 2494 1129 2558 Batiai-ico*
1218 2496 1426 2559 Audio
1481 2497 1930 2578 Moguntinum
1984 2499 2337 2561 antistitem
2399 2498 2685 2579 postula-

435 2586 645 2644 turum
705 2582 877 2645 brevi
935 2582 1306 2645 subsidium.
1407 2583 1563 2645 Item
1624 2582 1958 2647 Federicus
2013 2586 2241 2649 clerum
2302 2584 2685 2647 emacerabit

437 2669 786 2748 flagitando
835 2669 1155 2749 pecunias
1248 2668 1440 2733 Porro
1487 2693 1600 2732 rex
1645 2671 1833 2734 solito
1881 2693 2051 2735 more
2097 2675 2395 2753 emunget
2441 2692 2683 2735 aurum.

439 2754 643 2829 Quare
714 2756 1066 2837 Argentino
1113 2762 1176 2817 et
1224 2755 1607 2820 Aesculano⁵
1680 2757 1961 2839 undique
2027 2762 2334 2842 parantur
2398 2756 2683 2821 insidiae.

436 2840 654 2904 Nostri
721 2842 947 2904 affines
1018 2842 1396 2925 pollicentur
1464 2865 1775 2907 summam
1844 2842 2129 2909 ce1·tam.⁶
2232 2843 2356 2908 Sed
2429 2842 2687 2925 quidam

438 2927 698 3003 lbanu8‚
746 2929 839 2992 vir
885 2951 1082 3010 sagax
1132 2934 1195 2993 et
1240 2930 1468 3010 graviS,
1533 2952 1657 2993 non
1715 2931 1941 2995 suadet
2002 2931 2177 3006 mihi,
2234 2935 2307 2994 ut
2359 2930 2683 3013 accipiam.

440 3014 737 3096 Alioquin
799 3016 1138 3092 occidetur,
1196 3038 1322 3080 non
1383 3016 1741 3079 servabitur
1785 3019 1993 3099 neptis
2039 3022 2276 3093 nostra,
2322 3039 2511 3099 quam
2557 3016 2685 3080 Ru-

437 3102 602 3164 finus
669 3108 880 3165 narrat
946 3102 1215 3185 puellam
1272 3125 1422 3188 'esse
1485 3102 2000 3166 formosissimam
2064 3110 2128 3167 et
2183 3103 2413 3167 habere
2492 3102 2687 3185 patris

439 3188 554 3261 sui,
605 3190 814 3252 fratris
863 3191 999 3264 mei,
1049 3189 1489 3251 lineamenta⁰
1547 3188 1779 3253 faciei.⁷
1872 3190 2032 3267 Quid
2094 3191 2333 3275 faciam·
2368 3190 2580 3253 nescio
2625 3194 2689 3253 et

575 3410 602 3437 a
631 3394 926 3447 nunciante.
1068 3398 1095 3435 b
1124 3393 1449 3460 dipthongos
1595 3408 1618 3435 ο
1647 3393 1963 3447 liniamenta.

584 3466 596 3494 ¹
635 3463 902 3517 Benedikt.
976 3464 1025 3516 S.
1064 3464 1097 3514 4
1133 3465 1194 3516 A.
1237 3464 1279 3515 1.
1391 3464 1410 3494 ²
1445 3462 1563 3515 Von
1600 3462 1901 3515 demselben
1936 3479 2097 3515 senex
2133 3462 2218 3516 ΒΓ.
2258 3463 2358 3515 576
2394 3462 2459 3529 (a.
2502 3460 2685 3528 1508):

438 3533 600 3584 «senis
637 3532 834 3584 abitum
875 3532 1158 3591 Benedicto
1209 3531 1521 3583 nuntiante«
1592 3532 1654 3584 Iu
1688 3531 1774 3584 ΒΓ.
1814 3534 1880 3585 56
1920 3532 2048 3584 wird
2085 3532 2176 3583 der
2212 3530 2510 3599 Vorganger
2557 3530 2689 3596 Spa-

440 3601 596 3653 lafins
653 3602 704 3652 in
765 3602 856 3652 der
913 3602 1166 3654 Parochie
1224 3600 1625 3653 Hohenkirchen
1682 3600 1759 3653 als
1813 3617 1973 3653 senex
2034 3600 2350 3653 bezeichnet.
2442 3598 2685 3667 Dagegen

443 3671 649 3722 scheint
684 3670 737 3721 in
775 3669 859 3722 Br.
901 3672 998 3723 188
1037 3670 1220 3739 (muno
1257 3670 1395 3720 enim
1433 3669 1540 3721 scio
1578 3670 1868 3722 rediturum
1908 3686 2087 3723 senem
2123 3668 2405 3738 tabidum«)
2456 3668 2547 3721 der
2582 3667 2687 3720 alte

441 3738 734 3791 Pfrfindner
769 3738 901 3791 Paul
939 3740 1211 3806 Myssener
1249 3737 1318 3804 (S.
1359 3738 1426 3788 42
1461 3742 1521 3792 A.
1562 3739 1614 3807 2)
1653 3740 1760 3791 und
1796 3738 1848 3790 in
1886 3738 1971 3792 Br.
2008 3738 2109 3791 483
2148 3738 2267 3805 (»sic
2305 3754 2455 3789 meus
2480 3735 2686 3814 senecio

441 3807 818 3860 contionatoros
855 3808 1015 3874 audit,
1065 3824 1166 3860 non
1203 3810 1262 3858 ut
1295 3823 1466 3860 mores
1503 3807 1739 3875 corrigat,
1776 3808 1868 3860 sed
1906 3812 1963 3860 ut
1997 3808 2108 3875 ipse
2158 3804 2291 3858 mihi
2338 3805 2687 3873 prodiglosam

441 3874 682 3929 fabellam
722 3876 862 3929 domi
910 3878 1140 3939 referat«)
1178 3876 1258 3928 oin
1297 3875 1429 3927 alter
1476 3876 1668 3929 Diener
1720 3876 1890 3943 (Paul.
1946 3875 2189 3944 Aquilius
2204 3878 2249 3940 2³)
2304 3874 2545 3943 gemeint.

512 3946 531 3975 ³
567 3944 908 3999 Maximiliau.
981 3946 1052 3998 Er
1087 3946 1210 3997 liess
1235 3944 1346 3996 sich
1380 3946 1471 3997 auf
1489 3945 1609 3997 dem
1637 3945 1950 4013 Reichstage
1980 3961 2075 3997 von
2104 3945 2341 3997 Kostnitz
2362 3944 2507 4013 (Apr.
2532 3944 2685 4011 1507)

441 4014 524 4065 die
559 4013 901 4067 Reichshiilsc
939 4032 1003 4067 zu
1041 4016 1213 4067 einom
1251 4013 1574 4080 Romerzuge
1612 4014 1905 4083 bewilligen
1941 4015 2051 4066 und
2087 4015 2247 4066 nahm
2283 4013 2429 4066 Febr.
2462 4012 2591 4066 1508
2622 4029 2689 4064 zu

439 4082 614 4134 Triout
649 4084 749 4134 den
787 4084 916 4136 Titol
969 4085 1111 4136 eines
1161 4083 1442 4135 erwiihlten
1491 4084 1786 4137 romischen
1832 4084 2047 4136 Kaisers
2084 4099 2163 4136 an.
2305 4084 2324 4114 ⁴
2358 4080 2686 4135 Maximilian

444 4152 670 4219 besiegto
709 4153 780 4204 im
826 4152 1276 4219 bonmisoh-pfalz.
1312 4151 1504 4219 Kriege
1540 4153 1625 4205 dic
1663 4153 2002 4205 b‘ohmischeu
2030 4152 2247 4204 Soldner
2268 4151 2561 4218 Rupreohts
2586 4167 2687 4202 von

440 4221 531 4271 clm·
572 4221 711 4273 l’falr.
753 4222 833 4274 bei
871 4222 1209 4290 Rogcnsburg
1257 4221 1394 4287 Sept.
1455 4223 1598 4274 1504.
1742 4224 1761 4252 5
1797 4222 1945 4274 Nach
1996 4221 2271 4285 Angustia.
2311 4220 2374 4272 de
2411 4219 2553 4271 civit.
2604 4219 2688 4271 dei

439 4289 530 4346 lv,
569 4290 629 4341 21
671 4292 1091 4359 (ieldgottheiten
1129 4292 1220 4343 der
1253 4289 1458 4343 Bomoi:
1533 4290 1679 4342 Siun:
1725 4290 1939 4343 Uberall
1979 4290 2106 4343 wird
2145 4290 2275 4341 Geld
2308 4288 2581 4356 gesordert.

507 4360 528 4390 ⁶
563 4358 612 4411 S.
652 4360 717 4412 38
756 4364 815 4415 A.
856 4361 901 4415 2.
1010 4363 1027 4393 ⁷
1064 4358 1322 4413 Benedikt
1356 4358 1510 4410 Rufin
1547 4360 1759 4413 machte
1797 4360 2069 4413 mehrfach
2093 4360 2147 4411 in
2172 4358 2401 4412 Mutians
2436 4357 2686 4426 Austrage

439 4428 880 4482 (ieschaftsreiseu
916 4430 1051 4483 nach
1089 4430 1304 4483 Hessen.
1377 4428 1426 4481 S.
1465 4430 1529 4481 37
1569 4431 1630 4483 A.
1670 4429 1716 4482 2.

3028 4610 3046 4867 —qu—
