3084 4895
477 387 607 460 554
920 376 932 389 ’
1337 398 1514 454 Briefe
1550 398 1645 452 <10³
1678 399 1728 454 J.
1771 398 1916 453 1515.

479 616 708 685 (Gotha.)
1533 603 1681 670 490.
2294 619 2339 670 1.
2376 617 2507 673 Juni
2542 620 2747 688 (1515).

1187 728 1476 799 Mutian
1520 750 1619 799 an
1663 729 2009 803 Voltzke.
2020 732 2037 767 ¹

489 856 669 923 (Dank
700 857 796 925 fiir
831 856 1116 927 Beileyuny
1150 858 1236 911 des
1272 857 1707 979 Hampmegsae.
1754 858 1893 996 JEin
1938 858 2282 913 Norcvu'iuser
2327 857 2429 913 soll
2470 856 2751 913 einxv‘eken

1431 944 1474 981 u·
1610 942 1751 979 auen

789 1040 1143 1094 Clarissimo
1181 1042 1318 1096 viro
1354 1042 1431 1093 D.
1469 1042 1706 1097 Simoni
1740 1044 2015 1097 Vuolsco
2053 1042 2163 1113 (M.
2199 1034 2447 1111 Rufus).

686 1152 750 1219 S.
841 1154 1110 1220 Gratum
1185 1159 1281 1220 est
1349 1156 1504 1221 mihi
1562 1162 1625 1256 et
1681 1179 2063 1256 magnopere
2118 1157 2495 1239 jucundum,
2566 1177 2750 1237 prae-

481 1242 876 1304 stantissime
944 1246 1232 1323 1131,1·0110
1302 1244 1470 1323 quod
1533 1244 1909 1307 vicariorum
1979 1244 2154 1307 litem
2224 1241 2637 1308 subodiosam
2688 1245 2754 1303 et

481 1325 810 1389 molestam
879 1327 1074 1389 dilato
1137 1328 1370 1409 judicis
1439 1328 1654 1393 officio
1722 1334 2029 1410 tanquam
2102 1327 2476 1426 pacificator·
2533 1332 2752 1389 extra·

478 1411 796 1474 ordinaria
859 1410 1290 1486 auctorita.te,²
1338 1418 1410 1475 ut
1455 1415 1729 1478 amicum
1794 1415 2023 1487 decuit,
2086 1412 2533 1495 composueris.
2633 1410 2751 1475 Ur-

477 1496 717 1577 gebant
784 1499 950 1561 enirn
1021 1501 1206 1579 quasi
1275 1500 1524 1562 cedenti
1594 1500 1860 1563 similem
1928 1498 2275 1569 adversarii
2348 1498 2615 1560 licentes
2687 1504 2754 1559 et

481 1582 774 1645 audaculi
824 1588 885 1645 et
932 1606 1030 1645 me
1079 1584 1374 1665 majorem
1425 1586 1488 1646 in
1541 1586 1794 1648 modum
1844 1585 2149 1649 conviciis
2212 1582 2569 1647 onerabant
2630 1581 2752 1645 ab·

480 1672 742 1743 sentem,
791 1674 880 1741 111,
930 1670 1097 1751 quod
1147 1692 1286 1733 mea
1331 1676 1560 1751 sponte
1605 1670 1890 1734 facturus
1938 1670 2196 1737 videbar
2243 1668 2307 1730 in
2342 1667 2751 1731 restituenda

480 1753 688 1829 dom0‚
735 1754 798 1817 id
844 1775 1057 1818 eorum
1109 1754 1384 1837 impulsu
1431 1760 1693 1819 coactus
1738 1755 1963 1823 fecisse
2002 1755 2335 1836 judicarer.
2413 1752 2757 1817 Favebant

487 1839 613 1903 illis
660 1838 856 1902 Gothi
901 1840 1026 1903 mei
1071 1844 1136 1903 et
1179 1862 1381 1903 meam
1431 1841 1961 1923 tranquillitatem
2009 1841 2305 1923 ignaviae
2348 1837 2759 1913 tribuebant

483 1924 766 1989 dicentes
838 1947 936 1987 me
1005 1926 1302 1991 habuisse
1379 1926 1569 1991 aedes
1644 1927 1993 2005 derelictui,
2067 1926 2361 2041 iniquum
2427 1946 2569 1985 esse
2638 1922 2757 1987 ab·

482 2012 731 2075 horrere
799 2033 835 2073 a
904 2011 1143 2076 tabulis
1211 2012 1572 2095 obsignatis
1640 2034 1845 2093 neque
1920 2006 2302 2096 parentalia⁸
2370 2030 2613 2084 curare,
2683 2008 2754 2071 in

483 2095 715 2177 quibus
761 2097 933 2161 salus
979 2103 1043 2160 et.
1090 2099 1332 2161 coelum
1392 2099 1773 2163 continetur.
1867 2098 2037 2163 Haec
2098 2103 2293 2177 atque
2354 2095 2485 2159 alia
2547 2092 2758 2158 multa

480 2182 843 2246 istiusmodi
907 2205 1048 2246 cum
1111 2185 1246 2246 sine
1309 2184 1540 2247 damno
1588 2206 1707 2247 nec
1750 2184 1952 2249 averti
2011 2205 2127 2245 nec
2188 2183 2385 2245 everti
2446 2183 2757 2263 poterant

482 2268 882 2347 (dicebantur
957 2270 1121 2332 enim
1199 2268 1318 2333 sub
1387 2274 1722 2351 praetextu
1791 2268 2165 2351 religionis),
2233 2288 2358 2331 non
2430 2264 2755 2339 videbam

488 2375 616 2435 qua
681 2354 928 2417 ratione
973 2355 1188 2419 liceret
1235 2356 1426 2419 saluti
1473 2354 1661 2419 simul
1710 2358 1775 2417 et
1820 2354 1909 2418 rei
1954 2354 2301 2427 consulere.
2391 2351 2756 2415 Promisere

491 2439 712 2505 vicarii
755 2462 1014 2505 aureum
1059 2464 1364 2519 annuum,
1411 2441 1622 2523 quoad
1669 2442 1965 2514 viverem
2013 2444 2077 2503 et
2120 2443 2578 2504 testamentum
2627 2437 2755 2502 im-

483 2525 798 2590 molandis
840 2526 1070 2589 hostiis
1116 2525 1419 2612 perpetuo
1481 2526 1883 2590 servandum.
1892 2525 1915 2558 ⁸
2002 2525 2204 2589 Erant
2261 2525 2388 2602 alii,
2455 2525 2569 2606 qui
2630 2513 2756 2586 XX

487 2632 710 2676 aureos
757 2613 976 2676 statim
1023 2613 1267 2676 dandos
1312 2612 1781 2710 pollicerentur.
1872 2611 2219 2676 Universos
2265 2607 2623 2692 repudiavi,
2669 2629 2754 2670 ne

481 2697 666 2760 fidem
716 2696 860 2762 Tito
905 2696 1104 2762 Mario
1151 2698 1363 2764 datam
1413 2698 1544 2762 ulla
1588 2698 1652 2766 in
1701 2701 1882 2779 parte
1936 2718 2301 2762 resecarem.
2311 2695 2332 2728 ⁵
2423 2693 2761 2758 Successit

481 2782 872 2848 inviolabilis
932 2785 1282 2848 auctoritas
1347 2787 1496 2847 tuae
1563 2782 2058 2860 intercessioniS,
2128 2805 2165 2846 a
2234 2803 2361 2863 qua
2406 2779 2755 2844 dissentire

484 2870 630 2950 quis
689 2869 946 2950 potest?
1032 2869 1340 2942 Inventus
1385 2868 1787 2950 estquidam
1852 2864 2361 2944 Northusensis,⁴3
2422 2866 2545 2928 etsi
2588 2863 2756 2929 mihi

481 2955 764 3035 ignotUS,
833 2977 958 3018 non
1027 2960 1241 3018 tamen
1310 2953 1855 3036 despicatissimus
1917 2953 2127 3030 home,
2174 2953 2284 3034 qui
2330 2951 2583 3014 vicariis
2628 2950 2757 3016 im-

482 3062 748 3124 pensam
819 3041 1120 3104 resarciat
1166 3046 1230 3104 et
1273 3041 1588 3120 inquilino
1635 3039 1995 3104 satisfaciat
2040 3043 2103 3102 et
2148 3059 2353 3101 meam
2400 3036 2751 3098 stationem

487 3131 744 3189 strenue
811 3123 1205 3188 aedificando
1277 3127 1603 3206 suscipiat,
1678 3125 1845 3206 quod
1917 3124 2158 3188 factum
2226 3122 2541 3186 industrio
2613 3121 2755 3182 viro

485 3211 750 3278 Nicolao
825 3209 1292 3292 Engelmanno⁷
1369 3213 1571 3273 amico
1643 3209 2107 3308 jucundissimo
2172 3207 2487 3304 placuisse
2555 3205 2753 3270 audio

489 3319 618 3362 non
665 3297 877 3360 miuus
922 3319 1112 3378 quam
1159 3302 1308 3360 tuae
1355 3296 1755 3358 eminentiae.
1852 3295 1931 3358 Et
1978 3315 2095 3376 ego
2141 3298 2310 3357 certo
2358 3291 2489 3356 scio
2538 3296 2752 3357 statu-

489 3384 614 3448 isse
674 3404 786 3446 vos
845 3382 1069 3446 ambos
1135 3383 1453 3479 sapienter
1497 3385 1562 3442 et
1606 3381 1897 3460 gnaviter
1960 3379 2194 3445 omnia.
2284 3377 2491 3454 Quare
2559 3375 2753 3439 velim

492 3467 650 3531 mihi
704 3467 1132 3549 respondeant
1189 3465 1430 3544 vicarii,
1475 3489 1557 3530 an
1604 3470 1881 3530 vestram
1942 3466 2133 3528 etiam
2188 3461 2415 3526 talium
2469 3462 2752 3524 virorum

491 3553 895 3638 prudentiam
957 3553 1442 3616 calumnientur.
1537 3550 1608 3614 Si
1663 3550 1839 3614 litem
1895 3550 1975 3614 ad
2028 3550 2585 3613 111101110010110111ει
2638 3569 2747 3610 ex-

492 3639 791 3702 stinctam
839 3661 976 3702 esse
1023 3637 1411 3716 fatebuntur,
1459 3637 1619 3700 bene
1651 3635 1862 3699 habet.
1955 3633 2025 3698 Si
2067 3631 2152 3697 111
2185 3633 2389 3716 inepti
2434 3635 2499 3696 et
2543 3630 2758 3695 frivoli

494 3725 972 3788 commenticiae
1017 3723 1244 3788 salutis
1289 3722 1651 3786 venditores
1696 3725 2148 3786 testamentum
2195 3718 2546 3800 requirunt,
2604 3719 2756 3797 peto

631 3942 658 3970 a
685 3926 1087 3980 inteimnitionem
1147 3925 1152 3932 '

638 3999 652 4027 ¹
691 3995 740 4048 S.
777 3995 841 4048 81
883 3997 942 4048 A.
984 3993 1031 4048 2.
1173 3995 1194 4025 ²
1227 3991 1274 4042 V
1279 3991 1344 4060 gl
1383 3991 1469 4043 Br.
1507 3992 1607 4043 437
1646 4007 1713 4042 an
1749 3989 2105 4055 Sommering:
2143 3951 2389 4039 »Dimitte
2426 3985 2557 4038 istos
2592 3999 2625 4036 a
2658 3983 2756 4036 tri-

503 4065 684 4117 bunali
721 4065 785 4115 ad
835 4061 1298 4115 extraordinariam
1353 4063 1500 4112 tuam
1551 4059 1915 4111 audientiam«
1984 4056 2205 4109 Voltzke
2258 4053 2467 4106 scheint
2518 4052 2629 4105 also
2680 4053 2757 4103 im

504 4135 754 4198 Austrage
804 4131 1158 4196 Sommerings
1205 4128 1491 4180 ’vermittelt
1529 4144 1595 4178 211
1628 4128 1817 4191 haben,
1872 4126 2045 4178 zumal
2092 4141 2148 4176 01
2200 4122 2441 4188 zugleich
2494 4121 2759 4173 Vorstand

503 4203 595 4254 der
629 4201 824 4252 Vikare
861 4201 954 4252 der
987 4198 1372 4251 Marienkirche
1406 4196 1458 4246 in
1497 4196 1675 4247 Erfurt
1710 4211 1831 4247 w.ar
1976 4195 1995 4225 ³
2028 4193 2127 4246 Die
2162 4191 2493 4244 Seelmessen
2538 4191 2627 4240 fiir
2672 4187 2758 4240 die

505 4269 878 4323 ve1··st01benen
913 4267 1132 4320 Bmdel.
1187 4265 1428 4318 31:225.
1572 4265 1591 4295 ⁴
1624 4261 2019 4332 Vg1.B1-.227.
2162 4262 2184 4292 ⁵
2216 4259 2303 4311 ΒΓ.
2341 4258 2461 4312 295.
2601 4257 2623 4288 ⁶
2658 4256 2759 4309 Ein

499 4339 666 4392 Vikar
713 4353 780 4390 an
827 4337 920 4389 der
970 4333 1353 4390 Malienkirche
1387 4332 1444 4384 in
1477 4332 1669 4398 Erfurt,
1707 4331 1807 4384 wie
1842 4330 2045 4383 Mutian
2081 4331 2235 4381 unter
2268 4327 2391 4379 dem
2426 4325 2508 4380 22.
2544 4324 2657 4378 Juli
2690 4340 2759 4377 an

497 4407 660 4460 Jonas
697 4405 943 4460 schreibt.
1015 4404 1102 4457 Br.
1139 4403 1258 4457 535.
1404 4403 1423 4436 ⁷
1455 4400 1579 4468 Vgl.
1612 4399 1701 4454 Br.
1736 4401 1837 4454 451
1877 4399 1995 4453 Ans.
