3084 4895
1175 410 1380 463 Mat-ian
1419 425 1487 462 an
1524 409 1723 465 Urban.
2432 413 2559 480 405

313 589 520 651 ratum
587 583 726 663 erit,
781 605 891 647 cur
943 605 1008 647 se
1064 604 1188 646 non
1238 579 1461 646 scribit.
1523 581 2041 665 paedicatorem‘?
2145 583 2331 648 Libet
2394 586 2559 652 enim

307 672 526 754 jocari.
623 669 785 733 Nam
816 669 1281 753 praedicatores
1311 688 1440 730 una
1470 667 1654 733 litera
1691 668 1941 752 spoliat,
1991 668 2119 733 nisi
2161 671 2561 754 superjacens

313 762 466 824 nota
535 756 824 838 designet
888 777 935 820 r.
1024 754 1190 818 Vicit
1254 754 1668 837 pedicatores
1776 754 1940 832 Quid
2008 756 2347 837 sequitur?
2434 757 2560 823 Sed

313 845 468 908 haec
509 863 638 906 non
685 848 837 907 sunt
895 841 1085 924 hujus
1145 839 1466 924 temporis
1558 839 1692 921 Ego
1754 839 2270 906 Constantinum¹
2350 844 2560 909 videre

311 929 515 1015 cupio
605 928 747 993 Non
809 929 1061 1011 perlegi.
1151 928 1306 1008 Legi
1363 930 1637 992 tantum.
1684 931 1760 990 ut
1800 927 1936 991 fieri
1979 928 2156 1008 solet,
2218 929 2556 998 vellicatim

313 1020 378 1081 et
417 1013 889 1080 intervallatim.
981 1013 1146 1079 Vale.
1239 1012 1577 1095 Concerpe.

618 1115 740 1170 eod.
777 1115 911 1170 Frof.
949 1115 1064 1170 279.

311 1323 542 1393 (Gotha.)
1353 1307 1498 1372 333.
1965 1323 2083 1386 (vor
2116 1323 2163 1377 9.
2201 1322 2342 1377 Marz
2384 1324 2555 1394 1514.)

1057 1433 1342 1503 Mutian
1387 1453 1483 1503 an
1529 1432 1807 1503 Urban.

313 1561 438 1628 (Die
472 1561 848 1616 Bettelmc‘mche
874 1562 1135 1643 ,sprinqen
1170 1563 1280 1631 auf
1301 1563 1478 1616 ΙιόοΙιει
1510 1561 1889 1616 umhristliche
1933 1561 2102 1614 Weiss
2146 1562 2248 1614 mit
2295 1562 2556 1617 Reuchlin

307 1647 420 1684 mn.
489 1631 573 1684 Zu
627 1631 771 1685 lobon
821 1632 1074 1700 hmqeyen
1123 1632 1221 1685 das
1272 1631 1434 1686 Breve
1477 1633 1565 1684 des
1610 1631 1839 1692 Ραὸείεε,
1885 1631 1975 1683 der
2018 1631 2102 1683 die
2151 1631 2314 1684 Sache
2348 1633 2553 1688 andam

311 1699 543 1767 Bisohof
507 1700 734 1824 fmA
915 1701 1168 1780 yewiesen
1198 1701 1304 1754 hat.
1373 1700 1549 1754 Janus
1583 1718 1685 1754 aus
1721 1699 1920 1753 Hessen
1935 1700 2151 1752 zadich.
2206 1699 2321 1754 Das
2342 1701 2553 1756 steiben

683 1769 838 1824 Δίας
874 1771 990 1823 und
1020 1769 1194 1823 δείνων
1226 1769 1522 1839 Kmnpwne.
1610 1769 1729 1823 Wer
1762 1786 1839 1822 cm
1884 1767 2055 1824 Uriels
2094 1769 2244 1822 ,Sreloe
2256 1767 2303 1836 3)

337 1884 557 1936 Amico
603 1884 1027 1936 benemerenti
1058 1885 1320 1938 Her-rico
1355 1884 1629 1944 Urbano,
1664 1882 1847 1936 docto
1882 1884 2183 1945 imprimis
2217 1885 2513 1946 magistro

486 1999 490 2003 -
885 1989 891 1995 „
940 1973 1004 2022 et
1038 1971 1484 2032 circumspecto
1521 1967 1631 2038 (M.
1665 1965 1909 2037 Rufus).

511 2080 575 2146 S.
659 2081 710 2146 A
745 2080 930 2148 bonis
961 2081 1327 2150 auctoribus
1359 2082 1694 2147 memoriae
1724 2082 2078 2168 proditum
2075 2088 2176 2146 est
2205 2081 2545 2168 optandam

303 2189 446 2232 esse
513 2167 786 2250 quietem
843 2173 906 2232 et
952 2169 1182 2233 mentis
1252 2168 1801 2251 tranquillitatem,
1872 2160 2094 2233 contra
2166 2189 2310 2232 vero
2378 2169 2539 2249 lites,

301 2253 496 2330 odias
520 2253 692 2319 rixas
737 2255 943 2320 veluti
976 2255 1202 2320 malam
1252 2253 1528 2320 scabiem
1574 2260 1637 2319 et
1681 2255 1868 2320 remis
1898 2260 1962 2320 et
1992 2254 2147 2319 velis
2187 2254 2540 2338 fugiendas.

300 2341 506 2440 Agere
572 2343 784 2405 autem
841 2341 1066 2406 leniter
1109 2347 1175 2407 et
1217 2345 1428 2406 mente
1480 2341 1825 2425 tranquilla
1887 2363 2047 2422 quos
2103 2342 2307 2424 magis
2368 2341 2547 2406 decet

299 2434 496 2511 quani
543 2428 906 2507 monachoS‚
954 2429 1319 2512 praesertim
1365 2428 1821 2503 mendicanteS‚
1868 2428 1976 2511 qui
2008 2427 2244 2493 Christi
2277 2450 2544 2512 pauper-

297 2517 500 2579 tatem
571 2510 947 2597 profitentur
1005 2520 1072 2579 et
1129 2514 1294 2597 frugi
1356 2514 1645 2579 homines
1709 2478 1929 2580 haberi
1990 2514 2319 2597 gestiunt?
2420 2514 2544 2580 Sed

296 2600 507 2678 aliter,
565 2600 719 2682 proh
773 2600 1008 2665 nefas!
1061 2624 1178 2665 usu
1235 2601 1428 2665 venit.
1519 2600 1735 2683 Usque
1788 2601 1943 2665 adeo
2001 2601 2169 2665 enim
2225 2600 2555 2669 fraterculi

181 2754 187 2759 ,
298 2684 567 2771 quidam
597 2686 873 2751 insanire
905 2708 1179 2770 coepere,
1204 2695 1296 2766 ut,
1321 2688 1470 2770 quia
1504 2687 1864 2753 christianis
1895 2687 2085 2750 armis
2114 2687 2537 2751 adversarium

293 2771 560 2857 perdere
606 2791 731 2837 non
779 2777 1090 2855 poterant,
1151 2773 1532 2838 bellatricem
1581 2773 1698 2839 fori
1748 2772 2163 2855 battologiam
2226 2795 2541 2839 assumere

294 2862 366 2924 et
411 2880 551 2923 cum
574 2858 1122 2957 prudentissimiS‚
1183 2859 1593 2943 gravissimiS‚
1656 2859 2045 2943 dignissimis
2091 2859 2541 2942 jureconsultis

294 2944 522 3029 pedem
569 2943 635 3008 in
681 2944 917 3010 harena
961 2946 1143 3028 quasi
1203 2946 1648 3028 digladiatoria
1700 2945 1979 3010 conferre
2038 2968 2165 3009 non
2223 2944 2536 3010 dubitent.
2636 2990 2642 2999 ·

292 3032 498 3096 Estne
543 3030 660 3094 hoc
705 3030 930 3095 salutis
977 3037 1040 3095 et
1084 3032 1232 3097 boni
1279 3031 1570 3097 monachi
1615 3031 2033 3097 institutum?
2120 3030 2345 3096 Nonne
2378 3031 2538 3096 foret

292 3118 565 3200 aequius
608 3118 671 3181 in
723 3117 879 3182 cella
924 3118 1116 3181 latere
1146 3140 1219 3181 ac
1251 3140 1458 3183 secum
1491 3118 1667 3199 loqui
1700 3140 1887 3201 quam
1925 3139 2260 3201 provocare
2294 3117 2533 3197 doctm,

291 3206 608 3268 lacessere
650 3203 937 3281 disertOS‚
985 3205 1353 3269 contrahere
1393 3204 1567 3268 litem
1603 3225 1745 3267 cum
1778 3203 1911 3268 viro
1945 3202 2291 3269 clarissimo
2325 3226 2530 3286 neque

293 3288 587 3353 Caesaris
631 3310 834 3387 neque
891 3290 1209 3372 pontificis
1272 3289 1651 3355 auctoritate
1716 3290 2053 3353 deterreri?
2140 3289 2344 3354 Nimis
2389 3294 2541 3353 sunt

291 3377 665 3456 arrogantes
732 3374 839 3439 isti
904 3377 1352 3458 paedicatores‚
1420 3376 1562 3439 hem
1631 3372 2147 3459 praedicatores.²
2233 3375 2538 3439 Iracunde

290 3461 488 3526 nimis
531 3461 903 3543 rabioseque
948 3466 1165 3545 agunt.
1258 3463 1342 3526 At
1383 3462 1570 3527 multi
1616 3466 1772 3527 sunt
1802 3482 2078 3525 numero.
2155 3461 2319 3539 Quid
2350 3462 2535 3525 tum?

285 3548 400 3611 An
463 3567 602 3629 egn,
669 3567 829 3629 quos
899 3548 1183 3629 singulos
1249 3552 1322 3614 ut
1381 3549 1597 3613 futiles
1662 3552 1727 3613 et
1792 3548 2095 3614 barbaros
2180 3553 2535 3626 contemn0,

281 3633 625 3698 ‚universos
686 3636 898 3715 putem
974 3635 1225 3700 veritati
1297 3632 1681 3698 obfuturos?
1790 3634 2083 3698 Rationis
2149 3638 2246 3697 est
2313 3654 2536 3715 expers

292 3724 360 3784 et
407 3718 593 3801 plane
635 3719 829 3797 rudiS,
875 3720 983 3803 qui
1028 3741 1155 3784 non
1204 3721 1362 3784 bene
1421 3720 1575 3783 velit
1633 3718 1964 3803 Capnioni,
2026 3740 2210 3802 quem
2272 3720 2532 3802 dignum

287 3805 726 3871 misericordia
774 3826 1018 3881 censen,
1066 3807 1233 3887 quod
1281 3828 1446 3871 unus
1474 3829 1514 3870 a
1544 3807 1763 3871 multis
1796 3806 2141 3889 etquidem
2188 3806 2534 3871 temerariis

294 3891 504 3956 modis
547 3891 844 3956 omnibus
889 3897 1170 3975 vexatur.
1263 3892 1707 3957 consideranti
1766 3892 1921 3973 mihi
1969 3914 2151 3955 casus
2196 3896 2260 3955 et
2301 3892 2535 3973 quibus

295 3977 585 4059 undique
629 3977 1024 4042 circumfusis
1068 3978 1372 4043 molestiis
1426 3983 1749 4043 exercetur
1807 3978 2074 4061 angores
2128 3979 2532 4043 metuendum

291 4065 570 4139 videtur,
655 4087 734 4128 ne
806 4064 1066 4129 tandem
1154 4065 1363 4129 animo
1452 4065 1619 4129 curis
1707 4064 2053 4143 defatigato
2140 4065 2528 4129 succumbat.

293 4150 692 4232 Quamquam
737 4150 911 4215 solus
955 4171 1081 4215 non
1129 4151 1328 4230 cadet,
1375 4155 1474 4214 tot
1503 4150 1953 4232 superstitibus
1986 4151 2222 4215 Romae
2266 4154 2331 4215 et
2374 4150 2530 4215 alibi

293 4236 669 4318 amplissimi
735 4236 974 4301 ordinis
1041 4237 1270 4319 partim
1317 4237 1398 4302 ob
1441 4236 1790 4313 hebraicaS‚
1854 4238 2082 4321 partim
2149 4258 2407 4318 graecas
2468 4241 2532 4300 et

438 4441 458 4471 ¹
491 4436 607 4507 Vgl.
645 4438 732 4493 ΒΓ.
770 4438 886 4494 329.
1013 4424 1048 4473 *2
1080 4439 1316 4493 Beliebte
1351 4442 1448 4494 Art
1479 4456 1546 4495 zu
1580 4440 1847 4508 scherzen,
1884 4440 2019 4493 auch
2054 4439 2128 4491 im
2164 4454 2271 4492 vor.
2307 4438 2392 4493 Br.
