3084 4895
477 459 610 524 130
1245 457 1420 514 Briefe
1455 477 1561 514 von
1596 463 1957 520 1508—1509.

479 643 716 713 (Gotha.)
1539 633 1685 695 109.
2025 649 2105 716 (Ε.
2146 649 2282 702 1508
2316 650 2399 702 od.
2438 651 2499 703 22
2540 649 2753 717 1509.)ι

1193 755 1484 824 Mutian
1529 778 1629 826 an
1672 759 2045 828 Hel-bord.

478 879 862 946 (Et-mahnaim
896 897 1004 932 zur
1039 881 1324 948 Eintraght
1357 886 1460 936 mit
1504 886 1707 939 Grotus.
1776 886 2097 937 Jaeaeristisehe
2132 885 2613 950 Nutzamcendunq
2646 901 2753 936 zur

479 949 644 1002 Lehre
659 966 780 1001 vom
799 949 1061 1016 Liiuy‘nen
1075 951 1192 1002 und
1221 951 1561 1017 Uberfiihren.
1596 955 1909 1021 Ratseleliiqe
1922 955 2021 1020 fiir
2044 953 2331 1020 Voilesunq
2346 954 2463 1004 und
2482 953 2751 1004 Studium.

687 1017 996 1084 Ausleyuny
1029 1018 1177 1070 einer
1213 1019 1364 1071 stelle
1411 1021 1633 1087 Veryils.
1710 1022 2181 1089 Orthoyraphiselae
2214 1021 2561 1086 Pedantmc.)

1023 1131 1392 1182 Herebordo
1426 1134 1775 1194 margarito
1812 1132 1921 1200 (Π.
1956 1132 2205 1200 Rufus).

693 1239 755 1303 S.
815 1239 988 1303 Bene
1018 1244 1092 1303 tn
1124 1241 1402 1322 quidem,
1450 1244 1622 1324 quod
1648 1244 1959 1325 judicium
1992 1265 2201 1306 meum
2233 1244 2532 1324 sequeris.
2593 1242 2749 1322 Eg0,

483 1347 566 1390 ne
612 1345 799 1401 eri-ee,
856 1326 1192 1388 ostendam
1256 1327 1378 1390 tibi
1430 1331 1599 1391 viam
1663 1331 1956 1410 promissi
2016 1327 2344 1392 tirocinii².
2436 1327 2529 1390 Tu
2580 1349 2752 1389 meas

483 1411 965 1492 objurgationes
1021 1414 1085 1473 et
1126 1411 1345 1474 literas
1411 1416 1549 1495 pari
1610 1415 1823 1478 animo
1878 1415 2042 1478 feras
2094 1437 2301 1496 neque
2364 1413 2556 1477 Croto
2616 1413 2749 1474 viro

482 1496 681 1578 probo
728 1493 1151 1559 succenseas⁸.
1223 1497 1449 1561 Amate
1481 1499 1905 1563 concordiam.
1966 1499 2405 1563 Dissensiones
2452 1519 2577 1560 non
2610 1521 2751 1579 per-

482 1583 753 1644 mittam.
843 1580 943 1642 Me
988 1603 1115 1644 non
1161 1583 1516 1660 offendetiS,
1563 1585 1687 1646 nisi
1732 1606 1951 1666 parere
1995 1585 2151 1647 mihi
2198 1584 2531 1647 nolueritis
2578 1588 2747 1645 recta

481 1667 888 1730 monstranti.
981 1665 1050 1729 Si
1082 1671 1252 1730 esset
1293 1669 1414 1731 tibi
1447 1692 1625 1732 mens
1659 1675 1946 1751 purgata,
1980 1671 2204 1751 utique
2234 1671 2476 1751 gratias
2508 1690 2746 1748 ageres»,

484 1753 740 1834 quando
784 1757 849 1814 te
893 1752 1181 1834 corripio.
1271 1753 1494 1817 Errare
1540 1777 1879 1836 possumus
1924 1761 1999 1818 nt
2044 1755 2368 1832 homines3
2418 1755 2591 1830 felix,
2641 1755 2752 1834 qui

484 1837 666 1900 audit
724 1837 1185 1900 emendantem.
1289 1838 1414 1902 Sed
1475 1842 1807 1903 veniamus
1868 1841 1947 1903 ad
2014 1846 2296 1903 nostrum
2360 1841 2750 1901 institutum.

484 1922 717 2003 RogaS,
763 1925 836 1984 ut
880 1922 1000 1984 tibi
1032 1924 1320 1986 studioso
1347 1924 1508 2005 juris
1541 1931 1605 1987 et
1636 1926 1990 2006 elegantiae
2038 1948 2418 1988 succurram.
2496 1924 2749 1986 Faciam

486 2008 703 2071 sedulo
765 2005 1019 2069 Christo
1075 2009 1416 2089 aspirante.
1507 2009 1694 2072 Nunc
1755 2033 2003 2073 sumam
2050 2035 2129 2073 ex
2175 2010 2566 2093 praescripto
2620 2030 2751 2070 ma-

484 2093 706 2156 teriam
755 2093 912 2156 satis
958 2092 1179 2156 utilem
1225 2095 1535 2158 advocato
1584 2094 1817 2159 futuro.
1911 2097 2025 2159 Est
2072 2096 2173 2159 hic
2233 2095 2621 2177 conjectura,
2670 2117 2753 2156 an

485 2179 740 2253 dixeriS,
803 2178 974 2258 quod
1022 2177 1253 2242 Crotus
1315 2181 1406 2242 ait
1454 2185 1516 2242 te
1563 2181 1818 2259 dixisse,
1879 2185 1953 2244 tu
2000 2181 2311 2244 infitiaris.
2405 2179 2749 2242 Sciendum

483 2269 581 2328 est
623 2264 812 2343 longe
858 2264 1169 2344 optimum
1219 2287 1374 2342 esse,
1440 2267 1493 2327 si
1540 2271 1879 2329 accusatus
1943 2289 2173 2347 negare
2230 2263 2491 2328 factum'
2520 2270 2748 2345 potest.

483 2348 553 2412 Si
601 2370 725 2411 non
771 2353 1003 2430 potest,
1051 2349 1246 2412 habet
1289 2351 1386 2412 vel
1431 2351 1896 2414 confessionem
1943 2351 2040 2414 vel
2089 2350 2537 2413 defensionem.
2622 2349 2755 2411 Nos

484 2433 834 2498 Christiani
869 2434 1036 2515 apud
1071 2435 1254 2498 deum
1282 2436 1560 2517 judicem
1598 2437 1771 2517 (nam
1804 2435 2751 2517 auriculariam‚confessionem

482 2519 797 2602 improbo)
845 2518 1118 2582 fatemur
1164 2527 1422 2602 peccata
1469 2526 1532 2585 et
1577 2524 1815 2585 utimur
1860 2545 1985 2586 non
2019 2524 2397 2605 purgatione
2443 2521 2753 2595 criminis,

482 2606 592 2669 sed
641 2606 1098 2687 deprecatione,
1164 2613 1228 2669 et
1288 2609 1440 2687 quia
1501 2608 1750 2689 culpam
1814 2609 2147 2671 defendere
2204 2629 2329 2670 non
2391 2628 2749 2687 possumuS,

484 2712 830 2773 precamur,
878 2696 951 2753 ut
985 2691 1292 2771 ignoscat.
1371 2692 1591 2755 Utitur
1625 2695 1741 2756 hac
1773 2694 2170 2756 confessione
2202 2699 2266 2755 et
2301 2692 2749 2773 deprecatione

487 2774 707 2839 Cicero
753 2776 924 2857 apud
959 2774 1288 2840 Caesarem
1335 2799 1447 2859 pro
1482 2778 1551 2854 Q.
1586 2780 1863 2859 Ligario.
1959 2780 2159 2842 Verba
2196 2778 2517 2841 Ciceronis
2564 2781 2751 2839 sunt:

491 2862 744 2943 „Habes
789 2862 986 2941 igitur
1017 2860 1285 2939 Tubero,
1334 2864 1505 2944 quod
1536 2870 1635 2927 est
1666 2866 2022 2927 accusatori
2068 2864 2342 2926 maxime
2376 2862 2749 2944 optandum,

487 2946 897 3011 confitentem
945 2948 1178 3009 reum.“
1247 2948 1394 3011 Ideo
1427 2954 1659 3024 autem,
1712 2951 1797 3012 mi
1832 2949 2207 3025 Hereborde,
2254 2948 2606 3029 optandum
2655 2952 2755 3008 est

397 3030 408 3039 ’
485 3033 862 3108 accusatori,
910 3037 984 3095 ut
1029 3033 1408 3097 confiteatur
1451 3056 1614 3110 reUS,
1664 3036 1814 3114 quia
1848 3056 1971 3096 non
2010 3035 2129 3096 erit
2160 3055 2319 3115 opus
2354 3034 2752 3113 probatione,

485 3140 613 3199 qua
657 3118 817 3180 nihil
863 3122 961 3181 est
993 3117 1317 3185 difficilius
1361 3122 1425 3182 in
1461 3125 1735 3199 utroque
1780 3120 1933 3181 foro,
2027 3120 2243 3200 Neque
2278 3121 2446 3181 enim
2478 3116 2754 3180 testibus

415 3225 419 3230 ·
487 3204 690 3268 solum
738 3210 802 3266 et
846 3203 1087 3265 tabulis
1133 3205 1404 3285 signatis
1451 3212 1516 3267 et
1562 3205 1968 3286 praejudiciis
2016 3209 2079 3267 et
2124 3205 2482 3267 rumoribus
2528 3207 2592 3264 et
2623 3207 2755 3263 tor-

491 3290 740 3367 mentis,
791 3290 898 3351 sed
937 3291 1126 3351 etiam
1161 3291 1362 3370 signis
1395 3294 1459 3353 et
1489 3291 1848 3353 rationibus
1880 3291 1953 3353 fit
1986 3290 2294 3369 probatio.
2368 3287 2523 3351 Cum
2559 3288 2756 3367 igitur

487 3397 699 3457 negaS,
750 3395 875 3455 quo
925 3375 1110 3437 modo
1157 3375 1485 3456 probabo?
1548 3374 1757 3437 Testis
1790 3380 1888 3439 est
1918 3397 2085 3437 unus
2131 3375 2379 3437 Crotus.
2471 3373 2751 3435 Duorum

483 3460 855 3524 testimonio
903 3481 1063 3541 opus
1111 3466 1224 3523 est.
1317 3460 1500 3523 Facit
1546 3481 1659 3540 pro
1692 3464 1775 3537 te,
1823 3465 1895 3523 ut
1940 3460 2061 3523 tibi
2108 3459 2251 3541 plus
2299 3459 2567 3533 credam,
2616 3458 2751 3519 vita

487 3547 796 3609 innocens
852 3550 916 3608 et
960 3546 1131 3625 quod
1193 3546 1268 3608 de
1318 3568 1412 3607 me
1473 3546 1562 3608 sis
1626 3546 1784 3607 bene
1844 3546 2104 3608 meritus
2150 3552 2214 3607 et
2260 3544 2431 3626 quod
2478 3564 2621 3624 spes
2668 3542 2754 3603 sit

485 3636 550 3694 te
598 3632 658 3692 in
708 3631 992 3692 futurum
1039 3631 1234 3693 talem
1289 3629 1440 3707 fore,
1490 3631 1699 3712 qualis
1733 3630 1943 3693 fueris,
2022 3630 2251 3693 Sciunt
2292 3628 2553 3691 rabulae
2597 3626 2756 3689 nihil

490 3717 692 3795 magis
761 3715 1057 3796 prodesse
1113 3738 1303 3797 quam
1367 3738 1616 3796 negare,
1676 3721 1745 3779 ut
1795 3716 2154 3778 adversario
2217 3714 2561 3777 incumbat>
2610 3732 2754 3793 pro-

487 3800 684 3863 bandi
731 3800 949 3864 moles.
1043 3799 1168 3863 Sed
1225 3802 1301 3863 de
1348 3800 1466 3863 hac
1520 3802 1763 3863 astutia
1826 3802 2141 3882 posterius
2200 3800 2425 3862 dicam.
2520 3798 2755 3860 Demus

635 3988 652 4017 ¹
687 3984 823 4038 Dass
859 3984 1098 4036 Herbord
1133 3984 1326 4036 bereits
1363 3984 1418 4035 in
1456 3983 1806 4051 Georgenthal
1840 4000 1963 4048 war,
2002 3982 2210 4035 scheint
2244 3998 2340 4033 aus
2378 3981 2479 4032 den
2510 3980 2755 4032 Schluss-

490 4056 689 4106 worten
728 4054 820 4105 des
857 4053 941 4104 Br.
981 4070 1046 4104 zu
1084 4051 1330 4104 erhellen.
1401 4052 1570 4104 Dafiir
1605 4052 1808 4119 spi-ioht
1844 4052 1979 4103 auch
2002 4052 2094 4102 der
2113 4047 2453 4102 wiederholte
2489 4048 2593 4100 Rat
2626 4047 2758 4099 iiber

489 4122 572 4173 die
609 4122 763 4174 sechs
802 4120 1065 4173 Rubriken
1105 4121 1244 4172 beim
1279 4121 1645 4187 Excerpieren.
1686 4120 1801 4187 Vgl.
1829 4120 1915 4171 Br.
1946 4120 2059 4172 104.
2167 4121 2187 4150 ²
2206 4118 2312 4169 Der
2336 4116 2755 4183 versprochenen

487 4190 869 4258 Vorbereitung
902 4190 988 4240 fiir
1022 4190 1107 4240 die
1137 4189 1443 4255 juristische
1479 4188 1771 4241 Laufbahn.
1845 4189 1939 4240 Als
1976 4188 2153 4240 solche
2189 4185 2513 4238 betrachtete
2552 4183 2755 4235 Mutian

492 4259 637 4309 seiue
673 4262 834 4325 guten
870 4258 1187 4323 Ratsohliige
1223 4258 1331 4308 und
1368 4256 1843 4323 Unterweisungen
1886 4258 1970 4307 fiir
2005 4257 2098 4307 das
2134 4254 2377 4307 Studium
2416 4254 2507 4304 des
2542 4252 2758 4319 RechtS,

493 4327 614 4378 dem
650 4326 888 4379 Herbord
926 4327 980 4377 in
1017 4325 1365 4392 Georgenthal
1413 4324 1578 4392 oblag.
1689 4326 1709 4355 ³
1732 4325 1953 4376 Bezieht
1986 4324 2102 4375 sich
2136 4323 2229 4374 auf
2260 4321 2525 4373 Herbords
2559 4322 2758 4371 Ausse-

489 4408 692 4462 rungen
727 4394 858 4446 iiber
891 4393 1097 4461 Mutiau
1129 4394 1183 4445 in
1210 4394 1520 4460 Gegenwart
1556 4394 1648 4445 des
1674 4392 1876 4458 Crotus,
1912 4394 2005 4443 der
2038 4390 2243 4443 Mutian
2277 4388 2558 4455 verteidigt
2592 4388 2754 4439 hatte.

489 4460 609 4531 Vgl.
647 4460 734 4514 ΒΓ.
775 4462 889 4515 105.
961 4450 1106 4517 Uber
1141 4461 1328 4515 erotus
1363 4460 1414 4513 S.
1455 4462 1555 4513 113
1592 4463 1653 4512 A.
1679 4460 1726 4511 2.
