3084 4895
1262 387 1472 440 Mutian
1510 401 1581 437 an
1619 383 1817 438 Urban.
2548 379 2669 446 185

405 560 599 624 etiam
673 579 816 622 cum
881 559 942 620 in
992 558 1148 621 illud
1215 557 1699 620 subterraneum
1768 554 2155 620 cubiculum'
2230 554 2668 618 demitteretur

403 645 850 724 haesissetque
895 643 1306 707 descendenti
1362 643 1547 718 stola,
1610 643 1803 704 vertit
1845 664 1910 703 se
1955 663 2030 704 ac
2074 641 2433 720 recollegit,
2494 637 2665 704 cum²

404 732 462 794 ei
511 729 798 793 carnifex
857 751 1114 792 manum
1161 729 1358 800 daret,
1407 732 1698 790 aversata
1744 732 1843 789 est
1888 731 1951 788 et
1995 727 2221 790 resiliit
2286 727 2665 808 foedumque

405 820 776 880 contactum
838 815 1022 894 quasi
1082 814 1272 895 plane
1315 835 1352 875 a
1397 819 1576 876 casto
1643 833 1900 893 corpore
1967 832 2253 894 puroque
2323 811 2669 874 novissima

407 901 752 964 sanctitate
839 898 1114 981 rejecit.“
1237 898 1530 962 Profecto
1620 898 1922 961 terribilis
1995 903 2132 960 erat
2204 897 2667 960 animadversio

409 987 676 1050 vitiatae
745 984 1035 1048 Vestalis.
1129 985 1356 1046 Vincta
1421 984 1587 1046 enirn
1658 983 2035 1046 efferebatur
2102 983 2165 1043 in
2236 983 2569 1063 sandapila
2626 1004 2665 1044 a

407 1071 856 1153 sandapilariis
923 1071 982 1133 h.
1045 1093 1096 1131 e.
1156 1069 1533 1132 cadaverum
1614 1068 2033 1150 portitoribus
2110 1067 2667 1148 sepultoribusque

405 1179 517 1254 per
563 1156 840 1218 medium
891 1155 1094 1218 forum
1141 1176 1343 1234 usque
1377 1155 1454 1217 ad
1487 1159 1737 1235 portam
1785 1154 2119 1226 Collinam,
2156 1153 2263 1216 ubi
2298 1177 2336 1215 a
2366 1152 2669 1234 pontifice

411 1244 590 1322 virgo
621 1242 866 1302 incesta
914 1242 981 1302 in
1027 1262 1359 1302 cavernam
1395 1240 1873 1302 subterraneam
1906 1203 2285 1314 demittitur,
2321 1238 2465 1300 inde
2498 1237 2669 1300 fossa

405 1327 638 1389 tellure
683 1325 984 1408 repletur,
1028 1327 1095 1388 in
1141 1347 1269 1405 qua
1314 1330 1528 1388 tamen
1592 1327 1689 1387 est
1749 1327 1988 1386 stratus
2051 1324 2253 1386 lectus
2300 1330 2360 1386 et
2409 1323 2667 1385 lucerna

404 1413 634 1475 ardens
681 1416 744 1473 et
787 1412 992 1493 paniS,
1051 1410 1168 1487 lac,
1215 1411 1447 1484 oleum,
1510 1432 1588 1472 ne
1635 1408 1801 1472 fame
1848 1409 2007 1472 mori
2052 1409 2358 1472 videatur.
2440 1408 2531 1470 Ea
2564 1408 2663 1470 die

406 1498 730 1560 silentium
800 1502 864 1559 et
930 1497 1250 1559 moestitia
1317 1497 1382 1558 in
1451 1499 1593 1558 tota
1668 1495 1824 1558 urbe
1891 1499 2007 1558 est.
2120 1494 2217 1571 Ex
2286 1516 2411 1577 quo
2478 1493 2665 1557 datur

401 1582 678 1662 intelligi
730 1580 1080 1645 Vestalium
1143 1582 1468 1662 punitores
1529 1581 1727 1644 fuisse
1778 1581 2145 1661 pontifices;
2200 1581 2371 1662 quod
2418 1603 2497 1642 ne
2540 1578 2663 1642 tibi

403 1669 632 1730 mirum
703 1667 808 1742 sit,
877 1667 1025 1730 audi
1095 1665 1458 1730 Cornelium
1527 1666 1819 1730 Tacitum
1884 1668 1961 1730 de
2028 1667 2363 1730 Germanis
2432 1665 2665 1728 nostris

403 1753 819 1816 scribentem:
919 1750 1176 1832 „Neque
1263 1753 1764 1815 animadvertere
1852 1773 2059 1832 neque
2134 1752 2371 1814 vincire
2462 1772 2665 1833 neque

403 1839 733 1901 verberare
777 1837 1033 1919 quidem
1081 1838 1205 1899 nisi
1249 1838 1689 1901 sacerdotibus
1752 1835 2219 1919 permissum.“³
2308 1837 2376 1899 In
2448 1841 2667 1899 nostra

405 1924 710 2004 religione
771 1945 900 1986 non
963 1923 1112 1986 licet
1175 1923 1453 1985 antistiti
1521 1925 1851 1987 verberare
1913 1927 1977 1985 et
2038 1922 2331 2004 culpatur
2396 1922 2662 1985 clericus

405 2030 769 2090 percussor3
815 2014 1032 2071 tamen
1081 2029 1216 2070 mos
1259 2012 1457 2086 tenet,
1491 2013 1567 2072 ut
1596 2031 1809 2072 sacros
1840 2009 2037 2088 virgis
2070 2009 2357 2072 caedant.
2438 2008 2663 2089 Itaque

406 2094 920 2177 archiepiscopus
978 2093 1400 2174 Moguntinus
1457 2095 1691 2158 abbam
1754 2094 1978 2158 Fontis
2023 2093 2354 2157 Reinardi‘
2399 2095 2547 2157 olim
2595 2094 2660 2156 in

405 2180 772 2244 ambulacro
859 2178 1130 2243 Mariani
1217 2181 1440 2263 templi
1529 2181 1697 2262 apud
1779 2179 2199 2262 Erphurdiam
2292 2179 2660 2242 verberibus

405 2267 756 2346 castigasse
821 2265 1071 2328 dicitur.
1183 2265 1510 2346 Duratque
1577 2268 1643 2328 in
1714 2265 2038 2336 coenobiis
2102 2288 2178 2329 ea
2247 2265 2659 2341 consuetudO,

404 2373 532 2434 qua
576 2353 630 2414 si
676 2351 771 2413 uti
817 2350 1054 2414 vellent
1117 2351 1434 2414 cruciatae
1498 2351 1876 2428 sacerdoteS,
1941 2351 2178 2414 rediret
2243 2351 2404 2414 forte
2469 2371 2661 2431 quam

403 2437 620 2518 diligis
695 2439 881 2520 partu
957 2437 1186 2500 levata.
1305 2435 1433 2501 Sed
1507 2460 1817 2501 carcerem
1898 2438 2177 2502 minatur
2266 2437 2661 2501 Temerarius

404 2522 924 2586 Themariensis.⁵
1017 2522 1234 2586 Nescit
1279 2523 1567 2587 sufficere
1600 2525 1715 2587 deo
1747 2524 2149 2587 lacrimosam
2184 2522 2658 2605 poenitentiam.

405 2608 654 2691 Septies
691 2608 862 2672 cadit
888 2608 1102 2689 justus
1133 2612 1200 2671 et
1228 2610 1520 2690 resurgit.
1552 2621 1581 2649 ⁸
1644 2609 1855 2672 Flevit
1885 2610 2133 2686 Petrae,
2165 2610 2345 2673 flevit
2373 2608 2663 2672 Marthae

402 2714 598 2770 soror,
646 2694 812 2757 dixit
855 2694 1060 2756 David
1106 2694 1355 2757 adulter
1398 2702 1464 2758 et
1508 2694 1857 2759 homicida:
1908 2695 2183 2777 peccavi,
2229 2701 2293 2758 et
2324 2693 2661 2758 confestim

403 2780 758 2843 misericors
803 2783 869 2842 et
923 2781 1252 2843 miserator
1319 2780 1615 2844 dominus
1681 2784 2012 2863 peccatum
2086 2780 2385 2859 abstulit3
2440 2779 2551 2861 qui
2608 2780 2661 2843 si

401 2866 696 2947 protinus
769 2865 1072 2928 scelerum
1150 2864 1319 2929 ultor
1394 2870 1581 2943 esset,
1659 2887 1863 2947 neque
1936 2866 2193 2929 Petrum
2261 2871 2326 2929 et
2391 2865 2658 2929 Paulum

404 2950 670 3013 haberet
715 2950 982 3014 ecclesia
1025 2971 1232 3031 neque
1279 2972 1396 3014 nos
1439 2952 1775 3015 miserrimi
1823 2957 2185 3032 peccatores
2232 2952 2601 3015 viveremus
2634 2952 2662 2990 ¹³

401 3035 542 3099 Etsi
607 3042 859 3098 mortua
919 3036 1094 3117 jacet
1151 3037 1215 3098 in
1276 3037 1565 3117 sepulcro
1636 3036 1859 3100 nefarii
1928 3036 2247 3111 facinoriS,
2315 3042 2524 3099 tamen
2597 3041 2663 3099 et

401 3121 745 3184 foetentem
793 3121 1135 3184 suscitabit
1177 3123 1274 3183 uti
1325 3123 1654 3185 Lazarum.
1746 3122 1886 3184 Non
1935 3123 2073 3185 vult
2121 3127 2379 3186 mortem
2440 3143 2661 3203 pecca-

401 3207 599 3276 tricis,
645 3208 754 3269 sed
817 3211 889 3269 ut
945 3227 1108 3287 quae
1174 3212 1362 3287 raptu
1433 3208 1704 3288 perierat.
1771 3208 2169 3289 poenitentia
2234 3211 2656 3271 conservetur.

405 3292 663 3355 Abolita
708 3299 806 3355 est
851 3292 954 3354 lex
1001 3292 1108 3354 illa
1154 3298 1338 3356 vetus
1384 3294 1446 3355 in
1496 3293 1660 3356 atrio
1706 3293 2021 3356 libert-atis
2067 3294 2218 3369 fixa,
2254 3314 2381 3373 qua
2412 3291 2658 3355 sancie-

407 3378 616 3454 batur,
662 3381 736 3440 ut
782 3376 1081 3459 probrum
1127 3378 1392 3458 virginis
1439 3378 1709 3441 Vestalis
1755 3377 1965 3459 capite
2010 3378 2361 3459 puniretur,
2408 3378 2503 3439 vir
2550 3377 2659 3456 qui

403 3484 541 3525 eam
586 3462 1033 3526 incestavisset
1079 3464 1448 3527 verberibus
1491 3468 1843 3527 necaretur.
1936 3463 2079 3526 Non
2126 3464 2351 3526 damus
2405 3460 2657 3525 oculum

407 3568 520 3630 pro
565 3548 766 3624 oculo,
825 3548 1076 3611 dentem
1123 3570 1235 3631 pro
1283 3548 1491 3626 dente,
1537 3553 1611 3612 ut
1654 3549 1719 3610 in
1768 3550 1973 3611 exodo
2027 3548 2275 3628 legitur.
2366 3547 2500 3609 Lex
2542 3545 2659 3609 XII

403 3633 789 3710 tabularum,
835 3637 909 3695 ut
953 3634 1224 3697 obscura
1270 3634 1552 3716 duraque
1614 3635 1820 3709 nimiS,
1886 3654 2287 3713 nequaquam
2346 3632 2657 3695 consistit..

403 3719 560 3795 Quis
607 3718 776 3780 enim
825 3718 1080 3798 ignorat
1121 3720 1292 3800 leges
1337 3720 1536 3783 solere
1576 3720 1809 3783 mutari
1845 3740 1955 3799 pro
1987 3723 2342 3798 temporum
2378 3716 2660 3780 moribus

401 3808 470 3867 et
515 3824 628 3885 pro
671 3825 876 3866 rerum
945 3804 1341 3885 publicarum
1403 3805 1743 3885 generibus
1790 3807 1854 3866 et.
1898 3826 2011 3886 pro
2058 3803 2417 3867 utilitatum
2479 3823 2658 3884 prae-

536 4001 564 4029 a
590 3986 778 4039 Dwsm·
815 3986 946 4039 Satx
975 3986 1047 4039 ist
1083 3985 1330 4039 zweimal
1357 3987 1701 4055 yeschrieben.
1819 3991 1848 4029 b
1876 3986 2254 4053 viver-eremus,
2292 4002 2394 4038 von
2428 3990 2662 4052 spaterer

398 4054 567 4107 Hand
597 4055 887 4107 verbessert.

542 4126 557 4155 ²
591 4124 656 4177 In
693 4139 919 4175 unseren
954 4123 1236 4191 Ausgaben
1271 4123 1404 4176 fehlt
1440 4123 1762 4177 cubiculum.
1909 4125 1929 4155 ²
1971 4123 2160 4177 Besser
2193 4123 2375 4176 stando
2418 4139 2661 4189 cumque,

398 4190 500 4243 wie
539 4190 591 4243 in
629 4208 821 4244 unsern
861 4194 1054 4259 Ausgg.
1165 4193 1185 4223 ³
1219 4191 1392 4246 Germ.
1431 4192 1551 4257 VII,
1603 4192 1701 4244 mit
1750 4192 1842 4244 der
1879 4192 2241 4259 Abweichung
2276 4206 2342 4243 ne
2378 4192 2657 4243 verberare

399 4260 629 4327 quidem.
773 4261 794 4291 ⁴
828 4259 1308 4312 Reinhardsbrunn.
1451 4262 1472 4293 ⁵
1505 4232 1613 4312 D'er
1672 4261 1857 4313 weiter
1912 4264 2075 4312 unten
2133 4260 2398 4313 eiwahnte
2457 4259 2661 4312 Janitor

399 4330 493 4381 des
529 4327 990 4451 NannenklosterS,
1028 4344 1124 4385 aus
1140 4328 1365 4383 Themar
1399 4344 1445 4382 a.
1483 4329 1677 4383 Werra
1712 4329 1766 4382 in
1801 4328 2116 4398 Meiningen,
2141 4329 2305 4383 daher
2322 4329 2415 4381 der
2433 4326 2653 4382 Schoin-

397 4412 554 4451 name
629 4412 916 4449 emeramus
