3084 4895
411 423 492 488 28
645 456 648 458 v
1111 425 1284 479 Briefe
1321 425 1402 478 bis
1439 442 1555 480 zum
1590 426 1791 480 Herbst
1828 428 1973 483 1505.

411 599 665 679 aspirat.
715 600 918 663 Aurae
951 602 1217 682 perflant
1247 624 1456 677 sanae,
1493 601 1777 664 salubres
1806 615 1849 664 ὃ.
1899 601 2062 666 Raro
2090 603 2287 668 boant
2318 605 2647 684 mugiunt-

411 708 531 766 que
583 686 768 747 venti.
862 686 928 749 Si
977 687 1276 770 pestilens
1321 688 1482 750 forte
1527 689 1788 770 spiritus
1834 710 1912 750 ex
1964 689 2113 753 solis
2150 691 2591 754 obscuratione
2623 692 2651 729 ἱ)

351 785 356 790 ’
413 771 919 846 transvolaverit,
967 774 1299 836 confestim
1351 774 1573 837 vicinis
1619 774 1909 837 arborum
1960 777 2395 840 cacuminibus
2442 777 2653 839 discu-

415 858 589 919 titur.
665 854 760 920 lbi
799 860 889 921 vel
925 861 1272 922 senecionis
1301 872 1326 899 0
1358 868 1695 923 renovatur
1726 865 1797 923 ut
1828 861 2078 942 aquilae
2105 862 2424 944 juventus.
2501 862 2653 925 Istic

422 945 586 1006 inter
631 967 871 1027 pappos
941 946 1051 1027 (dii
1122 946 1268 1008 boni
1339 953 1496 1027 quot
1562 947 1771 1029 pappi,
1838 947 1961 1009 imo
2037 949 2174 1028 „avi
2244 955 2654 1012 numerantur

413 1030 772 1110 avorum“¹)
815 1054 1000 1114 saepe
1031 1032 1306 1096 admiror
1332 1040 1507 1096 tuum
1536 1038 1847 1097 recoctum
1879 1033 2175 1100 villicum.
2212 1036 2309 1102 Ob
2345 1057 2651 1098 annorum

411 1117 882 1180 multitudinem
929 1140 1162 1199 pronus
1209 1119 1493 1182 ambulat
1537 1125 1601 1182 et
1644 1123 1859 1182 tamen
1905 1121 2109 1185 adhuc
2144 1123 2344 1185 stivae
2394 1122 2653 1186 innixus

413 1208 570 1278 arat,
618 1205 859 1267 semina
905 1205 1150 1268 sarculo
1196 1205 1512 1282 adobruit,
1562 1205 1763 1268 securi
1811 1205 2065 1270 arbores
2122 1208 2437 1287 deturbat,
2495 1207 2653 1271 falce

415 1289 668 1353 foenum
729 1294 901 1354 secat
963 1294 1026 1354 et
1080 1290 1234 1354 facit.
1298 1291 1465 1354 domi
1525 1291 1803 1374 forisque
1857 1292 2103 1357 robusti
2163 1295 2365 1358 coloni
2413 1295 2653 1360 munia.

413 1374 560 1438 Scio
622 1376 782 1458 jam'
823 1382 968 1456 post
1033 1382 1201 1441 stata
1268 1378 1489 1440 messis
1558 1382 1843 1460 tempora
1911 1379 2175 1444 triturae
2220 1381 2330 1444 dat
2375 1402 2647 1463 operam.

413 1461 591 1525 Hanc
651 1483 766 1543 ego
827 1464 1100 1545 corporis
1161 1464 1676 1528 exercitationem
1741 1465 1881 1546 plus
1927 1465 2131 1529 valere
2191 1488 2415 1530 censeo
2463 1489 2650 1548 quam

419 1570 637 1612 omnes
683 1549 1062 1612 medicorum
1117 1551 1403 1631 potiones
1449 1555 1513 1612 et
1558 1551 1895 1632 catapotia.
1988 1551 2233 1626 Nesci0,
2295 1553 2446 1634 quid
2508 1553 2651 1616 alii:

415 1656 530 1714 ego
578 1640 742 1697 certe
789 1635 1023 1699 rustica
1072 1638 1326 1717 negotia
1373 1638 1615 1720 (paucis
1648 1638 1953 1718 exceptis)
2002 1639 2266 1702 honesta
2300 1644 2363 1702 et
2397 1640 2651 1701 minime

415 1721 668 1784 sordida
723 1744 858 1784 esse
919 1723 1204 1786 arbitror.
1312 1722 1592 1787 Faveant
1636 1723 1754 1787 tibi
1801 1724 2037 1787 rustica
2084 1726 2343 1788 numina
2374 1727 2403 1764 d
2447 1725 2651 1802 Flora,

411 1807 585 1884 Nais,
653 1806 866 1883 OreaS‚
926 1809 1236 1891 Napaeae,
1295 1809 1510 1891 DryaS,
1556 1809 1709 1886 Pan,
1779 1809 2003 1878 Fauni.
2050 1813 2369 1892 Satyrisci,
2436 1811 2653 1888 Sileni,

420 1893 604 1956 Pales
649 1905 711 1956 et
757 1895 880 1958 duo
929 1897 1139 1977 magni
1188 1903 1476 1978 parentes
1521 1896 1812 1979 Juppiter
1861 1902 2035 1978 pater
2082 1907 2143 1961 et
2176 1897 2385 1960 Tellus
2432 1903 2648 1971 mater,

419 1979 603 2043 Ceres
638 1985 698 2043 et
729 1980 938 2044 Venus
973 1989 1035 2044 et
1069 1982 1350 2064 Priapus,
1387 1982 1653 2064 Robigo,
1686 1982 1968 2066 Lympha
1995 1987 2058 2048 et
2086 1984 2301 2048 Bonus
2324 1982 2653 2048 Eventus²

415 2066 532 2129 Hic
579 2067 732 2130 deus
781 2066 1038 2132 ultimus
1085 2091 1332 2132 summa
1378 2070 1613 2152 pietate
1661 2069 1959 2132 colendus
2004 2075 2120 2148 est,
2168 2072 2465 2152 quoniam
2514 2073 2652 2135 sine

413 2175 706 2217 successu
753 2159 816 2217 et
861 2155 1026 2218 bono
1074 2159 1300 2218 eventu
1369 2158 1603 2219 frustra
1648 2155 2024 2221 laboramus
2138 2157 2359 2222 Verum
2436 2159 2509 2221 de
2559 2158 2653 2222 his

414 2239 610 2322 plura,
659 2262 852 2322 quum
887 2265 1011 2305 una
1042 2241 1238 2305 valles
1269 2249 1332 2305 et
1364 2243 1565 2306 saltus
1596 2244 2085 2324 peragrabimus.
2170 2245 2259 2326 „O
2291 2245 2654 2308 fortunatos

413 2327 697 2405 nimium,
745 2351 858 2390 sua
904 2329 955 2392 si
1002 2329 1170 2392 bona
1217 2329 1448 2407 norint,
1499 2327 1927 2410 Agricolas!“³

619 2413 729 2477 Est
772 2437 936 2479 unus
981 2415 1132 2478 deus
1180 2421 1244 2479 et
1286 2438 1414 2479 una
1459 2416 1595 2493 dea,
1643 2417 1749 2479 sed
1796 2421 1946 2480 sunt
1992 2417 2187 2480 multa
2239 2417 2331 2481 uti
2392 2418 2652 2480 numina

414 2500 504 2563 ita
551 2506 613 2563 et
657 2503 931 2564 nomina.
1020 2502 1310 2585 Exempli
1355 2505 1592 2583 gratia:
1642 2503 1950 2586 Juppiter,
1987 2503 2113 2580 Sol,
2149 2503 2393 2585 Apelle,
2426 2502 2649 2576 Moses,

418 2585 727 2664 Christus,
775 2588 971 2665 Luna,
1021 2587 1224 2665 CereS,
1274 2589 1670 2671 Proserpina,
1720 2588 1949 2666 Tellus,
1994 2588 2210 2653 Maria.
2312 2589 2432 2653 Sed
2498 2590 2652 2653 haec

415 2696 564 2736 cave
591 2675 932 2738 enunties.b
1003 2674 1168 2739 Sunt
1200 2675 1362 2737 enim
1398 2676 1774 2739 occultanda
1806 2676 2057 2739 silentio
2089 2684 2441 2756 tamquame
2470 2677 2653 2739 Eleu-

416 2760 694 2823 sinarum
744 2760 997 2825 dearum
1046 2762 1359 2844 mysteria.
1450 2762 1766 2826 Utendum
1816 2765 1911 2824 est
1954 2762 2184 2825 fabulis
2216 2766 2408 2843 atque
2440 2764 2656 2844 aenig-

414 2852 653 2909 matum
720 2847 1172 2930 integumentis
1234 2848 1296 2910 in
1358 2871 1422 2911 re
1482 2870 1679 2911 sacra.
1807 2846 1898 2910 Tu
1962 2848 2117 2911 Jove
2178 2848 2236 2909 h.
2287 2872 2335 2911 e.
2414 2850 2651 2931 optimo

412 2934 692 2997 maximo
740 2934 854 2998 deo
901 2935 1172 3018 propitio
1221 2939 1553 2997 contemne
1597 2934 1835 2997 tacitus
1880 2935 2027 2997 deos
2090 2935 2393 3013 minutos;
2460 2957 2651 3017 quum

414 3019 637 3083 Jovem
687 3022 965 3099 nominc,
1013 3019 1329 3085 Christum
1380 3021 1665 3101 intelligo
1714 3023 1777 3083 et
1823 3044 2031 3084 verum
2083 3021 2283 3083 deum.
2376 3020 2546 3085 Satis
2578 3022 2653 3083 de

413 3105 510 3170 his
558 3108 821 3171 nimium
869 3102 1368 3188 assurgentibus
1462 3108 1645 3171 Nunc
1698 3106 1844 3169 audi
1893 3129 2014 3169 non
2066 3107 2205 3170 dico
2253 3108 2503 3170 Homeri
2552 3106 2651 3171 Si-

412 3216 615 3270 renaS,
664 3193 770 3257 sed
819 3194 1125 3275 agrariam
1175 3193 1440 3269 Musam,
1487 3194 1808 3256 insidiosis
1854 3199 1917 3255 et
1961 3193 2295 3276 impudicis
2346 3193 2651 3257 Sirenulis

415 3280 792 3343 sanctiorem
842 3288 904 3345 et
951 3280 1393 3343 candidiorem.
1487 3279 1751 3341 Carmen
1801 3279 1993 3342 habet
2039 3302 2173 3342 eam
2217 3280 2650 3363 symphoniam

414 3388 603 3449 quam
649 3373 741 3428 brt
785 3366 1043 3441 Srbnlm
1090 3368 1146 3427 in
1189 3371 1305 3425 hem
1348 3366 1532 3445 δοκῆς.

497 3540 712 3603 Prisco
759 3540 886 3602 ritu
934 3538 1459 3619 quemadmodum
1594 3537 1793 3618 prima
1840 3558 2130 3600 coronam
2178 3536 2448 3617 spiceam

499 3648 702 3689 rerum
753 3630 1120 3689 cunctarum
1169 3623 1440 3687 decimas
1600 3622 1722 3685 sibi
1769 3623 1996 3686 asserit
2040 3622 2368 3703 primitiaS,

498 3712 791 3794 poposcit
837 3713 989 3775 deus
1035 3710 1362 3773 Hercules:
1594 3715 1664 3773 ut
1710 3708 2040 3772 mulctram
2090 3712 2390 3771 montana
2434 3709 2614 3773 Pales

499 3798 590 3859 ita
636 3796 821 3861 Ceres
867 3798 1119 3879 frugum
1165 3818 1391 3878 parens
1597 3799 1661 3858 et
1703 3816 1889 3857 uvam
1934 3794 2221 3857 Bacchus
2264 3795 2583 3877 pensilem.

553 4064 580 4091 a
609 4067 732 4103 sane
770 4052 1015 4105 salubres.
1090 4059 1118 4095 b
1147 4052 1194 4104 ci
1229 4057 1290 4103 st.
1326 4050 1382 4104 ti.
1457 4065 1481 4092 ο
1513 4049 1807 4103 senetionis.
1880 4053 1907 4090 d
1935 4047 2133 4102 munia.
2208 4064 2230 4090 e
2259 4051 2521 4116 tanquam.

559 4122 573 4150 ¹
612 4120 764 4189 Vei-g.
807 4123 984 4188 Georg.
1023 4121 1113 4185 IV,
1152 4122 1264 4174 209.
1441 4122 1460 4152 2
1497 4120 1659 4171 Varro
1694 4120 1772 4171 De
1808 4136 1862 4169 re
1897 4122 2023 4170 rust.
2060 4118 2101 4184 1,
2144 4120 2167 4169 1
2224 4119 2331 4171 ruft
2366 4118 2443 4170 als
2477 4120 2649 4172 Land-

424 4187 711 4253 gottheiten
766 4191 1007 4257 Lympha
1042 4190 1147 4242 und
1183 4190 1359 4242 Bonus
1396 4189 1629 4241 Eventus
1666 4204 1745 4241 an.
1819 4188 1924 4239 Der
1962 4186 2136 4237 Gottin
2157 4186 2352 4255 Robigo
2392 4189 2495 4239 und
2531 4187 2650 4241 deni

416 4256 567 4308 Gotte
607 4245 834 4329 Robigus
873 4260 1047 4311 wurde
1084 4259 1166 4311 bei
1206 4260 1304 4311 den
1341 4258 1566 4311 Remern
1604 4258 1695 4309 das
1731 4256 1851 4308 Fest
1887 4256 1977 4307 der
2024 4254 2294 4321 Robigalia
2341 4256 2443 4323 (25.
2486 4257 2651 4325 April)

415 4342 509 4377 zur
563 4325 702 4379 Bitte
755 4346 845 4381 um
897 4329 1239 4395 Abwendung
1290 4328 1381 4379 des
1435 4327 1737 4379 Mehlthaus
1797 4322 2019 4391 (rubigo)
2074 4324 2298 4392 gefeiert.
2389 4326 2495 4377 Der
2543 4326 2650 4379 Ab·

410 4394 682 4514 Ξςὲϊθίὺω·
716 4398 845 4450 fasst
880 4397 1144 4465 unrichtig
1180 4396 1402 4464 Priapus
1436 4395 1613 4465 robigo
1662 4409 1977 4447 zusammen.
2120 4394 2141 4425 ³
2174 4393 2326 4461 Verg.
2364 4394 2543 4463 Georg.
2580 4396 2633 4448 ,ΙΙ
2640 4436 2653 4463 ,

447 4476 478 4515 o
549 4479 623 4531 sq.
