3084 4895
1221 432 1430 495 Mutian
1470 448 1538 485 au
1576 424 1777 485 Urban.
2501 430 2627 497 587

365 610 624 674 factum.
655 620 683 648 ⁸
768 607 996 671 Infecit
1041 608 1150 671 illa
1194 607 1391 689 pestis
1423 604 1809 670 christianos
1841 587 2061 669 mores,
2138 605 2206 667 ln
2242 627 2370 669 uno
2416 607 2627 667 tamen

368 699 466 759 est
496 697 792 757 errat-um.
872 692 1190 771 Comhnri,
1227 714 1352 755 non
1390 692 1699 774 proscribi
1733 691 1973 754 debuit.
2039 690 2241 755 Nemo
2273 692 2626 772 aruspicem

369 780 678 854 consulat,
749 779 963 859 inquit
1028 778 1495 843 Constantinus
1571 778 1932 860 imperator.
2046 776 2248 840 Sileat
2324 780 2627 857 perpetuo

370 865 700 929 divinandi
733 866 1085 929 curiositas,
1178 865 1482 928 Homines
1517 864 1684 945 magi
1719 867 1783 926 et
1814 862 2117 943 sortilegi,
2155 863 2215 925 in
2252 882 2631 944 quacunque

373 952 503 1015 sint
547 956 725 1032 parte
771 956 1100 1027 terrarum,
1158 949 1421 1014 humani
1489 948 1741 1029 generis
1810 946 2026 1011 hostes
2096 948 2387 1011 credendi
2458 951 2627 1011 sunt.

371 1036 440 1101 Si
486 1058 611 1099 non
659 1036 889 1100 damno
938 1042 1000 1099 et
1047 1035 1311 1099 infamia
1372 1035 1639 1098 notandi
1702 1038 2119 1109 essent,-non
2170 1034 2518 1115 legeremus
2564 1032 2628 1097 in

365 1123 506 1204 jure
563 1122 733 1185 civili
785 1122 1100 1185 rubricam
1150 1122 1225 1183 de
1273 1120 1574 1184 maleficis
1622 1124 1686 1183 et
1729 1117 2217 1183 mathematicis.
2313 1118 2633 1183 Habemus

375 1206 865 1290 prohibitionem
934 1207 998 1270 in
1069 1206 1391 1270 Levitico:
1463 1206 1644 1288 „Non
1712 1205 2043 1268 declinetis
2102 1205 2179 1268 ad
2237 1225 2457 1285 magos
2518 1226 2633 1267 nec

373 1293 455 1357 ab
487 1293 698 1357 ariolis
743 1293 984 1375 aliquid
1031 1292 1464 1366 sciscitemini,
1509 1298 1585 1355 ut
1616 1291 1989 1373 polluamini
2024 1312 2133 1373 per
2166 1290 2329 1353 eos“
2414 1290 2633 1353 Valeat

375 1382 758 1459 portentum.
852 1376 919 1442 Si
968 1378 1358 1459 planetarios
1389 1378 1700 1441 damnant
1737 1377 1996 1440 Decreta
2027 1376 2355 1453 canonica,
2388 1381 2631 1458 quanto

375 1464 654 1527 severius
701 1469 853 1527 sunt
897 1464 1274 1546 repudiandi
1320 1463 1729 1526 circulatores
1762 1484 1901 1525 cum
1938 1463 2069 1525 suis
2103 1462 2245 1525 istis
2275 1462 2633 1544 nugatoriis

373 1550 889 1613 characteribus?
979 1548 1344 1623 Christiana
1376 1548 1981 1631 pietasprohibetur
2012 1547 2185 1611 adire
2218 1548 2631 1613 divinacUIOS.

372 1634 440 1699 Si
490 1656 708 1698 servus
754 1636 908 1710 adit,
957 1636 1308 1715 castigatur
1351 1634 1753 1714 verberibus3
1788 1634 1841 1697 si
1872 1632 2242 1711 monachUS,
2277 1638 2631 1697 maceratur

373 1721 833 1802 quinquennali
903 1721 1328 1803 poenitentia}
1397 1721 1450 1783 si
1519 1720 1801 1794 clericuS,
1871 1720 2231 1783 detruditur
2297 1720 2367 1782 in
2414 1739 2630 1782 mona-

371 1807 663 1887 sterium3
727 1808 782 1869 si
847 1807 1065 1880 laicus,
1131 1807 1729 1871 anathematizatur.
1818 1805 1991 1869 Haec
2058 1809 2434 1887 argumento
2504 1806 2635 1869 sint

375 1892 654 1956 Duronio
701 1914 828 1955 non
879 1892 1064 1963 modo
1110 1893 1478 1957 retinendos
1501 1914 1648 1955 esse
1682 1891 1841 1955 tales
1886 1891 2260 1969 nebuloneS,
2294 1892 2403 1955 sed
2440 1891 2633 1956 etiam
2681 1962 2687 1967 ,

374 1978 718 2060 pellendos,
775 1979 1312 2054 exterminandos,
1373 1978 1747 2061 puniendos.
1842 1977 2215 2044 Consentire
2286 1977 2633 2043 retinentes

373 2064 518 2145 quis
593 2063 892 2129 dubitat?
1012 2064 1353 2139 Conclude,
1432 2064 1737 2128 facientes
1812 2068 1877 2127 et
1951 2065 2425 2128 consentientes
2498 2064 2635 2147 pari

371 2170 578 2231 poena
603 2150 993 2231 plectendos.
1062 2150 1340 2214 Meretur
1363 2149 1973 2214 animadversionem
2005 2150 2343 2227 DuroniuS,
2370 2149 2631 2226 stultuS,

371 2236 426 2298 si
471 2236 736 2309 moleste
782 2236 905 2301 fert
950 2236 1345 2301 eliminatum
1409 2258 1547 2299 esse
1603 2239 1953 2300 monstrum
2019 2236 2630 2317 pestilentissimum,

371 2321 496 2386 nisi
555 2322 810 2403 sapiens
861 2322 987 2388 dici
1032 2326 1266 2403 potest,
1329 2322 1438 2403 qui
1499 2321 1848 2404 periculum
1896 2343 2081 2385 suum
2132 2344 2258 2386 non
2304 2321 2631 2403 intelligit.

371 2406 464 2471 De
509 2407 628 2472 hac
675 2409 916 2473 erronis
960 2407 1380 2491 abjectissimi
1435 2408 1897 2491 proscriptione
1954 2409 2280 2473 hactenus.
2373 2406 2634 2486 Scribis,

371 2493 625 2558 Urbane
672 2495 1025 2560 carissime:
1081 2490 1526 2576 „Reverendus
1573 2495 1775 2558 abbas
1806 2497 2061 2558 tua-rum
2102 2516 2357 2577 precum
2390 2494 2633 2558 intuitu

371 2579 645 2644 libenter
712 2583 958 2660 annuit,
1028 2586 1101 2644 ut
1164 2580 1402 2663 Lipsim
1471 2579 1893 2662 proficiscar.“
2013 2580 2230 2658 Addis,
2298 2580 2468 2663 quod
2538 2583 2637 2644 est

365 2667 790 2730 necessarium
857 2689 972 2729 nec
1033 2667 1373 2748 ignorabo:
1443 2666 1607 2747 „Ubi
1666 2687 1957 2730 nummos
2002 2667 2120 2730 sim
2168 2665 2629 2748 accepturus?“

375 2751 428 2814 Ο
476 2774 574 2816 me
621 2757 838 2833 terque
886 2757 1237 2834 quaterque
1297 2752 1576 2815 felicem!
1670 2751 2080 2817 Conscribam
2150 2753 2362 2835 capita
2429 2773 2633 2817 rerum

376 2837 779 2901 emendarum
827 2842 1018 2921 teque
1065 2859 1238 2922 rog0,
1272 2843 1346 2901 ut
1377 2842 1681 2919 praestes,
1730 2837 1898 2920 quod
1944 2839 2282 2921 promittis,
2368 2837 2637 2902 Etiamsi

375 2922 576 2987 multo
622 2924 897 3005 amplius
944 2924 1330 3005 exposueriS,
1379 2945 1569 3004 quam
1630 2922 1999 2987 Carthusini
2064 2924 2358 3001 debeant,
2418 2929 2635 2988 tamen

373 3013 440 3072 te
485 3011 954 3074 securissimum
1005 3010 1253 3074 faciam.
1345 3007 1571 3072 Servet
1615 3010 1803 3073 istam
1838 3009 1994 3072 mihi
2029 3009 2421 3074 voluntatem
2456 3015 2633 3074 tuam

371 3095 752 3159 immortalis
828 3096 984 3160 deus
1061 3100 1125 3159 et
1199 3095 1459 3158 conatui
1532 3097 1727 3176 atque
1802 3095 2141 3176 apparatui
2227 3095 2634 3160 sedulitatem

375 3180 639 3244 tribuat.
734 3181 901 3244 Vale.
996 3181 1153 3244 Post
1203 3181 1459 3262 nuptias
1505 3179 1741 3243 amici.'
1835 3179 2087 3243 MDXV.

682 3281 806 3334 eod.
844 3279 976 3334 Frcf.
1015 3281 1130 3334 516.

377 3466 610 3536 (Gotha.)
1061 3511 1068 3516 .
1433 3452 1578 3516 524.
2212 3468 2292 3522 11.
2332 3466 2443 3520 ont.
2486 3468 2634 3522 1515.

1127 3579 1417 3649 Mutian
1462 3599 1565 3648 an
1608 3575 1885 3648 Urban.

603 3711 624 3772 (
636 3705 838 3759 Wartct
871 3708 1194 3776 unchuldiy
1227 3707 1338 3774 auf
1361 3708 1462 3760 den
1497 3704 1793 3774 Kaufpreis
1825 3706 1923 3773 fiir
1955 3707 2056 3759 den
2102 3705 2411 3773 Weinbery.)

1127 3822 1209 3872 Η.
1245 3822 1502 3873 Urbano
1538 3825 1628 3874 M.
1664 3821 1887 3874 Rufus.

583 3927 648 3993 S.
739 3930 881 3994 Etsi
950 3932 1268 3996 vindemia
1337 3939 1399 3996 te
1467 3937 1742 4016 occupat
1815 3937 2039 4016 utpote
2114 3930 2637 4013 patremfamilias

371 4017 838 4099 procurationis
888 4016 1336 4098 amplissimae,
1370 4023 1557 4099 urget
1585 4041 1687 4082 me
1718 4023 1932 4082 tamen
1966 4017 2345 4080 desiderium
2389 4017 2637 4094 mercia,

372 4106 445 4165 ut
512 4106 662 4165 tuas
726 4101 944 4166 literas
1008 4104 1323 4184 requiram
1380 4110 1443 4167 et
1499 4104 1863 4186 efflagitem.
1954 4103 2233 4185 Longior
2300 4106 2399 4166 est
2468 4103 2634 4166 enim

509 4251 537 4278 a
566 4237 836 4290 verdndert
871 4254 973 4290 aus
1010 4239 1226 4292 dictum.

517 4307 533 4336 ¹
567 4303 678 4356 Fiir
712 4307 811 4358 den
850 4307 943 4360 der
978 4307 1204 4360 silberne
1241 4307 1446 4361 Becher
1468 4308 1745 4361 bestimmt
1772 4323 1896 4369 war,
1917 4308 2027 4360 also
2046 4307 2130 4359 ein
2150 4306 2379 4360 Gothaer
2396 4303 2639 4358 Freund?

373 4371 491 4439 Vgl.
529 4372 580 4426 S.
615 4373 724 4450 ‚583
761 4377 842 4434 A..
862 4375 909 4427 2.
981 4376 1136 4429 Nach
1191 4377 1411 4430 Schluss
1467 4393 1573 4430 von
1608 4376 1695 4430 Br.
1734 4376 1837 4428 522
1892 4375 2079 4428 sollten
2132 4375 2226 4428 ihn
2278 4375 2459 4428 Urban
2514 4373 2639 4426 oder

369 4439 532 4494 Hund
555 4443 656 4494 mit
673 4444 810 4496 nach
834 4444 1050 4513 Leipzig
1076 4445 1319 4514 nahmen,
1358 4446 1458 4498 wie
1493 4445 1677 4499 friiher
1709 4444 1935 4500 ,Publius
1971 4445 2079 4498 und
2115 4444 2262 4496 Abel.
2308 4443 2358 4498 S.
2380 4445 2475 4497 551
2501 4445 2561 4495 A.
2582 4443 2630 4498 5.
