3084 4895
499 412 628 490 484
1335 405 1511 467 Briefe
1548 393 1641 466 des
1677 393 1725 467 J.
1767 395 1915 468 1514.

501 585 725 667 gentia
783 583 940 646 facit
984 586 1048 646 te
1096 582 1371 646 alienum
1420 605 1458 648 a
1503 585 1760 647 nostris.
1850 583 1994 647 Non
2052 583 2397 648 offendaris
2452 585 2577 649 hac
2630 609 2783 650 mea

499 670 791 734 veritate.
880 667 1024 732 Non
1087 669 1540 732 malevolentia
1583 673 1649 732 te
1690 669 2001 748 obtundO,
2058 667 2170 732 sed
2228 671 2431 732 amice
2498 673 2779 752 corrigo,

502 753 712 820 Nolim
777 754 944 817 enim
1009 753 1230 818 dicant
1293 754 1412 816 viri
1483 753 1657 818 docti
1720 754 2155 819 Herebordum
2223 755 2563 819 insolentis
2634 779 2781 820 esse

499 845 787 916 naturae,
833 844 908 903 ut
962 839 1192 920 gignas
1253 838 1511 902 tibimet
1537 850 1566 879 ²¹
1624 840 1748 920 ipsi
1806 845 1923 902 aut
1982 843 2424 922 contemptum
2491 847 2610 905 aut
2678 843 2781 905 in-

499 925 758 991 vidiam.
847 923 1003 988 Esto
1051 925 1248 988 comis
1293 928 1359 987 et
1399 923 1680 987 affabilis
1724 929 1791 988 et
1836 924 2173 988 humanus,
2262 925 2412 1006 Ipsa
2439 947 2521 989 ne
2552 925 2782 990 Suada

502 1011 759 1093 quidem
806 1010 1042 1074 rectius
1086 1010 1211 1073 tibi
1255 1009 1567 1073 suaderet.
1660 1009 2023 1073 Eobanum¹
2072 1009 2325 1090 adjuva,
2375 1016 2445 1074 ut
2476 1010 2782 1074 obtineat

502 1097 839 1160 lectionem
917 1098 1284 1177 perpetuam
1357 1116 1498 1158 cum
1580 1096 1921 1177 stipendio.
2035 1094 2461 1176 Philosophos
2526 1100 2776 1160 tueare.

499 1181 568 1244 In
619 1180 740 1244 hac
785 1200 1040 1261 quoque
1087 1202 1150 1243 re
1195 1179 1352 1242 mihi
1395 1180 1607 1258 velim,
1654 1181 1710 1243 si
1754 1185 1957 1262 poteS‚
2003 1175 2545 1262 obtemperes‚'ut
2573 1181 2783 1264 Aper·

500 1265 759 1330 bacchis
809 1265 1115 1329 affinibus
1160 1263 1428 1328 faveae.²
1516 1264 1655 1346 Ego
1714 1265 1807 1328 ita
1868 1287 2008 1328 sum
2068 1267 2406 1346 ingenuuS,
2452 1270 2546 1345 ut,
2610 1287 2781 1348 quos

501 1352 696 1417 semel
761 1353 828 1414 in
903 1349 1120 1428 album
1187 1351 1536 1414 amicorum
1582 1351 1807 1432 recepi,
1880 1371 1989 1414 eos
2055 1351 2118 1412 in
2188 1371 2403 1414 amore
2470 1358 2783 1416 constan·

504 1438 750 1501 tissime
801 1457 1064 1501 servem.
1157 1434 1228 1498 Id
1272 1438 1422 1499 tuae
1469 1435 1775 1516 dignitati
1817 1439 1951 1499 tam
1995 1457 2064 1499 re
2108 1457 2298 1518 quam
2342 1436 2557 1500 verbis
2616 1437 2781 1501 faci-

501 1523 734 1587 endum
804 1543 942 1586 esse
1007 1521 1323 1584 existimo
1437 1519 1566 1584 Sed
1635 1525 1709 1585 ut
1780 1521 1862 1584 ad
1935 1521 2191 1584 initium
2259 1526 2564 1585 revertar:
2644 1543 2781 1586 non

499 1608 876 1672 temerarius
921 1627 1060 1671 sum
1107 1610 1222 1669 aut
1265 1609 1516 1669 eversor
1556 1605 1817 1670 honoris
1850 1607 1968 1683 tui,
2001 1607 2169 1688 quod
2203 1607 2341 1670 dixi
2369 1607 2780 1689 diligentiam

493 1693 1005 1775 jurisperitorum
1051 1691 1364 1755 miseram.
1453 1691 1733 1756 Exstant
1797 1692 1863 1754 in
1928 1691 2069 1772 Dig.
2139 1690 2514 1756 Triboniani
2580 1695 2781 1758 titulo

501 1779 580 1843 de
621 1779 854 1860 legatis
899 1782 964 1840 et
1007 1776 1518 1841 fideicommissis
1551 1778 1831 1841 secundo
1864 1775 2209 1841 Scaevolae
2239 1778 2435 1841 verba
2463 1779 2507 1841 l.
2547 1778 2783 1861 „Codi-

503 1863 702 1929 cillis“
733 1861 778 1926 :⁸
831 1863 1106 1944 „Lucius
1151 1861 1360 1926 Titius
1403 1860 1526 1926 hoc
1571 1883 1780 1926 meum
1826 1867 2286 1927 testamentum
2346 1865 2578 1947 scripsi
2634 1865 2782 1928 sine

500 1951 631 2015 ullo
691 1949 1078 2031 jurisperit0‚
1147 1948 1460 2012 rationem
1525 1948 1725 2011 animi
1784 1948 1910 2011 mei
1973 1949 2189 2030 potius
2252 1953 2510 2012 secutus
2578 1971 2778 2032 quam

501 2036 795 2099 miseram
843 2039 907 2097 et
963 2034 1228 2096 nimiam
1297 2031 1790 2114 diligentiam.“‘
1879 2033 1987 2097 Sic
2042 2055 2155 2097 vos
2218 2033 2437 2098 soletis
2498 2035 2780 2117 allegare

502 2123 569 2185 in
603 2120 830 2184 vestris
877 2118 1310 2197 contionibuS,
1359 2138 1748 2200 quamquam
1789 2118 1981 2182 inane
2026 2118 2113 2182 sit
2154 2117 2278 2183 hoc
2307 2120 2778 2185 testimonium.

503 2205 670 2283 Quid
711 2204 858 2268 ita?
947 2203 1110 2280 Quia
1154 2224 1281 2267 non
1327 2201 1432 2266 hic
1477 2204 1829 2268 auctoritas
1880 2202 2225 2288 Scaevolae
2268 2209 2616 2286 spectatur,
2664 2207 2779 2270 sed

502 2291 834 2374 cujusdam
879 2289 953 2352 L.
1001 2287 1154 2352 Titii
1199 2289 1542 2372 scriptum:
1618 2289 1791 2370 quod
1858 2288 2114 2353 elevans
2180 2291 2491 2373 interpres
2558 2290 2778 2372 legum

501 2376 912 2442 Florentinus
957 2373 1357 2438 Accursiust⁵
1412 2373 1637 2457 „Audi,
1698 2375 1981 2457 inquam,
2044 2375 2311 2439 stultum
2372 2379 2775 2441 testatorem.

502 2464 646 2529 Non
706 2466 923 2526 tamen
973 2462 1030 2524 ei
1074 2460 1330 2543 prodest
1392 2460 1689 2524 stultitia.
1781 2460 1948 2541 Ergo
2011 2482 2137 2525 non
2185 2466 2282 2526 est
2325 2464 2559 2525 misera
2628 2462 2778 2526 dili-

501 2547 778 2631 gentia.“
876 2546 1009 2610 Hoc
1074 2546 1197 2609 tibi
1263 2546 1561 2627 placebit,
1624 2550 1797 2609 certo
1864 2548 2014 2610 scio.
2106 2546 2232 2611 Sed
2300 2547 2455 2611 mihi
2523 2547 2781 2613 videtur

507 2633 849 2699 Accursius
895 2653 1022 2695 non
1069 2632 1150 2695 ob
1198 2630 1263 2693 id
1307 2632 1699 2713 increpuisse
1757 2635 2149 2710 testatorem,
2216 2633 2326 2697 sed
2374 2638 2633 2715 propter
2678 2656 2777 2713 ea,

510 2742 674 2803 quae
719 2721 1105 2801 sequuntur:
1161 2720 1262 2797 „et
1307 2718 1362 2779 si
1388 2718 1418 2755 b
1461 2716 1675 2780 minus
1720 2717 1966 2798 aliquid
2026 2717 2346 2798 legitime“
2399 2722 2465 2782 et
2506 2719 2776 2801 reliqua.

507 2806 580 2869 ln
627 2805 800 2868 hunc
843 2803 1102 2867 modum
1149 2802 1412 2865 lusitare
1474 2823 1617 2865 cum
1679 2802 2045 2866 Herebordo
2112 2824 2253 2867 meo
2318 2802 2510 2867 volui.
2604 2804 2775 2867 Vale.

502 2890 664 2955 Mihi
711 2893 864 2953 tuus
912 2891 1011 2951 est
1053 2886 1259 2951 honor
1304 2887 1577 2969 propriis
1622 2887 2015 2965 utilitatibus
2058 2889 2403 2969 antiquior.
2446 2910 2453 2919 ·

811 2989 936 3043 Cod.
974 2988 1108 3040 Frof.
1145 2988 1264 3041 404.

505 3176 738 3245 (Gotha.)
1561 3160 1707 3224 417.
2151 3176 2267 3243 (vor
2300 3175 2382 3229 26.
2420 3174 2561 3244 Sept.
2600 3178 2777 3246 1514.)

1257 3286 1546 3357 Mutian
1592 3306 1691 3355 an
1737 3285 2015 3355 Urban.
2048 3280 2080 3288 ”

506 3414 766 3483 (Ηενόονά
796 3416 1060 3469 kic‘mmert
1092 3415 1210 3468 sich
1242 3416 1411 3483 wem'y
1445 3432 1544 3467 um
1578 3415 1781 3469 E'oban.
1858 3414 2034 3468 Schilo
2068 3414 2171 3467 soll
2215 3414 2399 3467 Urban
2431 3415 2551 3468 und
2584 3414 2774 3483 Enyd-

1049 3500 1222 3536 mann
1258 3484 1551 3551 Reckmmy
1584 3483 1681 3552 fibr
1715 3484 1940 3537 Mutian
1974 3482 2222 3551 ableqen.)

603 3597 1151 3649 Praestantissimo
1187 3598 1322 3648 viro
1357 3597 1441 3647 H.
1475 3597 1735 3649 Urbano
1767 3598 2087 3659 magistro,
2122 3608 2456 3647 oeconomo
2494 3598 2559 3647 et
2592 3596 2657 3646 S.

823 3682 1133 3735 Ber-nardi
1169 3682 1441 3733 doctoris
1479 3684 1714 3744 egregii
1750 3683 2056 3743 discipulo
2092 3682 2182 3731 M.
2218 3680 2445 3753 Rufus.

711 3792 774 3856 S.
868 3791 1129 3856 Plenius
1174 3812 1364 3873 quam
1430 3813 1715 3873 unquam
1742 3831 1747 3835 -
1778 3796 1978 3856 antea·
2012 3792 2227 3872 accepi
2273 3797 2453 3854 tuum
2504 3791 2583 3853 de
2629 3789 2768 3853 Mu-

507 3875 728 3941 ‘sardo⁶
777 3878 1108 3959 judicium.
1185 3875 1375 3943 *Satis
1436 3882 1815 3959 opportune.
1907 3876 2230 3941 Admonui
2294 3875 2767 3959 superbientem

644 4094 672 4123 a
702 4078 798 4133 tibi
837 4082 961 4135 met.
1102 4083 1130 4121 b
1156 4078 1285 4133 Etsi.

650 4151 668 4181 ²
701 4148 924 4217 Essene,
963 4149 1056 4201 der
1089 4146 1226 4201 noch
1261 4147 1452 4199 keinen
1487 4145 1777 4201 Lehrstuhl
1816 4163 1880 4201 an
1918 4147 2012 4199 der
2044 4144 2149 4199 Erf.
2186 4144 2383 4199 Schule
2416 4144 2578 4199 hatte.
2649 4142 2763 4212 Vgl.

503 4216 590 4271 Br.
619 4218 722 4270 475
749 4216 891 4269 Schl.
987 4218 1008 4249 ²
1042 4206 1190 4269 Uber
1222 4214 1492 4269 Herbords
1528 4216 1830 4269 schlechtes
1865 4214 2290 4273 Einvernehmen
2314 4214 2416 4265 mit
2438 4214 2617 4267 seinen
2636 4212 2763 4265 Ver-

504 4285 766 4350 wandten‚
804 4286 904 4336 den
943 4284 1262 4346 EberbachS,
1291 4287 1397 4351 vgl.
1419 4283 1470 4336 S.
1491 4285 1593 4337 475
1615 4288 1675 4336 A.
1697 4287 1745 4337 7.
1890 4286 1911 4315 ³
1942 4284 2111 4351 Lege:
2148 4282 2468 4335 »Codicillis«
2504 4282 2761 4351 (Ausang).

576 4354 595 4383 ⁴
630 4351 828 4419 Digest.
867 4352 1076 4412 XXXI,
1112 4352 1198 4418 88,
1239 4354 1317 4405 17.
1463 4354 1484 4384 ¹⁵
1518 4351 1847 4418 FranciscuS‚
1885 4352 2003 4419 geb.
2042 4368 2106 4403 zu
2142 4348 2415 4418 Bagnuola
2449 4350 2497 4403 b.
2538 4350 2763 4413 Florenz,

505 4420 690 4471 bliihte
725 4422 844 4473 Anf.
885 4421 936 4474 d.
978 4422 1057 4474 13.
1095 4421 1202 4488 δὴ,
1241 4419 1510 4473 Glossator
1546 4420 1638 4473 des
1674 4420 1889 4473 Rechts,
2031 4422 2054 4452 ⁶
2089 4418 2204 4487 Vgl.
2243 4418 2293 4472 S.
2332 4418 2437 4472 406
2474 4422 2536 4470 A.
2576 4420 2621 4473 7.
