3084 4895
1021 407 1232 476 Mutian
1271 437 1340 474 an
1378 401 1563 476 Urban
1600 397 1709 474 und
1747 401 2007 491 spalatin.
2553 409 2634 487 31

1467 803 1541 864 ΙΙ.

389 955 685 1035 Briefe
738 975 967 1035 vom
1020 955 1425 1035 Antritte
1490 955 1947 1054 Spalatins
2007 955 2106 1033 in
2161 955 2635 1056 Georgen-

541 1086 737 1164 thal
789 1085 929 1164 bis
983 1105 1203 1164 zum
1255 1085 1789 1185 Weggange
1846 1086 2204 1165 Urbans
2254 1089 2501 1165 nach

1332 1213 1697 1314 Leipzig

676 1342 1049 1438 (Herbst
1096 1329 1340 1424 '1505
1395 1343 1535 1422 bis
1589 1342 2018 1423 Sommer
2069 1341 2360 1439 1508).

1424 1533 1627 1540 *-

394 1681 621 1749 (Gotha.)
1456 1669 1556 1732 26.
2211 1683 2426 1752 (Herbst
2466 1682 2635 1751 1505.)

841 1793 1128 1863 Mutian
1172 1814 1268 1864 an
1314 1793 1571 1864 Urban
1621 1793 1775 1862 und
1819 1792 2179 1878 spalatin.

395 1923 591 1989 (Geqen
624 1922 722 1974 den
756 1923 1047 1978 Reielztum.
1120 1923 1409 1991 Vorleyzmq
1443 1941 1541 1976 von
1579 1924 1854 1976 Thematen
1889 1941 1964 1976 cm
2012 1923 2192 1976 Urban
2225 1924 2338 1975 und
2373 1922 2641 1991 Spalatin.

518 1991 618 2043 Die
652 1991 895 2059 Reliyimz
936 1993 1139 2046 Cleri-sti
1169 2010 1269 2045 von
1316 1993 1610 2060 Uranfanq.
1681 1993 1814 2044 Drei
1846 1993 2256 2059 abyesclzmackte
2289 1993 2512 2059 Poeten.)

485 2107 807 2157 Mutianus
842 2107 1095 2158 Urbano
1134 2111 1197 2159 et
1234 2109 1576 2168 spalatino,
1611 2109 1763 2158 viris
1799 2107 2080 2158 doctrina
2116 2111 2178 2157 et
2214 2108 2544 2158 sanctitate

1249 2197 1420 2245 vitae
1456 2195 1775 2256 singulari.

599 2301 661 2366 S.
751 2305 820 2367 In
882 2307 1075 2368 sacris
1133 2307 1330 2370 literis
1392 2313 1644 2370 nostrae
1703 2307 2026 2388 religionis
2089 2306 2320 2386 legitur
2386 2304 2633 2369 facilius

393 2410 530 2452 esse
576 2391 877 2455 camelum
922 2414 1031 2475 per
1076 2391 1351 2457 foramen
1410 2415 1562 2457 acus
1621 2394 1907 2467 thansiiffl
1971 2415 2158 2475 quam
2223 2392 2482 2456 divitem
2543 2393 2640 2455 in-

390 2476 565 2555 gredi
598 2499 872 2601 aregnum
920 2480 1205 2543 coeleste.
1298 2480 1377 2543 Et
1421 2482 1762 2562 probamus
1822 2480 1987 2543 illam
2051 2479 2323 2561 apostoli
2385 2483 2639 2541 senten-

390 2562 624 2624 tiamz²³
664 2564 819 2643 „Qui
848 2565 1111 2646 cupiunt
1133 2567 1359 2629 divites
1382 2568 1536 2644 fieri,
1563 2567 1890 2629 incidunt
1875 2588 1938 2628 in
1967 2568 2170 2629 varias
2193 2565 2582 2629 tentationes
2607 2576 2637 2603 ⁸

390 2655 455 2710 et
502 2648 565 2710 in
613 2650 868 2731 laqueos
901 2652 1191 2715 diabolif‘
1211 2654 1223 2683 ¹
1297 2652 1568 2716 Secutus
1615 2660 1711 2715 est
1757 2654 1938 2716 credo
1986 2652 2270 2717 Platonis
2315 2652 2500 2732 leges.
2578 2651 2639 2713 Is

396 2735 588 2797 tertio
643 2736 718 2798 de
772 2737 1018 2818 legibus
1064 2739 1222 2802 libro
1284 2739 1389 2820 „In
1450 2739 1910 2821 quacumque&
1972 2739 2201 2820 inquit,
2269 2738 2630 2819 „hominum

395 2820 698 2885 societate
744 2845 858 2885 nec
904 2845 1147 2887 summa
1169 2827 1373 2923 copia
1416 2846 1532 2888 nec
1578 2847 1822 2888 summa
1867 2824 2082 2906 inopia
2125 2845 2335 2887 comes
2397 2829 2512 2901 est,
2569 2825 2634 2887 in

396 2928 471 2968 ea
518 2906 708 2971 ferme
754 2930 955 2972 mores
1000 2911 1365 2992 aequissimi
1419 2910 1584 2973 effici
1643 2915 1937 2992 possunt3
1996 2931 2200 2990 neque
2263 2910 2430 2972 enim
2493 2930 2639 2972 con-

394 2994 658 3056 tumelia
718 2994 844 3058 illic
902 2996 1020 3059 erit
1081 3018 1283 3077 neque
1342 2997 1574 3078 injuria
1634 3018 1837 3077 neque
1881 2996 2221 3059 aemulatio
2287 3018 2490 3077 neque
2545 2996 2639 3058 in-

395 3079 584 3141 vidia.
598 3077 659 3111 “²
750 3080 983 3156 Quinto
1030 3083 1216 3145 etiam
1266 3082 1424 3145 libro
1470 3084 1562 3145 ita
1606 3084 1722 3146 ait:
1777 3083 1882 3163 „In
1930 3082 2324 3164 possidendis
2357 3082 2639 3162 pecuniis

394 3166 579 3262 copia
648 3166 1013 3231 inimicitias
1087 3170 1554 3249 seditionesque
1631 3168 1875 3249 publice
1951 3191 2023 3230 ac
2097 3169 2388 3249 privatim
2459 3169 2641 3249 parit,

395 3252 607 3331 inopia
659 3275 883 3334 magna
931 3278 1005 3316 ex
1054 3263 1229 3335 parte
1282 3253 1741 3319 servitutem.“³
1828 3255 2100 3334 Ideoque
2158 3254 2424 3316 multum
2491 3255 2638 3316 boni

396 3339 565 3400 inest
613 3339 673 3399 in
724 3342 1023 3420 pecuniae
1088 3341 1519 3404 mediocritate
1583 3342 1677 3404 vel
1738 3345 2124 3423 pauperpate
2187 3342 2416 3421 potius,
2479 3362 2641 3421 quae

396 3429 580 3502 grata
638 3446 879 3507 semper
925 3426 1045 3489 fuit
1090 3428 1452 3490 hominibus
1518 3428 1772 3490 virtutis
1834 3428 2154 3503 studiosiS‚
2225 3427 2349 3489 illis
2417 3427 2640 3502 invisa,

399 3510 512 3589 qui
567 3511 786 3574 virtuti
847 3512 1100 3575 divitias
1164 3518 1678 3595 anteposuerunt,
1726 3515 1854 3575 sive
1905 3517 1974 3575 ut
2017 3512 2233 3593 epulas
2301 3512 2641 3589 instruant,

396 3596 639 3660 lautius
705 3598 921 3661 domos
979 3599 1330 3676 aedificent,
1389 3600 1897 3680 magnificentius
1956 3604 2161 3661 vestes
2217 3603 2440 3680 parent
2498 3620 2636 3680 pre-

400 3683 615 3757 tiosas
647 3694 674 3721 ⁸
718 3692 925 3747 scorta
970 3685 1164 3761 alant,
1197 3686 1327 3749 sive
1359 3691 1433 3748 ut
1464 3686 1692 3748 divites
1723 3686 1853 3749 sint
1883 3688 1947 3747 et
1978 3684 2349 3748 habeantur.
2450 3683 2640 3747 Prae·-

400 3773 531 3830 stat
577 3790 711 3832 meo
751 3769 989 3851 judicio
1035 3772 1264 3835 servire
1312 3794 1450 3835 eam
1498 3793 1687 3853 quam
1733 3775 1803 3833 tu
1849 3771 2064 3848 serviS,
2114 3769 2458 3851 Spalatine,
2515 3793 2644 3833 ser-

405 3855 689 3930 vitutem,
740 3877 924 3935 quam
974 3858 1187 3921 ardere
1249 3858 1617 3940 inexplebili
1663 3858 1794 3919 auri
1843 3864 2034 3938 atque
2093 3859 2339 3937 argenti
2403 3857 2644 3940 cupidi-

400 3945 553 4003 tate.
647 3943 855 4005 Animi
920 3943 1107 4021 bona,
1166 3946 1225 4007 h.
1277 3969 1326 4007 e.
1398 3945 1598 4007 virtus
1659 3949 1723 4006 et
1785 3945 2050 4007 scientia
2106 3943 2273 4025 apud
2329 3946 2392 4005 te
2447 3945 2646 4025 prima

400 4034 569 4089 sunt.
660 4026 948 4092 Secundo
996 4030 1130 4093 loco
1195 4032 1470 4110 corporis
1532 4030 1861 4094 commoda
1921 4029 2133 4106 habeS,
2215 4030 2277 4091 id
2324 4034 2422 4091 est
2465 4051 2645 4091 curas

404 4136 475 4175 ac
521 4114 720 4176 mavis
768 4116 925 4178 bene
970 4116 1174 4179 valere
1220 4138 1405 4197 quam
1457 4139 1593 4179 esse
1657 4116 1846 4179 dives
1940 4115 2111 4191 Quae
2183 4137 2326 4178 vero
2395 4116 2649 4179 fortuna

578 4254 716 4261 ——-
725 4254 815 4259 —..-

498 4332 657 4507 33'011·
681 4322 835 4439 84ἷίἑῇ
868 4390 914 4450 6,
953 4387 999 4440 9,
1108 4389 1127 4418 2
1161 4388 1253 4442 Ed·
1292 4386 1490 4439 Becker
1523 4387 1618 4446 III,
1657 4386 1704 4451 ρ’
1740 4397 1787 4453 p·
1826 4385 1939 4439 ⁶283·
2060 4388 2080 4417 a
2113 4384 2206 4440 Ed·
2242 4386 2442 4438 Becker
2475 4386 2568 4453 HI,
2604 4387 2653 4452 2⁷

412 4470 461 4521 p.
566 4472 614 4507 o,
