3084 4895
386 324 469 388 56
1158 322 1334 377 Briefe
1371 339 1470 376 von
1513 322 1865 378 1505—1508.

391 498 748 580 petulanter
816 488 1182 560 afficientes
1289 497 1380 559 Ne
1435 496 1629 578 igitur
1704 497 1853 560 foris
1914 503 1976 560 et
2038 498 2204 562 domi
2278 497 2641 562 stomachus

391 588 735 658 moveatur,
786 583 1132 665 procurabo
1181 584 1386 646 victus
1432 583 1891 646 salubritatem.
1985 583 2149 647 Vale.

704 685 824 740 Cod.
863 684 994 738 Frcf.
1034 684 1114 737 22.

394 837 624 908 (Gotha.)
1457 824 1559 889 52.
2291 839 2343 906 (J
2346 856 2429 892 an.
2470 839 2643 905 1506.)

1138 935 1423 1005 Mutian
1470 955 1562 1004 an
1611 933 1887 1004 Urban.

394 1048 419 1110 (
431 1043 678 1097 Wic'nscht
713 1047 829 1098 drei
862 1045 1070 1098 Bu'elaer
1105 1064 1206 1099 aus
1239 1048 1330 1099 der
1361 1046 1850 1100 Klosterbiblzbthek.
1904 1045 2084 1098 Sendel
2124 1044 2337 1096 Satiren
2372 1044 2482 1111 auf
2504 1045 2646 1096 aeine

784 1115 991 1168 Feinde.
1067 1115 1126 1167 N
1123 1121 1279 1169 utxen
1311 1117 1402 1169 der
1436 1115 1740 1184 Astroloqie.
1826 1102 1957 1167 Uber
1992 1114 2243 1180 Boetius.)

483 1229 564 1278 H.
601 1229 855 1279 Urbano
890 1230 1059 1280 intra
1094 1243 1416 1280 nemorosa
1444 1230 1597 1290 juga.
1632 1229 1761 1279 divi
1796 1229 2047 1289 Georgii
2080 1225 2565 1287 philosophanti,

793 1317 1281 1378 conphilosopho
1318 1330 1427 1367 suo
1465 1316 1864 1367 dilectissimo
1900 1316 1988 1365 M.
2024 1313 2245 1364 Rufus·

600 1424 662 1489 S.
755 1425 1034 1490 Remitto
1096 1427 1322 1491 librum
1387 1435 1567 1492 tuum
1617 1433 1677 1490 et
1724 1448 1843 1508 ago
1890 1426 2006 1489 tibi
2054 1424 2311 1505 gratias.
2404 1422 2638 1504 Scripsi

395 1512 470 1573 ad
531 1511 763 1575 clarum
823 1522 887 1576 et
949 1515 1354 1578 reverendum
1427 1520 1664 1598 patrem
1736 1513 1966 1575 abbam
2035 1518 2236 1587 tuum,
2305 1515 2639 1592 patronum

403 1619 629 1674 meum,
679 1603 750 1660 ut
796 1600 982 1662 semel
1033 1606 1247 1681 atque
1272 1602 1496 1664 iterum
1547 1601 1871 1680 flagitatos
1917 1598 2031 1661 tris
2078 1598 2273 1660 libros
2320 1597 2642 1659 transmit-

399 1684 619 1747 tendos
679 1693 938 1749 curaifflet
1029 1685 1164 1748 Non
1228 1709 1483 1769 possum
1537 1687 1690 1749 mihi
1736 1688 1809 1747 de
1858 1684 2034 1748 vobis
2083 1706 2203 1746 non
2253 1687 2463 1745 omnia
2510 1683 2641 1780 pol

396 1769 587 1846 liceri,
637 1792 795 1850 quos
845 1773 1096 1853 penitus
1142 1774 1442 1852 dignosco
1472 1786 1499 1813 ⁸
1547 1779 1610 1835 et
1642 1773 1759 1835 mei
1794 1771 2266 1834 amantissimos
2313 1792 2447 1831 esse
2493 1769 2641 1832 scio,

395 1856 618 1919 Servet
663 1880 776 1920 vos
823 1859 976 1922 deus
1025 1859 1099 1921 b‹
1108 1861 1394 1923 nedictus
1442 1861 1502 1922 in
1554 1859 1821 1922 saecula.
1912 1857 2226 1921 Mittimus
2286 1877 2487 1936 nugas
2532 1855 2645 1918 ali—

393 1963 552 2022 quas
598 1966 738 2006 non
806 1945 1199 2023 illiberales3¹
1262 1945 1577 2027 jucundas
1640 1946 1770 2008 fore
1832 1966 2028 2024 spero.
2121 1943 2278 2006 Nam
2343 1946 2410 2005 ut
2457 1941 2642 2005 dissi-

394 2028 672 2093 dentium
739 2031 1084 2094 calumnias
1147 2034 1345 2096 levius
1414 2033 1629 2102 feram,
1693 2031 1929 2094 talibus
1999 2029 2252 2092 ludicris
2312 2029 2485 2091 firmo
2546 2051 2642 2090 me

393 2116 618 2195 ipsum.
711 2118 927 2199 Neque
975 2120 1138 2181 enim
1188 2120 1366 2182 facile
1415 2128 1528 2193 est,
1580 2118 1890 2200 placidum
1942 2124 2002 2180 et
2048 2114 2457 2196 tranquillum
2508 2114 2643 2177 ani-

395 2224 564 2265 mum
633 2206 900 2268 retinere
947 2210 1010 2268 et
1067 2205 1327 2288 injurias
1383 2213 1573 2303 atque
1629 2206 2007 2268 offensiones
2062 2203 2472 2284 superborum
2535 2201 2641 2264 de-

394 2289 652 2369 spicere,
726 2292 843 2354 nisi
914 2292 1204 2355 ludamus
1268 2298 1332 2355 et
1391 2293 1673 2374 joce-mur
1743 2313 1879 2354 cum
1956 2290 2194 2353 amicis
2293 2287 2643 2350 Adversarii

396 2376 592 2438 nostri
645 2385 968 2460 nequeunt
1015 2380 1232 2443 oculos
1279 2380 1555 2442 tenebris
1601 2383 1889 2442 assuetos
1921 2377 1998 2440 ad
2032 2377 2231 2439 lucem
2283 2375 2645 2457 perspicuae

399 2463 684 2526 veritatis
729 2466 1019 2529 attollere
1051 2468 1412 2548 similesque
1445 2473 1597 2531 sunt
1629 2465 2010 2537 bubonibuS,
2045 2484 2308 2545 quorum
2343 2462 2644 2525 intuitum

396 2571 522 2611 nox
571 2549 908 2632 illuminat,
944 2553 1077 2615 dies
1111 2559 1343 2616 caecat.
1439 2553 1671 2616 Beluae
1719 2558 1888 2626 sunt,
1938 2551 2113 2612 etsib
2160 2549 2491 2611 videantur
2536 2548 2647 2610 ha-

399 2635 542 2699 bere
588 2658 814 2719 corpus
861 2637 1226 2702 humanum.
1317 2639 1612 2704 Mordent
1658 2638 1821 2701 enim
1874 2642 1937 2699 et.
1982 2637 2223 2699 latrant
2267 2644 2592 2715 tamquam
2624 2644 2649 2673 ⁰

395 2745 601 2785 canes.
699 2724 868 2789 Alios
915 2726 1239 2789 avaritiad
1293 2728 1735 2807 rapacitasque
1796 2725 1978 2805 lupos
2034 2723 2203 2785 facit.
2264 2722 2370 2785 alii
2433 2722 2647 2783 foveas

399 2809 637 2873 habent
704 2816 766 2874 et
834 2811 1125 2893 vulpinas
1190 2814 1454 2877 insidias
1521 2819 1803 2887 nectunt,
1874 2810 1981 2873 alii
2052 2808 2301 2872 volatici
2374 2814 2524 2871 sunt
2586 2814 2648 2871 et

397 2897 662 2959 mobiles
710 2898 912 2961 instar
964 2900 1196 2977 avium,
1262 2922 1463 2981 neque
1524 2900 1701 2961 deest
1760 2897 1999 2978 „amica
2044 2896 2177 2958 luto
2224 2891 2423 2957 sus,“²
2514 2893 2646 2974 Ego

398 3004 648 3065 quoque
718 2985 882 3048 inter
950 2990 1046 3048 tot
1116 2987 1332 3051 beluas
1401 2987 1584 3067 quasi
1651 2985 1863 3064 segnis
1928 2989 1992 3045 et
2058 2982 2349 3064 stupidus
2416 2979 2647 3043 asellus

399 3076 617 3151 torpeo
681 3075 742 3134 ‹t
802 3094 1014 3135 vocem
1087 3073 1345 3135 latinam
1417 3073 1715 3151 doctique
1784 3069 2011 3150 probos
2078 3090 2395 3131 sermones
2462 3066 2646 3129 amisi

395 3157 725 3221 clamando
787 3158 1025 3240 jugiter
1089 3182 1228 3222 cum
1301 3159 1517 3232 asini-5,
1570 3181 1645 3220 ne
1692 3156 1998 3237 gregatim
2064 3177 2161 3217 me
2216 3152 2495 3216 calcibus
2548 3152 2645 3214 in—

397 3244 650 3306 festent.
740 3243 806 3308 Si
857 3266 975 3325 qua
1028 3267 1304 3326 unquam
1356 3245 1477 3307 fuit.
1523 3246 1585 3307 in
1640 3267 1733 3305 me
1769 3247 1879 3305 aut
1914 3242 2146 3320 ingenii
2181 3246 2288 3302 aut
2325 3239 2647 3303 doctrinae

399 3330 558 3405 lauS,
607 3352 740 3393 eam
789 3331 1127 3394 stultorum
1178 3333 1471 3411 contagio
1521 3332 1687 3392 delet
1733 3336 1795 3391 et
1841 3328 2058 3390 inficit.
2155 3326 2351 3408 „Quid
2388 3327 2644 3406 dignum

399 3416 646 3480 stolidis
693 3418 1012 3481 mentibus
1059 3418 1406 3499 imprecer?
1496 3416 1681 3497 Opes
1730 3416 1999 3477 honores
2044 3411 2347 3487 ambiant
2394 3412 2473 3475 Et
2503 3432 2643 3474 cum

403 3503 561 3565 {alsa
605 3504 780 3584 gravi
815 3505 976 3568 mole
1010 3506 1390 3585 paraverir‚1t
1425 3504 1580 3567 Tum
1617 3525 1761 3564 vera
1794 3505 2181 3580 cognoscant
2213 3497 2415 3562 bona“
2468 3498 2649 3579 (haec

402 3589 603 3651 Boelii
627 3590 818 3652 verba
843 3589 1078 3669 sunt³);
1116 3614 1255 3653 nam
1287 3614 1430 3653 vera
1466 3590 1633 3652 bona
1669 3588 1942 3650 nondum
1981 3590 2247 3666 possunt
2284 3586 2647 3666 perspicere,

404 3676 759 3738 nescientes
827 3678 1081 3739 virtutis
1150 3700 1440 3741 coronam
1507 3699 1643 3738 esse
1705 3674 2107 3755 tranquillam
2174 3672 2389 3746 vitam,
2460 3669 2648 3732 nullis

401 3761 806 3824 affectionum
854 3764 1156 3826 fluctibus
1201 3764 1545 3827 turbatam
1636 3759 1947 3823 Inscitia⁰
1996 3760 2120 3821 veri
2169 3757 2549 3821 consilium
2534 3778 2643 3819 lm-

408 3847 577 3927 pedit
624 3854 684 3910 et
731 3849 945 3911 oculos
1007 3851 1234 3912 mentis
1293 3849 1682 3931 perstringit
1774 3847 2046 3926 Ideoque
2110 3867 2363 3925 peccare
2409 3866 2473 3905 se
2521 3864 2645 3904 non

403 3939 670 3997 cernunt
732 3935 1116 4000 detrahendo
1181 3937 1363 3999 nobis
1424 3934 1765 4017 praemium
1836 3940 1898 3995 et
1957 3932 2237 4011 gloriam
2339 3928 2419 3991 Et
2475 3928 2647 3991 sanis

402 4019 629 4082 infirmi
692 4022 1026 4085 minantur.
1123 4022 1277 4084 Nam
1337 4022 1597 4083 medicis
1658 4025 1846 4099 egent
1901 4024 1963 4080 et
2017 4021 2167 4079 sunt
2223 4014 2650 4077 misericordia

404 4106 603 4185 magis
649 4128 836 4187 quam
885 4108 1028 4172 odio
1077 4109 1270 4189 digni.
1363 4108 1516 4183 Quis
1564 4106 1727 4167 enim
1787 4104 2159 4185 languentes
2216 4102 2419 4164 oderit
2479 4100 2649 4163 vitiis

535 4256 561 4283 ³
589 4213 811 4296 dinosco.
952 4249 979 4283 b
1008 4248 1060 4298 et
1095 4245 1155 4300 si.
1297 4260 1320 4285 ο
1349 4248 1613 4309 tanquam.
1754 4244 1782 4281 d
1812 4240 1859 4291 ci
1894 4245 1955 4294 st.
1995 4239 2051 4293 ti.

539 4313 555 4342 ¹
592 4310 888 4378 Spottveise
926 4315 1016 4365 auf
1049 4314 1132 4366 dio
1168 4313 1375 4378 Feinde,
1413 4313 1559 4364 nicht
1598 4310 1845 4362 erhalten.
1988 4310 2007 4340 ²
2044 4308 2163 4360 Hor.
2202 4307 2295 4373 Ep.
2333 4304 2374 4372 1,
2412 4303 2459 4370 2,
2496 4303 2576 4355 26.

471 4378 490 4409 ³
525 4379 722 4434 Consol.
761 4383 845 4451 ph.
885 4382 980 4448 ΙΙΙ,
1015 4382 1048 4435 8
1086 4384 1198 4452 (Ed.
1236 4382 1439 4451 Peiper,
1476 4380 1619 4449 Lips.
1661 4380 1807 4446 1871,
1847 4396 1892 4446 p.
1932 4379 2034 4444 67).
