3084 4895
525 413 648 478 348
1230 372 1235 378 Π
1323 409 1498 463 Briefe
1538 407 1630 462 dee
1665 410 1716 464 J.
1756 411 1903 465 1513.

523 581 764 647 Cordus
809 584 1008 648 solum
1059 581 1290 647 vertit.¹
1387 579 1680 646 Proteus²
1727 605 1910 663 aegre
1956 584 2233 648 sustinet
2260 585 2561 666 impetum
2611 585 2756 649 bar-

519 668 829 733 barorum.
921 670 1170 746 Quanto
1238 674 1309 732 tu
1374 668 1613 732 felicior
1676 673 1809 732 tum
1876 671 2217 734 scribarum
2296 671 2554 734 auxiliis
2622 678 2756 735 tum

515 755 825 837 praesidio
865 754 1146 836 judicum
1194 755 1621 818 confirmatus.
1712 755 1879 819 Vale.
1954 756 2075 820 VlI.
2112 755 2423 822 Calendas
2468 756 2757 838 Sext-ilie,

505 841 649 905 hem
697 841 890 905 Eidus
936 842 1139 905 dicere
1185 839 1417 905 νοΙιιί.8

835 942 958 996 God.
997 941 1128 996 Frof.
1170 942 1284 998 339.

511 1129 740 1202 (Gotha.)
1561 1121 1703 1187 285.
2350 1139 2397 1193 9.
2433 1113 2565 1207 Aug.
2606 1141 2755 1193 1513.

1192 1248 1481 1319 Mutian
1525 1271 1620 1321 an
1665 1249 2073 1321 Tritheim.⁸

517 1373 890 1442 (Empfehlwvy
935 1376 1020 1428 das
1054 1378 1190 1430 nach.
1226 1378 1418 1431 Italum
1465 1379 1734 1431 reisenden
1779 1378 2058 1440 FreundeS,
2111 1380 2200 1432 der
2234 1378 2316 1430 bei
2351 1377 2601 1431 Mkeim
2644 1379 2761 1430 und

1220 1447 1482 1500 Reuchlin
1515 1448 1849 1516 vorspreehen
1886 1448 2031 1515 will.)
2568 1485 2577 1492 .

696 1557 1100 1609 sacrosancto
1138 1562 1307 1620 patri
1341 1561 1573 1613 Joanni
1607 1562 1899 1612 'I'ritemio
1936 1561 2134 1611 abbae
2169 1560 2624 1621 Herbipolenei,

1047 1647 1437 1707 praeceptori
1473 1652 1572 1698 ter
1604 1649 1883 1697 maximo¹
1902 1648 1990 1697 M.
2026 1646 2246 1698 Rufue.

720 1754 782 1820 S.
872 1757 1041 1820 Inter
1087 1760 1382 1835 erudit08‚
1432 1760 1794 1824 doctissime
1852 1765 2051 1843 pater,
2112 1759 2219 1842 qui
2267 1759 2341 1821 de
2387 1763 2496 1821 tua
2544 1756 2754 1820 excel-

518 1842 713 1904 lentia
755 1842 1024 1907 fideliter
1069 1849 1132 1908 et
1175 1847 1374 1908 amice
1435 1842 1782 1927 loquuntur
1830 1854 1893 1908 et
1938 1847 2241 1927 sentiunt,
2303 1849 2375 1911 ut
2418 1844 2579 1932 alios
2626 1842 2754 1906 for-

515 1931 709 1991 tunae
765 1951 917 1992 suae
983 1930 1311 2012 famaeque
1376 1931 1745 2014 relinquam,
1805 1933 2040 1996 eminet
2103 1931 2402 2012 singulari
2469 1929 2758 1992 doctrina

516 2013 803 2094 Petrejus
829 2017 1270 2098 Aperbacchus
1301 2019 1601 2098 magister
1632 2018 2117 2100 Erphurdiensis
2149 2018 2301 2081 mihi
2336 2016 2756 2080 amicissimus

517 2100 800 2180 adeoque
848 2102 1058 2165 cultus
1104 2108 1165 2167 et
1211 2105 1463 2185 elegans
1508 2111 1776 2185 utra-que
1821 2106 2056 2184 lingua,
2115 2108 2186 2167 ut
2232 2126 2371 2167 cum
2418 2102 2758 2185 praeclaris

520 2187 796 2266 ingeniis
843 2189 1029 2252 etiam
1079 2191 1503 2270 antiquorum,
1567 2213 1726 2273 quos
1786 2192 2187 2268 admiramur,
2250 2194 2484 2252 certare
2533 2189 2755 2270 possit.

515 2272 702 2335 Nosti
762 2273 897 2354 eju's
961 2281 1198 2355 patrem
1258 2275 1598 2357 Georgium
1648 2276 2172 2359 Ape1·baccbum⁵,
2221 2277 2527 2338 medicum
2579 2296 2754 2356 prae-

456 2387 460 2392 *
522 2362 797 2424 stantem
849 2366 912 2424 et
957 2362 1322 2441 humanum,
1370 2364 1476 2444 qui
1525 2371 1589 2431 te
1620 2364 1877 2441 amavit,
1925 2363 2328 2446 praedicavit,
2376 2361 2756 2432 observavit,

517 2450 582 2508 et
626 2468 766 2510 cum
813 2447 932 2512 tibi
981 2449 1281 2513 bonarum
1330 2452 1561 2514 artium
1620 2452 1982 2514 thesaurum
2047 2450 2339 2533 privatim
2399 2454 2461 2511 et
2505 2446 2759 2529 publice

511 2532 820 2597 tribueret
863 2540 1051 2616 teque
1097 2558 1288 2599 unum
1339 2538 1583 2600 ratione
1630 2537 1979 2601 studiorum
2030 2542 2100 2599 ut
2145 2558 2374 2599 numen
2422 2541 2749 2597 aeternum

518 2620 778 2683 cottidie
823 2626 1255 2685 veneraretur:
1304 2622 1652 2687 hauserunt
1698 2646 1775 2685 ex
1808 2627 2068 2706 paterno
2102 2622 2397 2685 instituto
2441 2622 2537 2683 tui
2582 2642 2757 2683 reve·

521 2705 788 2769 rentiam
834 2706 946 2769 filii
992 2708 1134 2784 due,
1183 2729 1451 2789 quorum
1497 2710 1657 2772 alter
1701 2709 1802 2772 hic
1846 2710 2020 2773 venit
2050 2710 2113 2771 in
2150 2707 2551 2791 colloquium,
2597 2706 2760 2769 alter

517 2792 788 2873 insignis
833 2793 1181 2857 medicinae
1213 2795 1431 2859 doctor
1460 2796 1901 2859 auctoritatem
1934 2794 2127 2858 habet
2157 2795 2320 2857 inter
2351 2814 2513 2857 suos,
2568 2790 2758 2855 Cordi

519 2882 616 2941 est
675 2878 822 2942 huic
877 2879 1174 2943 hebraica
1235 2882 1570 2963 disciplina
1628 2886 1822 2963 atque
1886 2882 2024 2945 ideo
2082 2885 2259 2946 tuam
2321 2879 2621 2963 pietatem
2693 2883 2761 2942 et

520 2963 751 3027 Janum
811 2965 1120 3029 Reuchlin
1169 2967 1298 3030 sive
1345 2965 1754 3049 Capnionem,
1815 2966 1967 3030 nihil
2026 2971 2240 3031 tamen
2300 2966 2509 3029 minus
2566 2986 2757 3045 quam

521 3048 962 3131 Capnionem‚⁶
1007 3053 1282 3116 salutare
1327 3055 1678 3127 constituit.
1771 3054 2130 3117 Delectatur
2190 3053 2377 3115 etiam
2429 3072 2756 3133 magorum

521 3134 991 3202 honestioribus
1058 3140 1391 3219 mysteriiS,
1456 3163 1617 3222 quae
1662 3140 1782 3204 tibi
1829 3140 2081 3220 penitus
2126 3141 2451 3220 perspecta
2497 3142 2648 3199 sunt
2690 3142 2759 3199 et

525 3224 799 3303 cognita.
893 3224 1215 3288 Modestus
1262 3232 1358 3288 est
1403 3232 1463 3288 et
1510 3226 1702 3289 animi
1750 3226 2074 3305 tranquilli
2121 3230 2185 3287 et
2230 3225 2459 3305 dignus
2503 3230 2615 3285 tua
2660 3222 2755 3284 fa-

518 3309 742 3372 miliari
789 3308 1237 3393 disputatione.
1328 3311 1466 3374 Non
1502 3313 1936 3393 peregrinatur
1968 3317 2039 3374 ut
2072 3311 2271 3382 multi,
2311 3310 2415 3391 qui
2438 3315 2757 3389 vagantes

519 3417 583 3457 se
631 3402 694 3458 et
738 3418 854 3459 sua
920 3398 1368 3461 circumferunt
1436 3404 1497 3460 et
1560 3402 1886 3461 ostentant
1948 3398 2114 3479 pleni
2174 3396 2493 3477 popularis
2547 3417 2755 3459 aurae.

532 3479 656 3545 Sed
701 3486 1037 3564 postquam
1071 3487 1134 3547 te
1179 3490 1242 3547 et
1273 3484 1579 3558 Reuchlin
1614 3484 2065 3547 Germanorum
2098 3481 2555 3545 eruditissimos
2586 3480 2757 3542 salu-

531 3568 780 3644 taverit,
828 3569 892 3631 in
939 3569 1186 3633 Italiam
1234 3592 1299 3633 se
1342 3570 1619 3652 recipiet.
1713 3570 1895 3632 Hunc
1938 3573 2068 3632 tam
2116 3568 2431 3649 egregium
2463 3566 2758 3648 juvenem

523 3674 735 3717 carum
769 3653 1001 3718 habeat
1031 3660 1142 3718 tua
1171 3656 1511 3719 reverenda
1544 3656 1909 3737 paternitas„
1956 3654 2091 3737 Ego
2122 3655 2515 3736 exploratum
2549 3651 2754 3716 habeo

659 3842 675 3871 ¹
710 3839 862 3893 Kann
887 3840 1001 3893 sich
1038 3859 1138 3894 nur
1172 3842 1263 3894 auf
1278 3841 1392 3894 eine
1411 3858 1542 3910 ganz
1560 3843 2019 3911 voriibergehende
2046 3840 2416 3895 Abwesenheit
2439 3841 2532 3894 des
2559 3839 2757 3893 Cordus

493 3908 786 3962 ·beziehen.
858 3910 1146 3963 Vielleicht
1198 3911 1348 3963 weist
1396 3928 1452 3963 es
1513 3912 1607 3963 auf
1649 3912 1749 3964 den
1794 3912 1997 3965 schwer
2050 3910 2594 3978 unterzubringenden
2646 3909 2757 3961 und

509 3976 787 4043 jedenfalls
824 3978 1025 4031 kurzen
1045 3979 1351 4032 Aufenthalt
1376 3996 1449 4033 an
1487 3980 1629 4032 einer
1647 3980 1891 4033 Kasseler
1924 3980 2116 4033 Sohule
2151 3979 2258 4032 hin.
2312 3978 2464 4032 Nach
2493 3978 2753 4031 Camerar.

518 4046 667 4099 Narr.
709 4047 772 4098 de
807 4047 864 4101 Ε.
902 4047 1071 4101 Hesso
1107 4048 1152 4100 B
1177 4050 1220 4103 .3
1248 4049 1279 4101 b
1313 4049 1432 4101 kam
1471 4066 1528 4101 er
1562 4050 1619 4102 E.
1664 4051 1794 4101 1514
1829 4050 1962 4102 nach
1999 4048 2225 4115 Leipzig,
2267 4048 2532 4101 1515—17
2570 4047 2758 4099 treffen

522 4115 619 4167 wir
652 4115 747 4167 ihu
780 4116 975 4169 wieder
1024 4117 1291 4170 bestimmt
1332 4116 1385 4169 in
1435 4118 1625 4171 Erfuit.
1698 4118 1961 4171 Hiernach
2010 4135 2077 4169 zu
2112 4116 2437 4184 bei-ichtigen
2481 4116 2757 4180 Krause,

522 4183 642 4235 Eur.
675 4185 828 4253 βοτά.
867 4186 916 4238 S.
939 4187 1020 4239 43.
1162 4186 1420 4243 ²Tilonin,
1453 4204 1561 4241 vor.
1584 4187 1667 4241 ΒΥ.
1811 4189 1831 4218 ³
1854 4187 2107 4239 Beliebter
2142 4186 2349 4239 Schera
2388 4184 2504 4250 Vgl.
2526 4184 2611 4236 ΒΓ.
2642 4183 2755 4236 188.

593 4255 613 4285 ⁴
647 4244 792 4306 Uber
826 4254 1094 4311 Tritheim.
1133 4256 1332 4309 damals
1369 4257 1474 4308 Abt
1509 4257 1601 4308 des
1636 4255 1869 4308 Klosters
1904 4256 1975 4307 St.
2013 4255 2175 4308 Jacob
2210 4256 2262 4306 in
2306 4253 2615 4319 Wiirzburg,
2652 4251 2755 4320 vgl.

516 4320 570 4375 S.
611 4323 676 4375 39
713 4326 772 4375 Α.
811 4325 858 4377 3.
1000 4327 1019 4355 ⁴
1053 4325 1302 4377 Derselbe
1357 4328 1601 4379 stammte
1644 4342 1738 4378 aus
1784 4324 2123 4392 Rothenburg·
2170 4340 2213 4377 a.
2252 4323 2324 4384 T.,
2378 4338 2482 4374 war
2532 4322 2663 4374 1479
2701 4322 2755 4372 in

513 4390 692 4443 Erfurt
726 4392 782 4444 in
818 4392 902 4445 die
937 4394 1122 4446 mediz.
1160 4394 1402 4447 Fakultat
1454 4395 1851 4462 ausgenommen
1899 4394 2107 4446 worden
2152 4393 2261 4445 und
2299 4393 2428 4445 1507
2478 4390 2751 4459 gestorben

517 4459 726 4527 (Mediz.
762 4460 1009 4531 Mau-ik).
1149 4465 1170 4496 ⁵
1203 4463 1322 4517 »Als
1356 4463 1442 4529 ein
1475 4462 1807 4517 Rauchleins
