3084 4895
1194 417 1406 470 Mutian
1444 433 1513 470 an
1550 415 1809 469 Herbord.
2547 417 2628 482 73

378 595 591 655 centes
636 598 701 655 et
746 591 1097 654 laudabiles
1138 591 1656 672 jurisconsultOS,
1720 612 1844 653 non
1904 590 2122 666 malos,
2188 589 2460 669 iniquos,
2526 589 2625 652 in-

375 678 652 742 solentes
698 679 931 741 imitari
978 679 1247 741 videare.
1340 677 1702 742 Cavendum
1753 682 1849 739 est
1894 676 2104 752 etiam,
2154 699 2231 739 ne
2262 677 2534 739 rusticae
2566 681 2628 738 et

374 766 683 848 ineptaea
736 764 934 846 jacias
995 765 1425 846 impudentiae
1486 765 1920 827 fundamenta.
2027 761 2186 825 Nam
2251 763 2304 825 si
2363 763 2627 826 forensis

376 874 598 934 opera,
665 851 905 913 venalis
972 850 1250 926 libellus,
1323 873 1444 913 vox
1511 851 1896 914 mercenaria
1943 849 2359 912 tirociniumb
2427 855 2628 925 tuum,

376 943 719 1018 antequam
768 937 1007 1020 majora
1054 938 1171 1000 tibi
1220 938 1459 1001 auxilia
1492 961 1568 1000 ex
1604 937 1880 999 romanis
1912 933 2412 1016 antiquitatibus
2458 956 2627 997 com-

377 1025 712 1105 paraveriS,
763 1025 825 1085 in
864 1024 1016 1101 fora,
1051 1028 1273 1100 rostra,
1322 1025 1638 1100 basilicaS,
1675 1023 1952 1098 comitia,
1986 1027 2222 1097 coetuS‚
2259 1025 2628 1098 conventuS,

376 1109 797 1174 conciliabula
844 1111 1207 1174 deduxerit:
1250 1110 1602 1192 jactabitur
1645 1111 1802 1173 ratis
1846 1113 1954 1171 tua
2008 1110 2252 1188 magnis
2285 1113 2626 1191 tempesta-

376 1197 550 1260 tibus
632 1218 781 1260 aura
839 1197 1121 1278 populari
1179 1197 1582 1270 sollicitante,
1650 1203 1721 1259 ut
1787 1217 1990 1276 neque
2055 1196 2192 1260 vela
2261 1194 2628 1258 contrahere

379 1305 580 1365 neque
640 1305 844 1346 remos
904 1284 1107 1364 possis
1168 1283 1469 1346 inhibere.
1564 1283 1842 1345 Primum
1911 1282 2124 1361 igitur,
2186 1283 2239 1343 si
2306 1287 2470 1364 recte
2536 1281 2630 1343 vis

374 1369 519 1431 aliis
548 1383 571 1410 ⁰
619 1369 960 1445 consulere,
1012 1370 1269 1433 consule
1315 1370 1453 1433 tibi.
1546 1368 1771 1431 Melius
1817 1367 2244 1450 persuadebiS,
2302 1390 2463 1452 quae
2507 1366 2628 1430 tibi

374 1457 550 1538 prius
606 1456 1005 1536 persuaseris,
1110 1457 1281 1520 Satis
1336 1457 1568 1518 diserte
1625 1455 1798 1524 dicit,
1861 1455 1968 1537 qui
2031 1454 2310 1519 honeste.
2415 1454 2627 1516 Bonus

377 1543 471 1604 vir
538 1563 661 1604 non
734 1541 869 1623 agit
934 1542 1059 1605 nisi
1139 1543 1340 1606 bonas
1408 1565 1649 1605 causas,
1778 1540 1944 1604 Cave
2013 1543 2093 1604 ab
2161 1543 2371 1605 animo
2440 1539 2628 1603 verba

377 1628 779 1692 dissentiant.
873 1627 1081 1710 Caput
1144 1633 1241 1692 est-
1287 1629 1441 1692 artis
1498 1629 1722 1703 dicere,
1781 1628 1950 1710 quod
1995 1627 2168 1691 facis.
2259 1628 2630 1710 Expeditior

376 1721 473 1777 est
537 1715 616 1777 ad
686 1714 949 1795 gloriam
1023 1715 1143 1792 via,
1213 1717 1265 1778 si
1330 1716 1490 1778 tales
1560 1716 1776 1790 simus,
1848 1715 2065 1796 quales
2130 1715 2252 1779 dici
2319 1715 2626 1778 volumus

382 1799 589 1882 Turpe
636 1809 748 1876 est,
799 1802 854 1864 si
898 1801 1285 1882 litigantium
1318 1803 1347 1841 ‘²
1392 1801 1734 1864 auxiliator
1779 1801 1992 1883 egebit
2058 1802 2318 1865 auxilio.
2410 1800 2478 1863 Si
2526 1801 2630 1883 jus

379 1887 585 1969 legum
637 1887 941 1950 malitiam
990 1890 1385 1964 instruxerit,
1439 1887 1594 1950 nihil
1630 1891 1839 1970 potest
1870 1887 2001 1950 fieri
2037 1889 2305 1969 publicis
2338 1888 2631 1969 privatis-

379 1995 500 2054 que
571 1975 760 2036 rebus
838 1975 1263 2054 perniciosius.
1378 1975 1691 2057 Legitima
1753 1973 2088 2056 disciplina
2156 1976 2274 2038 sub
2345 1974 2629 2038 barbaris

381 2060 833 2142 interpretibus
859 2063 1065 2142 coepit
1089 2085 1225 2124 esse
1250 2063 1419 2125 socia
1440 2060 1748 2124 scelerum
1777 2061 1814 2124 i.
1845 2083 1894 2123 e.
1923 2061 2186 2125 adversa
2209 2061 2632 2137 innocentiae,

381 2145 586 2210 hostis
615 2147 936 2210 'verit-atis,
1016 2148 1135 2224 Qui
1170 2171 1314 2212 vero
1346 2149 1585 2230 scripta
1617 2171 1732 2211 sua
1763 2170 1871 2211 seu
1909 2147 2120 2228 potius
2153 2148 2630 2231 compilationes

379 2257 527 2297 suas
594 2234 874 2296 mercede
939 2235 1287 2316 publicant,
1356 2235 1605 2298 sordide
1683 2235 2048 2316 loquuntur.
2169 2235 2387 2317 Neque
2463 2233 2627 2297 enim

380 2319 645 2401 penitus
693 2321 1147 2402 introspiciunt
1205 2323 1475 2385 virtutes
1535 2322 1765 2402 legum,
1830 2321 1939 2384 sed
2001 2321 2077 2384 ad
2141 2323 2410 2403 primum
2455 2321 2628 2385 velut

378 2410 701 2489 aspectum
752 2407 1114 2473 subsistunt
1160 2414 1224 2472 et
1266 2409 1431 2472 fiunt
1476 2429 1588 2491 pro
1635 2407 1984 2491 grandibus
2029 2409 2275 2484 tumidi,
2345 2430 2454 2491 pro
2504 2407 2630 2471 for-

376 2496 551 2557 tibus
584 2494 915 2557 temerarii.
986 2494 1359 2560 Laudantur
1393 2497 1696 2577 vulgique
1736 2496 1998 2573 trutina,
2045 2518 2169 2560 non
2204 2498 2281 2560 ad
2317 2495 2578 2561 Critolai
2607 2506 2631 2536 θ

378 2581 601 2645 libram
658 2582 1119 2663 expenduntur.
1229 2582 1472 2646 Divites
1528 2583 1694 2645 fiunt
1748 2588 1810 2645 et
1856 2587 2166 2665 potente-e,
2229 2584 2378 2664 quia
2423 2582 2627 2646 forum

378 2673 475 2731 est
509 2670 727 2731 messis
758 2691 964 2731 aurea.
1046 2669 1167 2733 Sed
1202 2675 1271 2733 tu
1306 2670 1674 2745 melioribus
1707 2692 1916 2733 aurem
1954 2671 2271 2751 praebeas
2364 2669 2630 2733 Fraudis

378 2762 445 2818 et
489 2754 801 2818 stultitiae
829 2755 859 2794 ‘1
902 2756 1089 2837 plena
1135 2762 1286 2821 sunt
1335 2757 1566 2821 omnia.
1677 2757 1832 2819 Nam
1885 2779 2022 2820 cum
2073 2758 2386 2840 praeclare
2433 2756 2630 2819 multa

376 2842 624 2923 legibus
678 2850 889 2905 essent
950 2844 1321 2920 constituta,
1385 2866 1454 2905 ea
1510 2843 2104 2925 jurisconsultorum
2167 2844 2439 2925 ingeniis
2494 2864 2629 2907 cor-

380 2933 568 3010 rupta
614 2934 766 2992 sunt
818 2950 892 2991 ac
954 2931 1317 3012 depravata.
1426 2931 1547 2993 Sed
1596 2932 1679 2994 sit
1725 2929 1958 3011 aliquis
2004 2931 2160 2993 adeo
2209 2935 2430 2993 contra
2473 2929 2632 2992 veri-

376 3019 577 3077 tatem
640 3014 1025 3093 obstinatuS,
1097 3022 1169 3081 ut
1223 3017 1456 3081 audeat
1521 3017 1726 3080 dicere
1788 3022 1850 3080 et
1910 3018 2095 3097 quasi
2162 3017 2632 3099 conspiratione

377 3101 651 3181 quadam
720 3103 890 3183 vulgi
959 3103 1328 3167 reclamare:
1406 3102 1608 3185 „Ergo
1677 3103 2097 3185 Henningus¹
2161 3126 2288 3166 non
2335 3108 2433 3167 est
2471 3102 2631 3184 juris

378 3187 707 3251 consultus
755 3188 1119 3269 perfectus?
1173 3189 1267 3253 Tu
1314 3212 1500 3253 erras.
1579 3190 2076 3254 perfectissimus
2123 3189 2275 3253 est.“
2353 3189 2630 3254 Convin—

376 3294 595 3336 camus
640 3274 827 3356 hujus
876 3298 1129 3357 quoque
1174 3277 1572 3340 amentiam.‘¹
1645 3276 1899 3339 Eminet
1963 3278 2065 3358 (ne
2112 3274 2404 3356 mentiar)
2468 3276 2632 3339 inter

378 3362 674 3442 aequales
734 3370 796 3423 et.
855 3386 1021 3425 nunc
1082 3362 1260 3426 adest
1316 3364 1458 3425 duci
1515 3364 1806 3443 GeorgiO,
1879 3364 2082 3426 iturus
2145 3385 2282 3426 cum
2349 3385 2420 3426 eo
2467 3361 2632 3425 Con-

378 3448 738 3522 stantiam,‘¹
788 3453 859 3511 ut.
904 3449 1168 3512 Phrisiis
1214 3448 1509 3513 hostibus
1557 3456 1620 3512 et
1665 3450 2038 3513 adversariis
2081 3448 2365 3531 Georgii²
2402 3470 2630 3529 magno

432 3653 468 3703 L
514 3584 763 3704 ἶῂτιίεῇοο
800 3588 852 3637 61
885 3584 1073 3652 inepte.
1147 3589 1175 3626 b
1203 3586 1535 3653 tyrocinium.
1611 3601 1634 3628 0
1665 3585 1784 3639 aliis
1819 3586 1944 3653 fehlt
1979 3585 2062 3637 bei
2098 3586 2243 3638 Tem.
2329 3590 2357 3627 d
2388 3586 2435 3639 ci
2472 3590 2534 3637 st.
2573 3585 2628 3639 ti.

380 3664 403 3691 Θ
450 3650 515 3702 Ἰ1·1
578 3652 694 3705 oai.

380 3719 639 3789 teilungen
678 3722 771 3774 des
807 3722 975 3773 Herrn
1025 3723 1510 3777 Oberforstmeister
1546 3739 1592 3775 a.
1630 3723 1692 3775 D.
1736 3723 2062 3791 Wcrneburg
2114 3723 2168 3775 in
2216 3723 2392 3777 Erfurt
2442 3724 2630 3776 befand

381 3788 495 3841 sich
542 3791 708 3843 schon
756 3792 886 3845 1369
934 3791 1018 3843 6111
1062 3792 1300 3845 Ι)1611·1611
1349 3810 1473 3845 »von
1524 3794 1616 3843 der
1663 3792 2027 3856 Margarethen
2062 3793 2171 3843 und
2205 3792 2542 3861 Lauenburg«
2576 3792 2630 3845 in

382 3857 568 3911 Erfurt.
647 3861 800 3913 Noch
845 3860 974 3913 alter
1017 3862 1087 3912 ist
1138 3863 1228 3914 das
1275 3862 1592 3914 Geschlecht
1643 3862 1734 3913 (161·
1770 3861 2133 3929 Margarethen
2171 3861 2222 3912 in
2259 3860 2628 3914 Miihlhausen.

378 3925 479 3977 Mit
514 3928 605 3980 (161·
640 3929 1012 3997 Bezeichnung
1046 3947 1173 3982 »von
1209 3931 1552 3997 Lauenburg«
1589 3930 1792 3981 stimmt
1817 3931 1908 3982 der
1933 3930 2107 3982 latein.
2134 3930 2265 3982 Titel
2289 3930 2627 3999 Leobu1·gius,
2675 3946 2678 3948 ’

377 3996 476 4047 den
514 3996 713 4050 Mutian
752 4000 859 4049 und
896 3998 1071 4051 Eoban
1110 4000 1210 4051 den
1250 4000 1492 4052 Gliedern
1530 4000 1622 4051 (161·
1649 3998 1866 4051 Familie
1899 3999 1948 4050 in
1977 3998 2184 4051 Briefen
2208 4000 2316 4051 und
2341 4000 2630 4052 Gedichten

378 4066 557 4130 geben.
740 4069 979 4129 ι(106116,
1036 4084 1134 4119 von
1191 4069 1450 4121 111111191-
1495 4069 1579 4120 die
1635 4068 2028 4135 hochmiitigen,
2088 4068 2469 4134 habsiichtigen
2525 4070 2627 4121 und

380 4136 809 4197 giundsatzlosen
847 4137 1080 4188 Juristen
1116 4138 1409 4202 ἕξω-66111161.
1482 4138 1554 4189 Ei·
1591 4138 1768 4189 besass
1808 4137 1857 4187 in
1899 4137 2068 4188 Gotha
2102 4138 2236 4189 nach
2264 4137 2347 4190 ΒΓ.
2380 4140 2476 4189 173
2513 4139 2628 4189 eine

378 4203 553 4253 »fettc«
594 4204 834 4263 Pfriinde,
874 4206 955 4256 ein
998 4206 1040 4257 U
1050 4208 1269 4260 instand.
1308 4207 1399 4258 der
1437 4210 1527 4258 auf
1564 4206 1794 4257 Mutians
1830 4205 1998 4257 Urteil
2038 4206 2184 4257 nicht
2231 4207 2364 4257 ohne
2401 4206 2630 4259 Einfluss

376 4270 462 4323 ist.
540 4271 1035 4340 Kampsehultc,
1073 4275 1136 4329 U.
1177 4276 1277 4328 Erf.
1316 4276 1355 4334 I,
1394 4276 1613 4328 39-42.
1687 4274 1739 4325 M
1759 4274 1964 4331 uther,
2003 4275 2054 4325 in
2092 4276 2184 4327 der
2221 4276 2350 4342 Allg.
2375 4275 2434 4328 D.
2458 4276 2628 4343 Biog1·.

382 4340 479 4405 lx,
519 4341 805 4398 314—316.
953 4344 971 4375 2
1011 4344 1106 4395 Die
1141 4344 1467 4397 Frieslander
1500 4345 1869 4396 widersctzten
1905 4343 2020 4395 sich
2057 4343 2149 4395 der
2198 4344 2627 4398 Erbstatthalter-

373 4410 549 4463 schaft
586 4410 779 4481 Georgs
822 4429 923 4465 von
960 4412 1207 4479 Sachsen,
1244 4414 1329 4465 die
1364 4414 1475 4465 ihm
1513 4413 1626 4465 sein
1655 4412 1858 4465 Bruder
1877 4411 2127 4463 Heinrich
2148 4413 2447 4479 abgetreten
2467 4416 2629 4481 hatte,

372 4479 455 4531 bis
492 4480 569 4533 sie
614 4482 746 4537 1515
784 4498 851 4535 an
890 4483 987 4534 den
1025 4482 1317 4551 Erzherzog
1352 4482 1478 4537 Karl
1516 4499 1618 4535 von
1657 4480 1925 4534 Oestreich
1963 4481 2261 4550 iibergieng.
