3084 4895
894 337 1104 393 Mutian
1143 356 1210 393 an
1255 341 1454 396 Ecban.
1530 333 1740 393 Mutian
1778 351 1847 393 an
1885 334 2085 396 Urban.
2294 342 2302 352 '
2492 340 2617 407 577

351 516 600 580 animas
647 513 824 578 coelo
873 514 1101 595 dignas
1147 534 1416 595 vereque
1461 513 1685 577 beatas
1732 512 1965 577 divinis
2010 515 2383 580 ceremoniis
2428 538 2618 581 vene-

343 622 572 664 remur.
667 598 978 663 Habenda
1043 604 1258 662 tamen
1329 603 1466 663 erat
1525 599 1682 661 mihi
1743 600 1907 661 ratio
1968 599 2311 677 amicitiae,
2371 604 2445 665 ut
2505 623 2617 683 pro

343 688 583 768 pietate
647 706 786 749 mea
832 691 895 747 et
938 689 1054 748 tua
1096 686 1161 747 in
1211 706 1310 747 me
1375 684 1823 748 benevolentia
1884 684 2239 749 scriberem.
2331 687 2613 764 Eobane,

345 772 576 835 certior
641 769 850 833 factus
917 792 956 832 a
1023 769 1446 833 familiaribus
1513 770 1903 833 doctissimis
1968 772 2123 833 viris
2188 772 2266 835 de
2333 773 2615 837 adventu

347 856 415 921 S.
463 856 665 939 patris
713 855 1002 930 Alberfi)
1055 857 1213 937 puto
1256 856 1352 917 tui
1387 876 1521 917 esse
1552 854 1769 931 officii,
1800 859 1873 917 ut
1904 856 2235 919 introitum
2271 857 2633 922 describas.-

341 942 568 1006 Omnis
617 941 820 1004 clerus
864 938 1288 1021 Turingorum
1345 938 1629 1002 conferre
1674 961 1931 1002 necesse
1977 939 2173 1005 habet
2236 942 2613 1021 subsidium,

340 1028 434 1090 ita
477 1027 788 1090 tributum
852 1024 1172 1107 quoddam
1235 1046 1559 1101 vocamuS,
1627 1024 1916 1105 pontifici
1978 1047 2226 1106 magno,
2316 1027 2439 1091 Par
2496 1034 2615 1107 est,

340 1117 416 1175 ut
483 1116 810 1193 poetarum
879 1110 1071 1173 etiam
1141 1109 1430 1173 subsidia
1499 1111 1886 1173 conveniant
1940 1115 2005 1173 et
2058 1116 2128 1173 tu
2176 1112 2311 1193 ejus
2370 1114 2614 1177 ordinis

341 1199 636 1280 princeps
679 1196 962 1259 carmina
1007 1195 1275 1277 pendas,
1365 1194 1915 1276 Utraquepensio
1947 1197 2613 1277 honorificentissima,

340 1304 732 1365 quamquam
780 1286 892 1345 tua
939 1282 1386 1362 praestantior,
1433 1286 1769 1363 propterea
1814 1282 1987 1363 quod
2030 1302 2157 1345 non
2203 1305 2389 1346 usum
2426 1286 2611 1349 modo

340 1374 406 1431 et
480 1367 755 1430 fructum
827 1365 1272 1447 praesentibus
1333 1365 1442 1429 sed
1513 1388 1828 1429 summam
1898 1388 2152 1449 quoque
2214 1368 2607 1449 voluptatem

340 1452 705 1534 posteritati
749 1450 928 1514 ferat.
1021 1450 1295 1514 Tantum
1330 1456 1446 1529 est,
1481 1451 1653 1533 quod
1700 1451 1887 1515 datur
1918 1475 1957 1515 a
1988 1454 2211 1534 poetis.
2290 1456 2375 1517 At
2405 1455 2606 1519 dices:

345 1536 748 1620 „Contentus
793 1537 921 1599 isto
968 1536 1227 1600 stimulo
1273 1557 1401 1600 non
1449 1558 1630 1615 sum3
1679 1536 1820 1600 volo
1853 1537 2010 1601 mihi
2040 1540 2248 1618 gratia
2278 1539 2608 1619 referatur,

339 1624 494 1704 quia
537 1645 636 1687 res
682 1622 1032 1686 domestica
1075 1623 1291 1684 tenuis
1336 1622 1593 1702 quidem
1638 1622 1898 1720 aliquid
1916 1623 2252 1687 desiderat.
2266 1623 2293 1655 “
2374 1626 2609 1689 Assen-

337 1711 534 1773 timur
594 1714 658 1771 et
713 1707 938 1772 damus
999 1706 1121 1769 hoc
1180 1727 1588 1789 responsum:
1656 1708 1903 1789 opinari
1971 1731 2071 1771 me
2138 1708 2606 1775 Sunthusenio²

345 1794 718 1891 permissum
752 1793 982 1863 locum
1018 1813 1204 1872 quem
1249 1790 1768 1873 Eitalavolphus⁸
1814 1795 2097 1858 tenebat.
2185 1794 2339 1877 Ejus
2384 1797 2607 1879 singu-

339 1880 536 1944 larem
582 1880 646 1942 in
694 1901 810 1943 nos
857 1878 1255 1942 voluntatem
1318 1879 1611 1959 cognovi.
1702 1878 1841 1954 Qua
1900 1901 1979 1943 ex
2039 1902 2106 1943 re
2166 1880 2473 1959 futurum,
2534 1887 2608 1946 ut

341 1986 506 2063 quae
554 1965 814 2047 petieris
855 1966 1176 2046 impetres,
1223 1964 1348 2027 nisi
1391 1964 1553 2026 forte
1609 1964 1912 2029 introitus
1970 1962 2251 2031 obse‘ssis
2308 1968 2607 2031 omnibus

338 2051 460 2114 viis
527 2049 840 2133 praeclusi
907 2054 1112 2131 erunt.
1201 2048 1363 2113 Illud
1425 2049 1585 2123 mihi
1644 2070 1901 2131 prorsus
1964 2052 2145 2115 valde
2209 2052 2505 2134 placebit,
2554 2054 2609 2117 si

335 2136 582 2201 nobiles
652 2136 822 2199 viros
892 2134 988 2198 vel
1040 2135 1270 2233 ‘potius
1337 2155 1679 2215 generosos
1745 2134 1971 2199 heroas
2034 2137 2213 2201 tuos⁴
2258 2139 2340 2202 ad
2406 2137 2607 2203 Sunt-

334 2222 674 2286 husenium
723 2220 988 2296 miserie,
1035 2221 1101 2282 in
1150 2220 1330 2317 cujus
1378 2219 1676 2283 clientela
1721 2222 2097 2301 quietiorem
2143 2226 2339 2287 vitam
2387 2228 2605 2305 agent,

335 2309 458 2371 etsi
506 2312 790 2372 monstra
834 2305 1145 2388 quaedam
1194 2305 1476 2385 insignia
1521 2327 1647 2369 non
1682 2306 1915 2370 desunt
1945 2306 2129 2371 aulae
2160 2309 2603 2390 Moguntinae.

337 2393 608 2474 Audisti,
656 2392 808 2477 quid
849 2392 1127 2474 jactaret
1170 2390 1460 2472 gregaria
1504 2403 1792 2474 penna,⁸
1764 2392 1834 2431 ⁸⁶
1881 2393 2023 2472 tibi,
2057 2394 2232 2471 mihi,
2268 2393 2604 2477 Capnioni,

334 2480 611 2542 breviter
681 2478 948 2552 eruditis
1013 2477 1312 2542 omnibus
1375 2477 1659 2540 adversa.
1766 2479 1898 2541 Nos
1963 2502 2001 2542 a
2069 2480 2263 2544 Zoilis
2328 2482 2472 2544 istis
2540 2487 2605 2546 et

335 2564 612 2646 ejusdem
685 2563 934 2646 generis
1003 2561 1356 2626 audacibus
1423 2563 1648 2627 scribis
1704 2565 1784 2627 ad
1842 2565 2282 2647 philosophiae
2349 2571 2601 2648 portum

333 2649 734 2732 profugimus
794 2648 1142 2713 aulicorum
1207 2648 1567 2711 flucticulos
1615 2652 1677 2712 et
1735 2672 1971 2717 sannas
2032 2673 2111 2714 ne
2171 2652 2284 2734 pili
2344 2652 2601 2732 quidem

335 2736 661 2800 facientes,
753 2734 989 2798 Eodem
1059 2754 1198 2797 meo
1265 2733 1555 2814 exemplo
1621 2734 1811 2799 timor
1856 2740 1921 2800 te
1965 2737 2179 2800 nullus
2237 2743 2597 2818 perterreat

335 2821 618 2884 Favente
663 2819 1102 2884 Sunthusenio
1136 2819 1328 2881 ceteri
1360 2841 1436 2882 ex
1471 2819 1820 2884 scribarum
1858 2821 2112 2886 decuria
2144 2822 2301 2886 nihil
2335 2825 2598 2936 egerint

330 2905 544 2969 Valeu

644 3005 767 3058 Cod.
804 3003 937 3057 Frcf.
976 3004 1091 3057 506.

332 3171 568 3240 (cotha.)
1387 3157 1532 3221 515.
2110 3175 2212 3242 (10.
2251 3177 2383 3245 Aug.
2426 3176 2597 3245 1515.)

1081 3284 1370 3355 Mutian
1418 3304 1516 3354 an
1560 3283 1841 3354 Urban.

329 3411 464 3477 (Der
511 3410 760 3464 Maium
802 3411 930 3464 Botc
962 3412 1054 3466 kat
1087 3412 1174 3465 die
1209 3412 1454 3479 Anleunft
1497 3413 1587 3464 des
1634 3412 1978 3480 Erzbzschofs
2014 3412 2077 3464 in
2112 3413 2307 3480 Erfurt
2353 3414 2451 3481 fior
2498 3416 2597 3467 den

327 3481 412 3532 13.
450 3479 662 3547 Auyust
695 3481 1027 3546 anyemeldet.
1100 3480 1457 3548 Hauplmamz
1507 3481 1677 3533 Hwnd
1728 3483 2016 3534 amne-send.
2088 3481 2205 3534 Den
2264 3482 2597 3550 Gefaozyenen

326 3548 482 3600 droht
532 3549 643 3600 der
679 3547 792 3600 Tod.
863 3549 986 3602 Pest
1019 3549 1084 3602 in
1117 3548 1362 3602 Mei-esen
1433 3548 1546 3601 Hat
1593 3549 1677 3601 die
1726 3549 1857 3616 Poly
1859 3550 2053 3602 anthea
2108 3551 2223 3602 und
2277 3538 2595 3603 Tribmw‘ans

328 3617 550 3684 Digesta
573 3617 818 3670 erhalten.
903 3617 980 3670 Ur
980 3617 1085 3670 ban
1120 3618 1220 3669 soll
1251 3635 1352 3670 von
1390 3617 1565 3670 Seiten
1598 3618 1690 3670 der
1726 3618 1878 3670 Stadt
1912 3617 2107 3688 Fsrfurt
2140 3618 2317 3670 m'ehts
2351 3619 2447 3682 fu'r
2479 3620 2596 3671 sein

1197 3685 1405 3738 Kloster
1438 3685 1720 3752 fiirchten.)

398 3798 654 3848 ‘Urbano
689 3811 846 3858 meo,
895 3799 997 3849 cui
1031 3797 1335 3860 refragari
1369 3813 1485 3850 nec
1520 3801 1666 3849 volo
1703 3812 1818 3850 nec
1856 3799 2071 3857 debe0,
2110 3801 2306 3849 amico
2344 3813 2522 3860 prae-

1134 3885 1348 3935 stabili
1385 3883 1494 3949 (M.
1528 3882 1777 3951 Rufius).

537 3993 602 4057 S.
693 3994 848 4058 Post
892 3995 1103 4059 officia
1146 3996 1468 4060 matutina
1515 3997 1646 4060 divi
1692 3996 1952 4061 Levitae
2011 3973 2365 4074 Laurentii,¹
2421 3998 2590 4076 quod

473 4199 489 4230 ι
467 4128 630 4180 ⁸Am
663 4128 883 4181 Raude:
921 4129 1158 4252 gregaria
1191 4147 1362 4196 penna
1397 4129 1639 4183 Grecker.

524 4197 608 4265 Vg
610 4198 641 4250 1.
681 4195 731 4250 S.
770 4197 872 4250 562
907 4201 968 4251 A.
1197 4200 1218 4230 ²
1251 4198 1303 4252 S
1341 4199 1443 4252 504
1479 4201 1540 4252 A.
1770 4199 1790 4228 ⁸
1824 4195 1874 4250 S.
1914 4197 2011 4251 561
2056 4200 2114 4251 A.
2154 4199 2201 4249 3.
2276 4197 2591 4265 Nachfolger

330 4266 511 4320 wurde
551 4267 644 4318 der
678 4263 978 4318 Hofrichter
1010 4265 1218 4318 Johann
1255 4283 1360 4320 von
1395 4216 1612 4320 Liinef)
1669 4266 1691 4297 ⁴
1724 4265 1824 4318 Die
1860 4264 2140 4320 Heroiden.
2213 4265 2262 4319 S.
2301 4267 2403 4332 463
2440 4269 2500 4318 A.
2538 4266 2586 4317 8.

402 4337 424 4366 ⁶
456 4333 564 4387 Der
597 4333 831 4386 Mainzer
865 4333 1048 4388 Scriba
1081 4334 1363 4404 Gregorius
1399 4335 1449 4391 S
1521 4335 1640 4404 Vgl.
1678 4332 1729 4389 S.
1766 4335 1870 4388 563
1905 4338 1969 4386 A.
2006 4335 2053 4388 2.

385 4425 448 4464 ze
449 4425 508 4462 ist
511 4422 651 4462 chrm
679 4421 1106 4473 N.F.suppi.1x.
2090 4405 2171 4467 37
