3084 4895
905 405 1117 465 Mutian
1154 427 1223 465 an
1260 405 1460 466 Eoban.
1534 413 1748 470 Mutian
1785 433 1852 470 an
1890 417 2090 475 Urban.
2497 420 2624 490 497

362 580 531 646 diem
598 603 786 664 quam
849 583 1175 666 proprium
1242 585 1521 648 natalem
1591 584 1934 651 celebravit
2001 593 2370 670 quotannis.
2458 595 2625 679 Ergo

360 667 550 730 trium
562 667 772 749 phate.
839 669 1058 732 Ricius
1092 667 1336 732 Cordus
1368 669 1676 734 Varenus'
1715 694 1858 736 cum
1891 695 2006 737 sua
2039 675 2288 741 Cunina
2321 679 2624 761 Favonia,

358 750 775 816 foeminarum
866 754 1257 832 fidelissima,
1347 755 1664 836 spirituali
1747 757 2152 838 jucunditate
2227 763 2397 828 domi
2471 788 2625 832 suae

357 839 615 919 gestiat.
709 837 803 902 Tu
864 861 1010 902 vero
1072 861 1213 904 cum
1280 840 1646 904 dulcissima
1708 841 1991 926 Thryna²
2055 849 2200 910 vina
2248 849 2395 913 bibe
2442 873 2622 917 coro-

363 929 571 986 natuS.
666 924 799 1005 Ego
860 946 1070 988 meum
1132 924 1491 1006 symbolum
1551 948 1802 1008 appono
1864 934 1929 993 et
1973 933 2442 1000 tetrastichidio
2510 941 2622 1002 tuo

358 1009 729 1072 admonitus
774 1011 966 1073 etiam
1022 1011 1278 1073 cantilO.
1372 1011 1481 1074 Ais
1527 1013 1730 1075 enim:
1784 1013 1945 1095 „Sed
1994 1021 2208 1082 tamen
2255 1026 2353 1085 est
2397 1023 2623 1104 ingens

360 1094 617 1158 sordida
693 1095 851 1157 rim-a
926 1094 1185 1177 pudor.“
1298 1095 1447 1159 Ideo
1516 1117 1628 1179 pro
1697 1099 1855 1161 rima
1923 1099 2114 1166 Trina
2189 1106 2620 1174 substituitur.

361 1177 619 1262 Thryna
664 1178 844 1243 vina⁸
888 1181 927 1242 i.
977 1204 1027 1244 e.
1078 1181 1304 1244 decora
1350 1186 1414 1244 et
1459 1182 1724 1264 pulchra
1767 1185 1970 1263 valde,
2031 1189 2162 1253 filia
2207 1189 2620 1258 Hierusalem.

559 1265 803 1330 Blanda
852 1267 1059 1330 Venus
1104 1267 1338 1348 triplici
1388 1271 1768 1332 monstravit
1813 1269 2016 1336 limite
2058 1276 2282 1342 rimas:

652 1352 853 1432 prima
899 1351 1170 1416 fututori
1216 1353 1664 1436 connubioque
1710 1356 1914 1434 datur,

552 1436 753 1500 altera
799 1437 1036 1501 lascivo
1082 1442 1265 1519 rapto
1313 1437 1680 1523 Ganymede
1723 1444 1996 1520 tonanti,

651 1523 759 1586 sed
804 1523 1020 1587 vetulo
1068 1525 1213 1605 peni
1241 1535 1271 1564 ⁸
1314 1526 1506 1587 tertia
1554 1526 1712 1588 rima
1757 1531 1950 1608 patet.

560 1606 833 1688 Thryna,
882 1608 1066 1672 dabis
1112 1609 1399 1689 veniam3
1446 1610 1648 1691 pudor
1692 1618 1806 1690 est,
1855 1613 1908 1676 si
1957 1613 2174 1678 dixero
2220 1617 2470 1698 rimam-3

652 1697 715 1756 te
761 1693 1081 1775 Thrynam
1129 1695 1341 1757 vinam
1386 1693 1573 1758 Musa
1611 1695 1830 1778 jocosa
1877 1704 2079 1762 vocat.

562 1776 679 1840 Cui
726 1779 969 1860 placuit
1010 1781 1233 1844 rimam
1284 1781 1551 1843 nimium
1599 1783 1839 1846 dixisse
1883 1784 2167 1864 licenter,

652 1864 755 1927 ille
800 1869 979 1929 vetat
1024 1865 1292 1948 posthac
1338 1865 1531 1930 verba
1578 1866 1852 1932 nefanda
1894 1869 2090 1952 loqui.

669 1962 792 2019 Cod.
830 1963 963 2019 Frcf.
1001 1965 1118 2018 420.

361 2149 595 2220 (Gotha.)
1415 2137 1564 2202 431.
2123 2157 2310 2226 (gegen
2345 2160 2405 2213 Ε.
2446 2161 2620 2232 1514.)

1109 2264 1401 2335 Mutian
1443 2284 1542 2334 an
1594 2265 1870 2336 Urban.

353 2391 574 2461 (Diniae
619 2393 773 2447 Verse
808 2392 1023 2446 Eobans
1057 2410 1161 2446 aus
1194 2393 1376 2446 dessen
1408 2391 1576 2461 Brief
1599 2409 1676 2445 an
1708 2393 1972 2449 Reucklin
2004 2397 2121 2449 und
2150 2396 2323 2466 eim'qe
2377 2397 2624 2453 Mutians

1152 2480 1285 2515 xum
1318 2462 1455 2515 Lobe
1488 2462 1818 2531 Reuchl‘ms.)

1112 2577 1195 2627 H.
1230 2576 1488 2627 Urbano
1524 2577 1614 2626 M.
1649 2576 1874 2627 Eume.

563 2686 627 2750 S.
720 2685 876 2750 Cum
926 2688 1070 2765 alia,
1118 2692 1299 2769 pater
1342 2690 1580 2765 sancte,
1629 2694 1766 2751 tum
1814 2687 1970 2752 haec
2015 2690 2280 2754 astricta
2341 2695 2620 2757 numeris

353 2777 547 2855 poeta
593 2771 838 2835 noster⁴
884 2773 962 2834 ad
1012 2773 1448 2836 doctissimum
1496 2771 1887 2854 Capnionem
1936 2775 2223 2856 scripsit:

614 2856 1078 2939 „Monstrorurn
1128 2859 1421 2936 domitor,
1468 2862 1608 2922 toto
1652 2858 1810 2923 Jove
1856 2864 2047 2923 natus
2093 2860 2174 2924 ab
2221 2861 2372 2925 orbe

694 2943 906 3006 nobile
954 2944 1259 3007 virtutum
1306 2945 1585 3026 praemia
1632 2966 1861 3008 nomen
1911 2945 2126 3023 habet.

609 3026 827 3091 Gloria
872 3026 1189 3110 Capnioni
1235 3050 1361 3092 non
1412 3034 1509 3093 est
1553 3031 1792 3094 minor:
1838 3030 1944 3093 ille
1991 3054 2108 3095 nec
2153 3031 2354 3112 hydra

691 3136 807 3177 nec
850 3114 1111 3197 reliquis
1158 3116 1311 3178 vicit
1354 3119 1641 3179 monstra
1691 3116 1933 3179 minora
1979 3115 2144 3179 feriS.

605 3199 830 3274 Qualia
868 3200 995 3281 jam
1046 3220 1232 3263 nemo
1278 3202 1546 3281 quaerit,
1597 3201 1719 3265 nisi
1765 3201 2033 3266 forsitan
2071 3203 2219 3265 vesse

689 3284 917 3366 incipis
962 3287 1243 3367 ignotuS‚
1293 3286 1756 3364 bardocuculle,
1801 3285 1982 3351 tibi.-“

561 3369 755 3448 Nihil,
803 3372 890 3434 mi
936 3370 1206 3450 Urbane,
1254 3372 1650 3448 concinnius,
1699 3372 2053 3448 sonantius,
2114 3372 2406 3436 festivius
2461 3372 2619 3453 fingi

356 3458 589 3536 potest.
681 3456 949 3519 Nostrae
996 3480 1193 3520 venae
1256 3457 1554 3520 modulus
1615 3458 1803 3538 longe
1864 3458 2117 3521 tenuior
2178 3460 2464 3537 erogavit
2524 3458 2619 3521 in-

356 3542 727 3622 sequentia:

613 3626 937 3689 Hactenus
982 3626 1483 3710 imposuitficta
1527 3627 1844 3709 gravitate
1890 3624 2176 3705 Catonis„

697 3732 819 3773 non
872 3713 1105 3793 poterit
1150 3712 1383 3795 populo
1432 3713 1796 3776 nunc-dare
1845 3711 2037 3774 verba
2083 3712 2327 3793 Magus.

606 3796 836 3859 Debita
882 3794 1194 3878 Capnioni
1240 3796 1379 3860 laus
1425 3798 1732 3862 inviolata
1776 3795 2082 3871 manebit,

692 3882 802 3945 sed
850 3886 963 3945 tua
1009 3904 1198 3963 quam
1248 3882 1511 3945 simulas
1557 3884 1776 3963 gloria,
1827 3882 2049 3961 Barde,
2090 3882 2278 3963 jacet.

352 4022 555 4029 .--

491 4100 519 4185 l
547 4100 1063 4217 liiilenbezeichnung
1099 4151 1355 4207 Varenus,
1393 4168 1493 4205 nur
1526 4152 1658 4215 hier,
1695 4152 1766 4205 ist
1783 4149 2244 4229 ‘unverstii-ndlicli.
2306 4149 2423 4217 Vgl.
2445 4149 2494 4204 S.
2514 4152 2618 4204 472

356 4225 415 4274 A.
454 4223 503 4274 4.
631 4223 650 4253 '¹
686 4220 737 4273 S.
774 4220 877 4273 496
914 4222 974 4273 A.
1016 4223 1058 4273 1.
1193 4222 1213 4251 ³
1247 4221 1614 4273 Scherzhaftes
1648 4219 1860 4273 Latera:
1899 4235 2024 4273 vma
2057 4240 2128 4257 =
2159 4218 2280 4271 fem.
2351 4218 2470 4286 Vgl.
2506 4235 2616 4275 vor.

355 4290 441 4344 ΒΓ.
585 4292 605 4321 ⁴
642 4288 834 4342 Eoban.
906 4288 979 4340 Ει·
1014 4289 1159 4341 hatte
1195 4288 1341 4343 Ende
1381 4290 1516 4341 1514
1564 4290 1717 4341 einen
1764 4288 1934 4354 (nicht
1981 4286 2305 4353 erhaltenen)
2361 4285 2509 4338 Brief
2551 4302 2618 4339 an

356 4358 620 4411 Rcuchlin
641 4357 797 4424 gesch
806 4357 998 4421 rieben,
1018 4359 1071 4407 in
1100 4356 1355 4417 welchem
1376 4358 1460 4409 die
1478 4357 1823 4425 angefiihrten
1847 4356 2120 4408 Distichen
2142 4384 2206 4393 -
2231 4354 2619 4423 Vergleichung

359 4426 649 4479 Reuchlins
684 4425 782 4477 mit
817 4424 1078 4477 Herkules
1116 4455 1180 4462 —
1218 4426 1453 4479 standen.
1524 4426 1807 4492 Krause‚
1844 4424 1900 4477 E.
1939 4424 2005 4478 H.
2043 4423 2085 4490 Ι,
2125 4424 2239 4476 175.

412 4514 681 4556 zeitschrift
707 4514 761 4553 N.
790 4514 843 4553 r.
871 4513 1027 4562 Suppl.
1055 4512 1138 4552 rx.
2121 4492 2204 4557 32
