3084 4895
505 408 634 481 350
1340 413 1514 468 Briefe
1554 405 1646 467 des
1680 413 1735 468 J.
1774 409 1919 471 1513.

504 593 634 653 tam
697 588 857 652 bene
921 609 1061 651 cum
1121 588 1310 652 rebus
1369 587 1671 652 humanis
1722 591 1938 652 actum
1998 593 2114 668 est,
2181 594 2255 654 ut
2298 613 2426 656 non
2472 587 2745 656 deterior

504 697 650 758 pars
695 674 976 737 vinceret
1019 675 1357 750 meliorem,
1403 675 1534 738 sive
1566 675 1757 739 ludus
1781 677 1903 738 iste
1934 675 2019 738 sit
2050 677 2579 741 cacodaemonum
2612 678 2745 740 sive

504 761 765 843 perfidia
813 759 1250 824 fanaticorum.
1342 760 1532 824 Plura
1586 783 1736 843 prae
1781 781 2060 825 moerore
2114 785 2242 828 non
2287 765 2543 846 possum
2590 765 2745 826 scri-

507 848 669 910 bere.
759 845 842 910 Et
885 845 1113 910 Crotus
1160 868 1334 910 meus
1363 843 1787 910 'excandescit
1846 847 2248 912 vehementer
2290 850 2374 913 ob
2420 850 2747 931 iniquissi-

503 955 674 996 mum
715 932 1043 1014 judicium,
1093 953 1218 1014 quo
1263 933 1358 998 vir
1406 933 1613 996 bonus
1660 939 1722 996 et
1754 934 1978 997 doctus
2024 935 2358 999 crudeliter
2402 941 2465 999 et
2509 936 2747 1000 nefarie

504 1020 970 1082 circumventus
1016 1024 1126 1082 est.
1217 1018 1568 1100 Jugulandi
1599 1020 1813 1100 potius
1856 1026 2069 1084 essent
2097 1021 2517 1104 theologistae
2550 1023 2747 1085 crassi

503 1105 688 1169 obliti
733 1104 1042 1168 barbaria.
1135 1103 1258 1168 Sed
1305 1111 1504 1182 tace0,
1552 1127 1631 1168 ne
1661 1105 1875 1168 videar
1918 1106 2165 1170 irritare
2196 1107 2353 1171 velle
2386 1108 2742 1171 crabrones,

505 1192 684 1268 Quod
731 1191 809 1254 ad
855 1190 1002 1253 Jani
1070 1213 1198 1254 rem
1245 1192 1496 1267 attinet,
1553 1212 1731 1253 cures
1776 1190 1981 1269 velim,
2038 1199 2109 1256 ut
2154 1193 2430 1257 cisiario¹
2477 1194 2576 1256 vel
2620 1193 2748 1257 sal-

501 1282 632 1344 tem
680 1276 1076 1350 carbonario²
1125 1279 1347 1342 cistam
1392 1277 1489 1339 tui
1533 1276 1811 1351 tradant,
1872 1299 2255 1360 quamquam
2317 1277 2744 1360 Nepotianus⁸

502 1365 684 1440 desit,
731 1370 1098 1444 procurator
1144 1362 1366 1428 talium
1411 1364 1810 1444 negotiorum
1857 1363 2260 1428 lectissimae.
2348 1365 2510 1442 Quid
2544 1365 2743 1429 habes

501 1451 577 1512 de
623 1449 1008 1530 Spalatino‘?
1075 1450 1244 1526 Quid
1273 1455 1364 1526 tu,
1413 1449 1569 1529 quid
1612 1449 1812 1511 nostri
1858 1451 2102 1530 agunt?
2171 1451 2238 1515 Si
2272 1451 2427 1532 quid
2456 1451 2742 1515 facturus

501 1559 566 1599 es
611 1558 710 1598 me
756 1539 1030 1617 petente,
1078 1537 1143 1599 id
1177 1556 1410 1618 quaeso
1457 1533 1669 1613 facito,
1714 1539 1788 1596 ut
1834 1535 1987 1598 mihi
2034 1558 2221 1618 quam
2256 1538 2743 1618 diligentissime

499 1621 824 1685 rescribas
915 1622 1050 1702 Ego
1111 1629 1174 1686 te
1229 1642 1370 1684 amo
1427 1626 1490 1682 et
1535 1621 1697 1682 scias
1754 1620 2069 1702 Petrejum
2117 1627 2179 1686 et
2224 1623 2656 1691 Herebordum
2702 1647 2744 1688 a

498 1731 598 1772 me
643 1709 859 1771 amari.
952 1708 1117 1772 Vale.

802 1807 924 1861 Cod.
961 1807 1093 1860 Frcf.
1132 1807 1246 1863 266.

495 1996 721 2065 (Gotha.)
1535 1982 1678 2045 287.
2374 1997 2526 2066 (Aug.
2568 1998 2741 2068 1513.)

1239 2091 1526 2162 Mutian
1572 2111 1666 2161 an
1720 2090 1993 2161 Urban.

455 2249 460 2255 ·
497 2221 712 2288 (Orotus
745 2221 973 2274 schreibt
1023 2238 1123 2274 von
1155 2238 1343 2274 nouem
1386 2221 1512 2274 iiber
1546 2221 1630 2274 die
1676 2221 2063 2288 Verdammuny
2107 2219 2397 2272 Reuchlins
2440 2219 2607 2272 durch
2640 2221 2744 2274 dm

494 2290 703 2344 Kaiser.
768 2289 884 2342 Wie
917 2307 1042 2358 may
1075 2291 1162 2342 des
1196 2289 1418 2344 Kaisers
1469 2291 1628 2344 Edikt
1663 2307 1739 2342 κη,
1771 2291 2007 2342 erklc'iren
2040 2290 2156 2342 sein
2170 2287 2196 2339 ,9
2263 2287 2524 2340 Reuchlin
2556 2289 2631 2342 ist
2663 2307 2741 2342 κει

495 2359 656 2426 heftiy
699 2377 926 2428 yewesen
971 2359 1088 2411 und
1135 2359 1228 2412 hat
1261 2359 1344 2411 die
1380 2359 1686 2412 Auktoritdt
1732 2359 1821 2410 der
1862 2358 2068 2422 Kircke,
2116 2358 2200 2410 die
2232 2363 2391 2409 anter
2426 2357 2565 2410 allen
2611 2357 2740 2410 Um·
2850 2349 2857 2356 ’

848 2427 1070 2481 stc'indm
1105 2427 1188 2480 bei
1217 2428 1307 2481 der
1341 2427 1521 2497 Menye
1554 2428 1825 2495 fest-§tehen
1859 2443 2025 2492 muse,
2058 2427 2397 2493 erschilttert.)

1231 2542 1313 2592 Η.
1349 2524 1604 2592 urbane
1638 2542 1727 2591 M.
1762 2540 1983 2591 Rufus.

709 2636 914 2701 Salus,
1003 2635 1108 2699 Dii
1151 2636 1322 2715 boni,
1377 2637 1500 2699 nisi
1546 2658 1764 2701 omnes
1811 2640 2019 2701 motus
2080 2636 2371 2699 fortunae
2432 2634 2737 2701 mutatio-

497 2744 766 2804 nemque
809 2744 1016 2786 rerum
1062 2744 1134 2785 ac
1165 2723 1365 2787 levem
1398 2744 1472 2785 ac
1503 2722 1879 2787 imbecillem
1910 2723 2235 2785 hominum
2269 2722 2465 2785 vitam
2500 2742 2735 2801 magno

492 2812 703 2875 animo
763 2814 1096 2890 erectoque
1163 2809 1641 2891 despiceremUS,
1712 2808 1887 2873 nullo
1944 2808 2071 2871 fere
2127 2809 2227 2871 die
2272 2828 2551 2871 essemus
2597 2806 2735 2871 sine

488 2896 682 2979 justis
727 2895 1013 2977 quereliS,
1073 2899 1145 2957 ut
1189 2917 1330 2959 vere
1377 2896 1548 2961 dicat
1604 2894 1895 2959 Ovidius:
1964 2894 2083 2977 „Et
2126 2896 2269 2976 quis
2322 2914 2448 2957 non
2507 2914 2733 2957 causas

491 2983 664 3051 mille
709 2981 940 3045 doloris
999 2979 1310 3045 habet?“⁴
1395 2981 1619 3063 Itaque
1684 2982 1968 3063 perbeati
2028 2980 2185 3043 mihi
2254 2978 2451 3042 videri
2505 2978 2733 3053 solent,

493 3070 726 3153 quibus
771 3068 976 3131 aliena
1022 3067 1154 3131 vita
1198 3068 1504 3149 magistra
1551 3072 1663 3130 est.
1756 3066 1965 3149 Atque
2000 3073 2071 3130 ut
2102 3090 2139 3129 a
2170 3068 2367 3147 stirpe
2412 3070 2735 3147 repetatur

493 3156 682 3237 hujus
727 3154 1080 3217 sententiae
1125 3155 1490 3229 auctoritaS,
1550 3152 1773 3217 scribit
1818 3153 2116 3217 Plautus:
2171 3152 2499 3234 „Feliciter
2544 3151 2731 3232 sapit,

495 3241 924 3325 quipericulo
985 3240 1190 3303 alieno
1249 3238 1506 3321 sapit“;⁶
1572 3239 1817 3302 Plinius
1864 3240 1927 3301 in
1975 3239 2289 3321 epistolis:
2368 3235 2730 3319 „Optimum

489 3327 650 3407 est“,
685 3328 912 3409 inquit,
951 3349 1068 3409 „ex
1101 3327 1364 3391 aliorum
1399 3326 1582 3389 malis
1614 3325 2016 3407 stultitiaque
2048 3325 2437 3406 voluptatem
2471 3328 2535 3385 et
2567 3344 2733 3386 com-

488 3416 743 3480 modum
791 3411 1101 3495 capere.“⁶
1189 3411 1423 3475 Notum
1471 3418 1569 3475 est
1624 3432 1910 3473 carmen:
1974 3410 2207 3491 „Felix,
2255 3431 2441 3490 quem
2488 3408 2730 3471 faciunt

489 3504 696 3575 aliena
738 3499 1014 3583 pericula
1058 3496 1406 3563 cautum.“⁷
1495 3497 1826 3560 Lucretius
1857 3498 1985 3559 aitz·
2030 3494 2273 3579 „Suave
2308 3495 2464 3557 mari
2498 3515 2729 3575 magno

489 3587 902 3653 turbantibus
945 3606 1219 3665 aequora
1249 3584 1476 3663 ventiS,
1519 3582 1573 3645 E
1602 3588 1771 3647 terra
1814 3604 2112 3665 magnum
2158 3582 2418 3645 alterius
2450 3585 2732 3661 spectare

490 3670 860 3737 laborem.“⁸
949 3670 1194 3748 Cretas,
1243 3672 1337 3733 vir
1383 3692 1524 3733 cum
1572 3670 1789 3751 primis
1834 3670 2136 3744 crudituS,
2190 3689 2301 3750 pro
2347 3688 2461 3729 suo
2522 3666 2586 3729 in
2631 3688 2730 3731 me

493 3760 705 3823 studio
751 3760 975 3822 iterum
1025 3759 1100 3819 de
1144 3757 1603 3839 proscriptione
1656 3755 1923 3818 ,loannis
1968 3754 2277 3817 Reuchlin
2346 3754 2727 3815 mentionem

633 3914 650 3944 ¹
686 3908 1316 3977 Kutschenwagenbauer.
1375 3907 1660 3959 Vielleicht
1694 3906 1901 3958 cistario
1936 3905 2350 3958 Kistenniacher.
2406 3904 2555 3955 Doch
2592 3902 2732 3955 steht

495 3980 729 4034 deutlich
765 3979 986 4031 cisiario,
1111 3980 1130 4009 ²
1165 3977 1594 4029 Kohlenbrenner
1629 3976 1755 4028 oder
1787 3974 2223 4027 Kohlenhandler.
2274 3972 2727 4024 Unverstz'indlich.

498 4043 644 4103 Uber
676 4050 842 4101 Janus
877 4048 926 4099 S.
965 4046 1063 4099 289
1100 4050 1162 4099 Α.
1205 4048 1248 4097 1.
1324 4048 1343 4077 ³
1377 4046 1586 4097 Urbans
1620 4044 1787 4097 Neffe.
1826 4044 1875 4096 S.
1902 4044 2001 4096 292
2035 4047 2095 4096 A.
2119 4046 2165 4095 7.
2239 4044 2257 4075 ⁴
2292 4040 2439 4094 Rem.
2478 4056 2579 4093 am.
2616 4039 2734 4092 572.

559 4124 580 4153 ⁵
616 4118 828 4170 Mercat.
869 4117 960 4183 IV,
997 4119 1045 4179 G,
1069 4118 1153 4167 40.
1227 4117 1248 4146 ⁶
1285 4115 1418 4166 Plin.
1458 4114 1595 4165 Hist.
1634 4116 1736 4165 nat.
1772 4112 1973 4179 XVIII,
2011 4114 2058 4176 5,
2096 4114 2177 4163 31:
2215 4111 2599 4177 »optimumque
2636 4112 2729 4174 est,

491 4191 552 4241 ut
589 4188 737 4255 volgo
775 4186 968 4247 dixere,
1007 4185 1176 4237 aliona
1211 4184 1414 4248 insania
1448 4184 1591 4235 frui«
1660 4182 1852 4234 Diesen
1878 4182 2185 4247 Ausspruch
2220 4178 2555 4231 wieder-holte
2592 4177 2729 4229 nach

450 4297 452 4299 ψ
489 4255 752 4309 Erasmus'
794 4254 1028 4321 Adagien
1079 4253 1284 4305 Plinius
1321 4255 1412 4304 der
1446 4252 1674 4317 Jfingere
1722 4252 1775 4301 in
1808 4252 1987 4303 seinen
2024 4249 2246 4313 Briefen,
2293 4264 2373 4300 wo
2408 4262 2467 4298 er
2502 4262 2606 4298 von
2642 4247 2731 4297 der

486 4324 734 4377 Thorheit
769 4325 860 4375 des
892 4323 1124 4389 Regulus
1160 4322 1372 4387 sprieht.
1444 4321 1594 4372 Doch
1626 4320 1789 4371 findet
1823 4320 1941 4371 sich
1977 4320 2149 4371 weder
2184 4318 2295 4369 dies
2329 4316 2465 4367 noch
2499 4314 2731 4367 Mutians

488 4394 627 4446 citat
681 4395 734 4443 in
771 4408 963 4443 unsern
997 4391 1291 4456 Ausgaben.
1469 4391 1488 4421 7
1525 4388 2008 4456 Spriehwortlicher
2042 4387 2191 4453 Vers,
2236 4384 2474 4437 woriiber
2524 4400 2590 4435 zu
2626 4383 2729 4451 vgl.

490 4462 696 4514 Erasmi
734 4460 934 4527 Adagia
968 4464 1020 4510 et
1056 4458 1197 4510 alior.
1234 4458 1366 4511 Han.
1409 4459 1560 4523 1617,
1594 4475 1643 4525 p.
1678 4456 1762 4510 40.
1898 4458 1919 4489 ⁸
1951 4457 2031 4508 De
2065 4471 2160 4509 rer.
2200 4463 2302 4508 nat.
2340 4454 2409 4519 II,
2448 4455 2473 4504 1
2514 4468 2592 4519 sq.
