3084 4895
507 375 633 454 288'
1333 372 1510 439 Briefe
1546 372 1648 437 des·
1673 382 1723 439 J.
1762 382 1907 437 1513.

513 578 822 623 summam
889 552 1226 621 stultitiam
1295 557 1524 639 accepi.
1616 555 1751 619 Tua
1817 555 2129 637 sapientia
2182 575 2278 617 me
2332 552 2741 627 sustentavit,

517 645 845 726 Spalatino
905 644 1248 724 prospexit,
1293 644 1394 705 cui
1440 641 1752 706 Cotionis¹
1812 661 2179 722 responsum
2226 640 2302 703 de
2344 640 2481 721 ipso
2538 639 2746 720 diplo-

516 735 680 793 mate
726 728 1063 792 transmisi.
1155 726 1464 791 Misissem
1512 732 1656 791 tuas
1699 727 1931 801 literaS,
1979 727 2098 789 nisi
2146 748 2271 788 una
2304 747 2399 787 me
2428 724 2745 807 particula

512 815 884 878 timidiorem
954 813 1222 876 fecisset.
1334 812 1496 889 Quid
1564 813 1727 875 enim
1797 818 1927 875 tam
2002 812 2262 894 prodigo
2339 810 2767 891 pollicearis?'

511 900 803 963 Nondum
874 896 1208 962 satisfecit²
1273 905 1337 961 et
1394 919 1567 961 amor
1636 920 1782 979 erga
1827 919 1942 962 nos
1986 903 2135 961 tuus
2182 896 2351 959 nullo
2396 900 2461 959 te
2506 896 2741 959 damno

515 986 704 1051 debet
768 983 1032 1047 afficere.
1121 984 1278 1047 Dedi
1321 983 1406 1046 Ill
1451 1005 1675 1047 aureos
1719 983 1799 1047 ad
1844 982 2157 1063 Petrejum
2218 1003 2329 1063 pro
2388 978 2742 1043 Cicerone.³

515 1070 567 1134 Ο
613 1071 700 1134 mi
747 1068 1016 1146 Urbane,
1049 1069 1228 1151 plura
1259 1070 1520 1133 daturus
1556 1091 1664 1151 pro
1696 1069 1967 1133 ostensis
2000 1068 2339 1145 codicibuS,
2372 1066 2423 1129 si
2456 1066 2743 1129 licuisset

515 1157 597 1221 ob
643 1154 954 1219 defectum
1003 1155 1319 1237 pecuniae.
1409 1155 1498 1219 De
1532 1152 1879 1237 Campego⁴
1924 1154 2016 1217 sic
2058 1152 2314 1217 habeas.
2404 1152 2607 1215 Homo
2641 1158 2742 1216 est

517 1240 1018 1307 studiosissimus
1085 1240 1318 1304 latinae
1383 1241 1655 1322 linguae,
1726 1244 1901 1304 totus
1967 1243 2194 1303 noster.
2282 1237 2344 1303 Is
2388 1238 2443 1301 si
2487 1238 2739 1301 Dudoni

515 1327 902 1403 successerit,
949 1346 1046 1389 me
1091 1326 1296 1388 deum·
1342 1328 1579 1408 putabo
1625 1328 1663 1389 i.
1712 1348 1761 1389 e.
1809 1325 2259 1389 felicissimum.
2349 1322 2471 1387 Sed
2540 1345 2737 1385 unum

515 1412 702 1477 velim
767 1412 1024 1492 cogites
1115 1409 1296 1475 Cotio
1357 1411 1512 1475 levis
1558 1416 1623 1475 et
1667 1410 1880 1475 fatuus
1942 1410 2209 1475 habetur
2254 1416 2317 1473 et
2364 1430 2529 1472 nuuc
2596 1409 2739 1489 plus

517 1499 704 1563 solito
751 1498 996 1570 metuit,
1042 1497 1182 1560 ideo
1229 1496 1436 1561 forsan
1485 1497 1634 1561 ficta
1678 1496 2117 1560 benevolentia
2156 1518 2253 1559 me
2284 1494 2403 1557 sibi
2437 1496 2500 1557 in
2534 1494 2738 1558 amico

515 1583 826 1649 conciliat.
915 1581 1074 1645 Nam
1121 1604 1216 1645 res
1262 1582 1546 1647 Caesaris
1596 1582 1753 1645 male
1796 1582 2021 1662 agitur,
2068 1582 2236 1663 quod
2270 1579 2595 1644 exsulibus
2642 1584 2741 1643 est

517 1692 704 1753 quam
745 1668 1292 1749 jucundissimum,
1327 1668 1845 1749 exspectantibus
1876 1673 1949 1731 ut
1978 1668 2101 1730 scis
2132 1667 2321 1730 alium
2357 1664 2738 1729 Caesarem.⁸

516 1756 650 1819 Hoc
693 1754 1040 1836 praesentit
1085 1751 1284 1817 Cotio.
1377 1754 1708 1819 Praeterea
1778 1754 1885 1833 qui
1930 1758 2327 1817 exsecutores
2374 1756 2540 1824 sunt,
2609 1772 2737 1815 non

517 1841 733 1905 favent
797 1839 1030 1902 latinis.
1121 1839 1234 1901 Est
1301 1840 1489 1903 etiam
1553 1840 1907 1918 ridiculum,
1969 1840 2023 1901 si
2090 1837 2441 1919 subadjuva
2506 1837 2743 1901 frustra

520 1925 758 1991 domini
823 1925 1025 1989 locum
1097 1922 1458 1989 affectarit.⁶
1550 1926 1770 1989 Verum
1815 1926 1906 1988 ita
1952 1923 2177 2001 facit03
2241 1923 2471 1987 referat
2513 1926 2741 1987 totam

518 2033 691 2095 spem
759 2032 933 2074 suam
986 2011 1224 2073 amicus
1291 2010 1368 2075 ad
1416 2014 1855 2075 auctoritatem
1929 2008 2233 2086 Cotionis,
2280 2031 2353 2073 ac
2399 2010 2449 2072 si
2494 2014 2744 2093 praeter

521 2120 662 2161 eum
711 2118 834 2160 non
881 2095 1114 2159 habeat
1160 2096 1463 2159 auxilium
1497 2102 1561 2160 et
1591 2120 1670 2160 ex
1712 2097 1975 2160 consilio
2019 2096 2219 2176 ipsius
2262 2095 2549 2176 pendeat.
2634 2092 2745 2157 Sic

518 2206 644 2248 non
692 2182 952 2246 audebit
991 2181 1276 2245 altercari
1325 2188 1386 2245 et
1432 2181 1643 2247 fallere
1690 2188 1753 2246 et
1794 2202 1931 2263 ego,
1962 2181 2216 2264 quando
2247 2181 2435 2249 volet.
2468 2180 2741 2245 scribam

521 2270 600 2333 ad
669 2266 1135 2331 cancellarium⁷
1204 2288 1448 2331 summa
1513 2268 1855 2350 diligentia.
1945 2266 2227 2331 Scribam
2282 2268 2363 2330 ad
2408 2266 2743 2330 Cotionem

521 2355 695 2419 velut
737 2375 773 2415 a
818 2359 882 2417 te
938 2354 1296 2433 instigatus.
1387 2352 1731 2434 Postquam
1776 2375 1921 2417 vero
1966 2373 2217 2417 sensero
2287 2374 2411 2416 rem
2476 2372 2611 2415 esse
2671 2352 2742 2413 in

517 2443 738 2524 optata
791 2440 912 2517 via,
967 2443 1102 2503 tum
1156 2438 1310 2502 totis
1364 2438 1602 2503 viribus
1656 2440 1747 2504 vel
1804 2439 2148 2522 praesulem
2196 2442 2260 2502 et
2306 2434 2743 2502 Emanuelem⁸

520 2526 865 2607 aggrediar.
956 2525 1272 2606 Principia
1316 2525 1480 2588 enim
1528 2531 1679 2589 sunt
1724 2531 1904 2590 caute
1938 2525 2409 2608 praetentanda,
2450 2546 2527 2586 ne
2558 2522 2745 2586 dolus

521 2611 727 2676 subsit
769 2612 831 2674 in
879 2616 1060 2675 tanta
1102 2611 1617 2690 Vuestphalorum
1651 2609 1888 2684 turba,⁹
1920 2612 2026 2693 qui
2058 2611 2270 2674 omnia
2297 2633 2440 2694 ‘cum
2474 2608 2745 2673 avaritia

521 2697 896 2777 infinitaque
958 2697 1236 2759 omnium
1296 2719 1497 2759 rerum
1548 2698 1895 2782 cupiditate
1940 2719 2004 2760 se
2052 2703 2112 2758 et
2158 2718 2305 2760 suos
2350 2701 2741 2778 promovent,

519 2805 635 2846 nec
678 2783 843 2845 ullus
875 2788 971 2845 est
991 2790 1125 2852 ,tam
1163 2782 1490 2845 abstrusus
1539 2805 1850 2858 nummus,
1899 2783 2049 2865 quin
2098 2781 2398 2846 olfaciant
2442 2787 2744 2862 quaestu-

520 2870 725 2932 osiora
789 2873 1119 2931 sectantes.
1209 2866 1378 2932 Haec
1445 2869 1693 2951 raptim.
1802 2866 1895 2930 Tu
1959 2869 2168 2931 valeas
2222 2872 2285 2931 et
2340 2868 2741 2950 respondem,

521 2954 770 3018 Urbane
814 2958 993 3036 pater
1037 2958 1266 3018 noster.

825 3070 945 3124 Cod.
981 3069 1112 3123 Frcf.
1149 3071 1264 3125 259.

660 3297 677 3328 ¹
712 3295 761 3349 S.
801 3295 900 3348 239
937 3297 996 3346 A.
1033 3295 1080 3348 6.
1152 3283 1296 3348 Uber
1331 3295 1422 3347 das
1457 3294 1668 3362 Diplom
1692 3293 1949 3361 Spalatins
1984 3294 2087 3362 vgl.
2122 3294 2171 3348 S.
2209 3294 2308 3350 286
2342 3299 2403 3350 A.
2430 3295 2477 3348 5.
2618 3299 2637 3330 ²
2672 3297 2742 3350 Er

521 3366 722 3433 samnte
749 3363 848 3416 mit
865 3363 956 3416 der
979 3362 1354 3430 Riickzahlung
1373 3363 1515 3415 eines
1533 3363 1822 3415 Darlehens
1855 3363 1939 3414 fiir
1962 3363 2044 3414 die
2064 3363 2341 3422 Gebiihren
2375 3366 2466 3417 des
2491 3365 2739 3432 DipImnS.

525 3433 784 3486 Ahnliche
819 3431 984 3500 Klage
1017 3431 1116 3484 mit
1148 3431 1454 3499 Beziehung
1487 3432 1579 3484 auf
1593 3431 1675 3483 die
1699 3431 1995 3484 Eberbachs
2031 3430 2081 3486 S.
2108 3432 2206 3485 120
2222 3435 2282 3486 A.
2308 3435 2351 3485 1.
2458 3433 2479 3464 ⁸
2513 3433 2743 3487 Gesandt

520 3503 663 3555 hatte
697 3501 789 3553 ihn
823 3500 1060 3568 Petrejus
1094 3516 1188 3554 vor
1204 3500 1328 3553 Dez.
1353 3501 1498 3554 1512.
1534 3500 1621 3552 Br.
1649 3499 1761 3552 210.
1786 3499 1899 3554 212.
1972 3500 2059 3554 ⁴8.
2082 3501 2182 3554 210
2199 3504 2260 3556 Α.
2283 3503 2327 3553 1.
2351 3518 2400 3556 u.
2427 3500 2475 3555 S.
2492 3501 2593 3554 274
2614 3505 2675 3556 A.
2690 3503 2739 3557 8.

523 3572 544 3603 ⁶
577 3570 674 3622 Die
709 3571 764 3622 in
797 3569 952 3638 Folge
989 3570 1080 3621 der
1115 3569 1431 3622 stadtischen
1484 3568 1794 3621 Revolution
1828 3584 1923 3620 aus
1956 3568 2131 3621 Erfurt
2185 3569 2513 3622 Verbannteu
2566 3587 2743 3626 waren

521 3640 619 3691 mit
652 3640 770 3691 dem
805 3638 1279 3690 unentschiedenen
1312 3638 1603 3706 Eingreifen
1640 3637 1993 3690 Maximilians
2027 3638 2080 3689 in
2116 3639 2235 3689 dem
2273 3638 2531 3690 zwischen
2566 3639 2743 3692 Erfurt

521 3709 629 3760 und
681 3708 913 3760 Sachsen
965 3708 1342 3776 sctrwebenden
1395 3706 1597 3758 Handel
1651 3706 2000 3758 unzufrieden.
2071 3706 2475 3764 Burkhardt.
2529 3709 2576 3761 d.
2618 3709 2741 3762 tolle

523 3777 653 3829 Jahr
688 3776 736 3829 S.
775 3777 874 3829 373
909 3777 962 3828 ff.
1032 3777 1177 3829 Uber
1211 3776 1293 3828 die
1329 3775 1708 3828 schwankende
1740 3773 1929 3827 Politik
1964 3775 2055 3826 des
2089 3775 2301 3828 Kaisers
2336 3776 2389 3826 in
2424 3776 2607 3830 Italion
2634 3777 2740 3845 vgl.

522 3845 666 3911 Leo,
703 3845 888 3896 Gesch.
925 3861 974 3898 v,
1013 3844 1126 3899 Ital.
1165 3844 1228 3910 V,
1266 3843 1360 3896 261
1398 3844 1450 3896 ff.
1539 3861 1545 3867 ·
1590 3845 1611 3875 θ
1645 3843 1878 3910 Pyrrhus
1909 3843 1997 3911 ‘di-e
2032 3843 2189 3896 Stelle
2240 3844 2432 3896 Dudos,
2572 3845 2591 3874 ⁷
2627 3847 2744 3898 Den

521 3911 706 3965 Mainz.
744 3913 970 3965 Kanzler
1004 3914 1122 3967 Joh.
1158 3911 1534 3980 Englende1·.S.
1560 3912 1660 3964 230
1683 3915 1743 3963 A.
1767 3913 1809 3965 1.
1884 3913 1905 3943 ⁸
1937 3912 2083 3964 Uber
2118 3913 2258 3965 diese
2294 3913 2485 3964 dunkle
2521 3913 2744 3968 Person-

523 3981 739 4034 lichkeit
773 3982 874 4050 vgl.
913 3981 962 4034 S.
1003 3983 1099 4034 138
1134 3983 1194 4034 A.
1231 3982 1278 4032 4.
1349 3980 1504 4048 Nonii,
1552 3981 1730 4048 obiger
1784 3979 1941 4032 Stelle
1993 3995 2101 4032 war
2136 3997 2191 4034 er
2226 3981 2310 4032 ein
2356 3982 2600 4034 Beamter
2652 3984 2747 4035 der

526 4049 756 4101 Mainzer
807 4051 982 4102 Kurie.
1121 4052 1142 4082 ⁹
1177 4049 1292 4116 Vgl.
1343 4050 1426 4102 die
1472 4052 1775 4115 Ausserung
1809 4049 1862 4100 in
1896 4048 1981 4101 ΒΓ.
2018 4049 2119 4102 202
2154 4067 2274 4103 vom
2312 4050 2391 4102 22.
2430 4049 2543 4103 Okt.
2587 4053 2744 4104 1512:

523 4117 878 4171 »Salimannus
930 4119 1252 4185 promovebit
1286 4120 1425 4170 haud
1461 4119 1616 4170 dubie
1652 4117 2032 4184 Vuestphalum
2070 4119 2319 4185 aliquem«
2354 4121 2458 4172 und
2496 4121 2624 4172 iiber
2660 4122 2746 4172 die

525 4187 804 4240 blanditiae
841 4188 1258 4254 Vuestphalieae.
1294 4204 1397 4239 von
1432 4188 1594 4238 denen
1632 4186 1745 4238 sich
1782 4186 1924 4238 Cotio
1961 4187 2231 4253 gewinnen
2266 4188 2409 4242 liisst.
2435 4190 2486 4239 iu
2510 4189 2596 4241 Br.
2626 4189 2743 4244 203.
