3084 4895
1212 433 1428 488 Mutian
1465 450 1536 486 an
1561 430 1775 499 ,Urbem
2490 430 2619 499 223

353 606 622 691 meringi
669 608 1027 673 consilium.
1120 606 1189 671 Si
1236 606 1512 687 quietem
1560 605 1850 689 imperat,
1898 604 2251 686 quiescam3
2297 604 2351 667 si
2395 605 2621 669 turbas

363 696 646 757 excitare
690 693 1022 776 praecipit,
1057 692 1418 755 concutiam
1452 692 1667 755 omnia
1700 691 2031 768 elementa,
2058 690 2209 753 deos
2241 693 2304 753 et
2333 690 2623 754 homines

357 784 670 859 tanquam
715 800 961 859 magus
1035 777 1238 858 Hujus
1283 776 1607 839 oraculum
1659 779 1977 859 exspecto,
2047 773 2297 839 Licebit
2334 775 2619 857 profanis

357 870 605 927 mutare
668 864 929 941 factum,
977 870 1166 945 prout
1218 862 1324 942 jus
1385 863 1763 925 canonicum
1829 859 2223 943 praescribit,
2294 861 2404 923 sed
2472 864 2623 925 ante

357 950 942 1033 transpositionem,
979 953 1130 1011 ante
1155 948 1648 1021 institutionem,
1682 949 1831 1009 ante
1865 946 2102 1008 aditam
2135 946 2621 1027 possessionem.

363 1036 588 1118 Itaque
635 1034 928 1098 consules
973 1032 1270 1097 salutabo
1319 1037 1382 1095 et
1425 1036 1500 1095 ut
1546 1036 1896 1095 retractent
1926 1036 2070 1093 acta
2102 1031 2404 1109 suadebo,
2438 1031 2625 1095 modo

364 1122 430 1184 id
477 1120 772 1184 consulat
816 1122 1126 1202 patronus
1186 1116 1449 1181 noster.¹
1546 1116 1658 1179 Sin
1722 1120 1935 1179 autem
1996 1116 2090 1178 illi
2148 1116 2333 1179 aliter
2397 1118 2625 1193 visum,

365 1206 548 1284 bene,
596 1210 669 1268 ut
716 1210 788 1269 tu
834 1204 1127 1277 hortariS,
1163 1203 1452 1285 sperabo
1533 1202 1806 1277 Videbis,
1842 1222 1969 1283 qua
2000 1202 2116 1263 sim
2150 1203 2320 1283 apud
2352 1203 2625 1265 scribam

363 1292 647 1353 civitatis
717 1290 968 1353 fiducia.
1061 1288 1166 1352 Vir
1229 1293 1328 1350 est
1388 1288 1671 1369 optimus
1718 1292 1781 1349 et
1835 1286 2037 1349 nostri
2107 1290 2301 1367 atque
2372 1288 2625 1351 virtutis

366 1376 866 1439 amantissimus
960 1375 1128 1437 Haec
1176 1377 1387 1435 autem
1441 1373 1757 1436 Arnoldus
1804 1370 2047 1435 noster²
2115 1372 2393 1436 Arnoldo
2449 1372 2631 1437 fiatri

364 1458 694 1544 primario³
743 1482 868 1523 non
917 1460 1106 1523 dicat.
1199 1458 1402 1521 Nimis
1436 1458 1563 1521 cito
1596 1459 1933 1539 signarunt
1964 1458 2255 1521 consules
2286 1458 2631 1522 Lotianum

365 1546 876 1629 chirographum.
995 1544 1138 1607 Non
1214 1543 1584 1624 intelligunt
1659 1544 1875 1607 literas
1949 1545 2015 1605 et
2086 1544 2275 1606 nudis
2365 1544 2631 1607 credunt

365 1633 592 1695 verbis
669 1631 720 1695 Ο
769 1630 1152 1695 dementiam
1201 1628 1625 1710 singularem!
1700 1628 1958 1709 „Aderit
1988 1628 2331 1711 aliquando
2364 1633 2631 1693 vocatus

366 1715 650 1800 Apollo.“
744 1717 913 1781 Vale.

677 1816 801 1869 Cod.
838 1815 972 1869 Frcf.
1011 1814 1129 1869 205.

369 2004 601 2075 (Gotha.)
1428 1986 1569 2049 174.
2003 2084 2009 2089 ¹
2054 2000 2123 2069 (n.
2164 2001 2247 2055 10.
2286 2002 2419 2070 Aug.
2460 2000 2632 2071 1512.)
2680 1970 2685 1975 ⁸

1115 2111 1408 2182 Mutian
1451 2132 1552 2181 an
1595 2110 1876 2181 Urban.

371 2242 497 2307 (Rei
532 2240 883 2306 Sb'mmerinq,
926 2239 1173 2292 Mutiam·
1193 2240 1386 2293 Lehrer
1419 2240 1538 2292 und
1578 2240 1801 2303 dewr,
1824 2239 1965 2291 wird
1997 2239 2180 2291 Urbem
2196 2240 2394 2293 wirken
2416 2241 2635 2303 konnen,

369 2311 472 2362 soll
514 2310 630 2361 sich
664 2310 788 2363 aber
821 2311 913 2361 der
949 2308 1296 2361 Dauniam-:eit
1347 2326 1516 2377 weyen
1550 2309 1642 2361 der
1676 2308 2051 2361 barbarisehen
2101 2308 2638 2362 Juristefnausdrioelce

373 2378 631 2431 bedieown.
703 2378 894 2431 Latius
949 2377 1042 2430 hat
1093 2383 1252 2431 ‘un-ter
1283 2378 1376 2429 der
1427 2377 1595 2429 Form
1626 2378 1719 2429 der
1744 2376 2075 2445 permutatio
2124 2394 2244 2429 vom
2302 2378 2491 2431 Senate
2540 2378 2641 2430 das

373 2446 928 2500 Prdsematimwreckt
962 2446 1180 2514 erlanqt,
1205 2446 1328 2500 aber
1361 2446 1447 2498 die
1480 2445 1653 2499 Kurie
1686 2464 1783 2499 um
1816 2446 1915 2498 das
1949 2446 2110 2498 Reeht
2126 2446 2218 2499 der
2240 2446 2644 2516 stansposition

789 2515 1027 2582 betroyen
1062 2517 1178 2567 und
1209 2515 1325 2568 eine
1362 2515 1542 2581 Strafe
1575 2533 1677 2567 von
1714 2516 1789 2567 60
1831 2515 1911 2567 ΘΖ.
1948 2515 2225 2583 verwirlot.)

1141 2629 1222 2679 Η.
1257 2627 1515 2678 Urbano
1550 2628 1639 2679 M.
1673 2627 1895 2679 Rufus·

590 2737 654 2801 S.
746 2737 866 2800 Tui
913 2737 1040 2801 imo
1100 2739 1298 2802 nostri
1345 2737 1853 2802 amantissimum
1925 2761 2061 2802 esse
2107 2737 2640 2818 Sommeringum,

387 2845 515 2887 non
565 2824 696 2886 heri
745 2828 810 2887 et
857 2823 1090 2886 nudius
1156 2825 1384 2887 tertius
1431 2823 1540 2886 sed
1586 2825 1734 2887 olim
1782 2825 2070 2906 cognovi.
2162 2825 2364 2887 Favet
2426 2823 2647 2887 latinis

387 2909 619 2972 studiis
663 2914 737 2972 ut
783 2909 892 2991 qui
939 2910 1234 2987 maxime,
1303 2910 1440 2973 odit
1507 2909 1813 2973 barbaros
1860 2915 1932 2973 ut
1976 2910 2085 2992 qui
2147 2910 2349 2987 valde,
2411 2909 2647 2972 nostris

381 2995 730 3058 commodis
795 3000 868 3056 ut
939 2995 1050 3074 qui
1117 2993 1392 3058 libenter
1463 2994 1588 3058 fert
1657 3017 1859 3078 opem.
1954 2997 2111 3058 Nam
2183 2995 2392 3061 adhuc
2466 2995 2644 3058 tenui

381 3081 641 3144 fortuna
686 3083 750 3143 et
795 3085 1047 3142 tantum
1099 3079 1480 3160 philologiae
1529 3081 1755 3144 baculo
1803 3081 2107 3161 insignis*
2170 3080 2534 3144 Terentium
2582 3080 2645 3143 in

387 3165 604 3228 schola
637 3175 664 3204 ⁸
711 3164 1230 3248 philosophorum
1269 3166 1627 3229 enarrabat.
1724 3165 1990 3230 Auditor
2022 3189 2221 3243 eram3
2269 3166 2646 3229 Eunuchum

385 3253 690 3315 tractavit
758 3272 866 3332 per
931 3251 1120 3314 ferias
1195 3252 1605 3314 caniculares
1714 3251 1888 3314 Satis
1954 3252 2309 3330 facundiae,
2376 3252 2647 3315 multum

384 3337 762 3416 diligentiae
828 3337 1166 3418 praestitit.
1260 3335 1350 3398 De
1407 3337 1727 3418 elegantia
1793 3346 1996 3414 tace0‚
2064 3360 2229 3420 quae
2293 3336 2413 3400 sub
2481 3336 2645 3399 idem

385 3426 648 3504 tempus
695 3422 978 3484 nondum
1025 3423 1215 3486 isthic
1261 3429 1618 3485 emerserat.
1711 3422 1927 3487 Coluit
1972 3422 2305 3486 Thurium⁵
2376 3425 2647 3505 poetam,

389 3508 654 3571 Crotum
723 3507 1080 3582 honoravit,
1142 3507 1368 3570 dilexit
1413 3507 1836 3588 Spalatinum.
1930 3508 2163 3572 Credas
2208 3508 2405 3587 igitur
2448 3511 2511 3570 te
2556 3506 2651 3569 illi

385 3615 603 3656 carum
669 3615 824 3668 esse,
885 3614 1028 3656 cum
1092 3593 1432 3672 praedictis
1495 3615 1621 3656 non
1671 3594 1759 3656 sis
1805 3594 2169 3675 eloquentia
2228 3593 2503 3671 inferior,
2548 3591 2651 3654 in-

387 3681 576 3758 genio
637 3679 830 3741 etiam
893 3679 1176 3758 superior
1222 3682 1284 3740 et
1329 3685 1581 3741 tantum
1643 3683 1853 3742 aetate
1920 3686 2113 3760 atque
2178 3679 2383 3760 gloria
2447 3678 2653 3741 minor

527 3909 554 3937 a
581 3895 738 3949 scola.

538 3967 552 3996 ¹
589 3963 933 4031 Sommering.
1076 3965 1096 3995 ²
1134 3963 1239 4016 Der
1284 3961 1466 4016 Scriba
1533 3963 1626 4014 des
1680 3963 2138 4016 Nonnenklosters.
2196 3964 2363 4016 durch
2418 3965 2653 4017 Mutians

393 4032 747 4100 Empfchlung
783 4033 920 4084 heim
959 4031 1094 4084 Abte
1136 4031 1269 4083 1512
1307 4032 1580 4085 bestii-(lert.
1621 4032 1670 4085 S.
1710 4033 1776 4084 69
1817 4035 1876 4086 A.
1906 4032 1951 4084 2.
2062 4035 2082 4063 ²³
2114 4033 2382 4084 ¹Iohannes
2418 4033 2652 4099 Arnoldi,

393 4101 816 4169 Biirgcrmeister
859 4118 908 4153 v.
959 4101 1130 4152 Gotha
1181 4101 1328 4153 1512.
1403 4099 1827 4167 Sagittarius
1880 4101 2015 4154 Hist.
2074 4101 2224 4154 Goth.
2282 4103 2361 4154 ed.
2412 4102 2563 4156 Tenz.
2600 4119 2649 4168 p.

397 4172 516 4224 376.
591 4169 745 4222 Nach
779 4169 959 4236 obiger
995 4169 1155 4222 Stellc
1201 4169 1283 4220 cin
1320 4169 1525 4220 Bruder
1560 4169 1653 4219 des
1690 4168 1883 4222 Scriba.
2028 4172 2049 4201 4
2083 4170 2177 4221 Als
2212 4169 2526 4222 Bakularius
2562 4171 2656 4222 der

392 4238 748 4305 Philosophia.
809 4237 927 4290 Nur
963 4238 1046 4290 dic
1084 4237 1318 4304 magistri
1357 4238 1565 4289 durften
1602 4237 1901 4290 offentliche
1937 4238 2298 4304 Vorlesungen
2334 4238 2526 4290 halten.
2564 4239 2653 4298 In-

393 4309 581 4360 dessen
630 4322 740 4358 war
775 4305 888 4358 dies
925 4307 1061 4358 auch
1099 4307 1200 4358 den
1235 4305 1552 4357 Bakularicn
1587 4305 1643 4356 in
1679 4306 1780 4357 den
1815 4306 1999 4358 Ferien
2034 4309 2295 4374 gestattet.
2335 4307 2450 4373 Vgl.
2479 4308 2529 4361 S.
2557 4306 2655 4360 135

393 4379 456 4428 A.
493 4379 541 4428 ἵ).
592 4375 692 4426 Die
728 4373 1026 4442 Vorlesung
1069 4375 1182 4426 faut
1219 4390 1315 4426 vor
1349 4375 1446 4426 das
1480 4374 1530 4427 J.
1573 4374 1721 4426 1492.
1863 4378 1884 4406 ⁵
1917 4375 2174 4428 Nikolaus
2220 4374 2535 4442 Marschalk,
2573 4375 2655 4429 bis

398 4444 531 4498 1502
570 4442 771 4496 Lohrer
806 4443 898 4495 der
932 4443 1259 4496 Humaniora
1291 4443 1348 4494 in
1383 4441 1575 4494 Erfurt.
1614 4441 1665 4496 S.
1700 4442 1735 4493 8
1770 4445 1831 4496 A.
1874 4445 1920 4497 1.
