3084 4895
471 369 556 434 90
1238 369 1411 424 Briefe
1448 388 1550 424 von
1591 371 1943 427 1505-1508.

468 566 588 627 que
636 543 964 607 illecebrae
1009 548 1179 616 sunt,
1230 566 1303 606 ne
1352 566 1457 626 per
1502 545 1721 610 luxum
1771 551 1834 610 et
1878 546 2334 610 abundantiam
2394 547 2710 628 copiarum

467 630 714 694 animae
734 632 1039 695 fortitudo
1059 632 1445 695 mollesceret
1463 636 1525 694 et
1562 633 1694 714 ejus
1714 634 2048 716 pudicitia⁸
2078 634 2674 715 construpi·aretur.“
2697 633 2708 663 ⁸

465 717 697 780 Inutile
756 718 987 800 quippe
1044 724 1141 780 est
1196 717 1411 781 crebro
1459 719 1689 796 videre,
1746 741 1854 802 per
1899 742 2060 802 quae
2105 719 2446 802 aliquando
2493 725 2716 802 captus

468 803 573 879 sis,
622 809 685 867 et
730 825 941 867 eorum
998 808 1060 867 te
1121 804 1552 885 experimento
1610 806 2020 883 committere,
2085 806 2318 888 quibus
2382 805 2717 870 difficulter

466 899 697 954 careas.
788 889 947 954 Nam
1010 894 1074 953 et
1132 889 1510 974 Pythagorei
1573 891 2008 975 hujuscemodi
2065 891 2482 973 frequentiam
2530 891 2719 956 decli-

466 982 691 1040 nantes
746 977 809 1040 in
869 976 1211 1041 solitudine
1267 981 1330 1040 et
1388 976 1652 1042 desertis
1697 978 1855 1043 locis
1898 979 2186 1062 habitare
2233 981 2714 1044 consueverunt.

464 1063 775 1127 Platonici
821 1084 1071 1147 quoque
1116 1068 1180 1128 et
1225 1063 1421 1128 Stoici
1468 1064 1532 1129 in
1596 1065 1972 1147 templorum
2021 1065 2174 1130 locis
2241 1071 2305 1128 et
2370 1064 2718 1149 porticibus

467 1150 901 1226 versabantur,
973 1156 1046 1213 ut
1116 1150 1424 1214 admoniti
1496 1151 1884 1234 augustioris
1953 1151 2301 1216 habitaculi
2377 1152 2719 1216 sanctitate

464 1236 618 1299 nihil
667 1237 837 1300 aliud
899 1258 1085 1318 quam
1130 1237 1204 1300 de
1250 1237 1594 1300 virtutibus
1639 1239 2010 1318 cogitarent.
2103 1238 2503 1315 BenedictuS,
2549 1243 2718 1300 certe

462 1345 644 1386 verus
688 1322 1165 1404 PythagoricuS,
1216 1345 1397 1386 verus
1443 1322 1719 1399 StoicuS,
1767 1325 1831 1388 in
1881 1323 2275 1388 Cassinatem
2327 1347 2394 1388 se
2427 1324 2718 1399 contulit,

461 1409 573 1472 ubi
608 1410 685 1474 ad
722 1410 1015 1490 frigidum
1054 1410 1315 1473 Anienis
1342 1411 1371 1450 b
1416 1432 1666 1474 amnem
1715 1409 2198 1492 pythagoricam
2241 1410 2716 1474 contubernali-

462 1500 659 1558 tatem
707 1496 1006 1560 instituit.
1099 1495 1278 1572 Quod
1326 1498 1698 1560 coenobium
1737 1499 2044 1579 porticum
2081 1498 2318 1579 templo
2350 1497 2720 1580 applicitam

462 1581 708 1658 habuit,
757 1585 820 1646 in
856 1605 981 1664 qua
1022 1583 1505 1646 contubernales
1552 1584 1848 1648 omnibus
1880 1585 2098 1647 mundi
2134 1584 2416 1666 profani⁰
2447 1583 2720 1662 negotiis

464 1669 757 1749 curisque
818 1670 1251 1751 postpositisd
1306 1691 1507 1733 rerum
1572 1675 1833 1733 naturas
1894 1692 2241 1753 causasque
2309 1691 2382 1732 ac
2442 1671 2721 1734 rationes

466 1755 739 1818 siderum
806 1760 1012 1818 mente
1061 1757 1529 1838 perspicerent,·
1563 1757 1859 1820 carnibus
1907 1763 1968 1819 et
2017 1758 2161 1820 vino
2209 1779 2276 1819 se
2324 1757 2722 1820 continenter

463 1848 527 1904 et
561 1842 953 1923 perenniter⁰
983 1841 1396 1914 abstinerent,
1444 1843 1702 1906 Veneris
1736 1844 2092 1907 sacerdotes
2126 1865 2250 1905 non
2284 1847 2720 1915 attrectarent,

464 1929 571 1992 sed
622 1929 781 1992 cast-i
830 1929 1041 1994 divino
1090 1929 1287 1993 cultui
1348 1930 1755 2004 deservirent,
1818 1930 2105 2014 exemplo
2162 1929 2608 2012 prophetarum
2659 1936 2722 1992 et

462 2015 915 2098 Aegyptiorum
950 2016 1365 2096 sacerdotum,
1403 2018 1527 2080 imo
1561 2016 1910 2099 Magorum,
1943 2015 2310 2091 Druidum‚f
2337 2015 2718 2080 Esseiorum.

462 2101 763 2167 Servatur
836 2102 1023 2166 hodie
1091 2104 1255 2186 apud
1327 2124 1439 2166 vos
1508 2103 1996 2185 Pythagoricum
2077 2103 2444 2167 institutum
2474 2099 2516 2181 3²
2594 2124 2720 2165 non

462 2188 781 2254 adhibetis
853 2188 1209 2253 esculentas
1275 2190 1488 2272 dapeS,
1558 2189 2042 2254 sorbiciunculis
2101 2194 2166 2253 et
2224 2190 2528 2253 culinario
2583 2189 2723 2272 jure

460 2276 765 2340 contenti.
842 2275 1282 2360 Quamquam&
1323 2282 1534 2342 autem
1585 2276 1818 2340 Paulus
1863 2276 2190 2358 apostolus
2245 2277 2445 2341 dicat:
2495 2275 2725 2342 Omnia

464 2363 701 2427 munda
759 2363 1013 2427 mundis
1070 2369 1133 2425 et
1191 2363 1350 2426 nihil
1408 2362 1832 2446 rejiciendum,
1894 2363 2062 2444 quod
2118 2385 2258 2427 cum
2317 2363 2662 2444 gratiarum
2696 2375 2724 2403 ὃ

463 2450 713 2516 actione
784 2451 1146 2533 percipitur,
1214 2457 1281 2529 et,
1344 2458 1646 2514 venturos
1718 2452 1780 2513 in
1859 2451 2220 2515 novissimis
2300 2451 2542 2526 diebuS,
2615 2450 2724 2533 qui

462 2537 844 2622 prohibeant
906 2538 1143 2600 nubere
1188 2542 1252 2601 et
1298 2538 1462 2601 vesci
1523 2538 1840 2615 carnibus,
1903 2560 2063 2619 quas
2127 2538 2282 2601 deus
2344 2538 2581 2601 creavit
2644 2537 2723 2599 ad

460 2624 789 2701 utendum,
807 2622 827 2655 ³
854 2645 1014 2704 quos
1037 2628 1358 2704 tamquam
1383 2625 1980 2705 pseudoreligiososh
2011 2624 2352 2706 improbat:
2382 2646 2492 2687 vos
2511 2630 2721 2688 tamen

459 2711 551 2775 ita
598 2732 783 2775 carne
839 2710 1179 2774 abstinetis
1246 2716 1318 2773 ut
1370 2710 1651 2773 Judaeus
1705 2732 1914 2794 porco,
1978 2714 2050 2773 ut
2106 2709 2256 2773 faba
2311 2709 2723 2792 Pythagorae,

459 2802 532 2861 ut
563 2796 954 2881 Aegyptiusi
1011 2818 1145 2873 ove,
1193 2796 1656 2861 satisfacientes
1705 2796 2161 2879 Pythagoricae
2212 2797 2484 2877 regulae,
2534 2819 2722 2877 quam

460 2884 845 2948 Benedictus
908 2883 1339 2965 amplificavit,
1394 2882 1751 2947 Bernardus
1809 2884 2128 2947 meliorem
2185 2883 2477 2947 reddidit.
2572 2882 2726 2959 Quis

464 2975 679 3035 autem
746 2970 991 3034 nesciat
1051 2974 1324 3033 vestram
1394 2974 1631 3033 sectam
1704 2992 1838 3033 esse
1914 2971 2094 3052 quasi
2163 2970 2492 3053 patriciam
2562 2970 2727 3032 inter

465 3060 795 3121 monastas
865 3057 1242 3139 prosapiam,
1310 3061 1668 3138 exemptam
1741 3057 1880 3139 jure
1958 3056 2450 3139 metropolitani,
2531 3055 2726 3118 solius

468 3144 803 3226 apostolici
867 3144 1037 3207 dicto
1098 3144 1509 3207 audientem?
1610 3142 1780 3219 Quae
1827 3166 1924 3206 res
1969 3165 2160 3225 quam
2207 3144 2292 3205 sit
2335 3142 2478 3205 usui
2521 3142 2724 3214 vobiS,

470 3252 640 3293 nunc
690 3229 985 3310 cogitate.
1078 3228 1605 3312 Archiepiscopus
1638 3230 1801 3291 enim
1838 3230 2012 3293 urbis
2043 3230 2488 3312 Moguntiacae
2531 3228 2729 3305 stipes

470 3316 888 3380 subsidiarias
945 3315 1277 3398 postulat.⁴
1376 3315 1762 3399 Thuringiae
1817 3316 2018 3379 clerus
2082 3316 2227 3379 dare
2280 3319 2548 3391 recusat,
2619 3314 2725 3377 sed

466 3404 849 3468 auctoritate
914 3425 1032 3467 sua
1104 3407 1291 3484 coget
1352 3425 1469 3467 nos
1533 3407 1598 3466 et
1664 3424 1772 3484 per
1835 3425 2160 3467 censuram
2238 3401 2728 3465 ecclesiasticam

468 3490 663 3554 sacris
710 3489 897 3555 nobis
941 3490 1299 3567 interdicet,
1347 3490 1627 3572 privabit
1671 3489 2133 3563 communione,
2183 3487 2433 3551 notabit
2463 3487 2729 3551 anathe-

470 3581 657 3652 mate,
724 3577 844 3638 nisi
901 3577 978 3639 ad
1051 3578 1390 3640 sanitatem
1448 3580 1512 3638 et
1575 3575 2040 3639 oboedientiam
2113 3574 2498 3637 redierimus.
2607 3573 2730 3636 Vos

466 3666 638 3727 hanc
686 3664 1223 3745 perturbationem
1274 3664 1473 3726 securi
1516 3661 1753 3725 ridetis,
1846 3661 2090 3737 Sum-at,
2125 3666 2475 3736 consumat,
2510 3659 2731 3741 perdat

469 3750 858 3814 ordinarius:
931 3750 1249 3812 decretum
1313 3754 1409 3812 est
1464 3749 1644 3811 vobis
1708 3747 1863 3809 nibil
1929 3754 2263 3829 praestare,
2331 3768 2526 3827 quum
2587 3746 2730 3809 sitis

466 3838 780 3901 immunes
856 3843 919 3900 et
976 3859 1013 3898 a
1076 3835 1390 3900 collaticia
1458 3835 1622 3915 stipe
1693 3834 1994 3897 beneficio
2070 3834 2375 3897 Bernardi
2457 3832 2728 3895 liberati.

464 3923 647 3988 Unde
716 3923 837 3985 dici
901 3928 1110 4004 potest
1158 3924 1232 3985 de
1278 3926 1486 3985 vestra
1534 3919 1805 3983 familia:
1881 3920 2038 4001 „Pro
2089 3921 2374 4002 patribus
2421 3920 2550 3982 tuis
2595 3917 2733 3981 nati

466 4014 618 4074 sunt
662 4008 780 4073 tibi
827 4010 961 4079 filii,
1009 4010 1361 4072 constitues
1407 4029 1513 4069 eos
1549 4006 1861 4087 principes
1893 4028 2079 4086 super
2111 4028 2359 4070 omnem
2403 4003 2733 4067 tei·1·am.“⁵

470 4096 669 4161 Filius
716 4096 883 4159 enim
932 4095 1262 4159 Benedicti
1306 4094 1665 4157 Bernardus
1697 4093 2046 4156 vindicavit
2079 4115 2190 4157 vos
2239 4095 2303 4157 in
2349 4093 2726 4154 libertatem.

604 4249 631 4277 a
699 4235 747 4286 ci
784 4238 845 4285 st.
882 4233 939 4285 ti.
1012 4237 1040 4273 b
1068 4232 1269 4285 amenis
1309 4231 1454 4283 Tema
1528 4244 1552 4271 c
1583 4228 1847 4296 prophani.
1922 4232 1950 4269 d
1981 4229 2288 4295 posthabitis
2329 4228 2473 4281 Tem.
2559 4240 2582 4267 Θ
2613 4243 2727 4293 per-

472 4304 727 4356 henniter.
805 4307 826 4344 f
849 4303 1142 4369 Druydum.
1217 4315 1245 4351 s
1274 4302 1600 4367 Quanquam.
1673 4302 1704 4339 h
1734 4298 1930 4364 pseudo
1968 4297 2248 4366 religiosos,
2323 4297 2602 4364 iegyptus.

604 4375 619 4405 ¹
658 4374 789 4427 Adv.
829 4372 1000 4425 Jovin.
1038 4371 1105 4437 II,
1142 4372 1190 4424 9.
1299 4373 1319 4402 ²
1352 4370 1461 4423 Das
1495 4367 1789 4421 kirchhche
1825 4367 2030 4422 Fasten.
2137 4368 2158 4399 ⁸
2191 4369 2284 4423 Tit.
2311 4371 2356 4435 1,
2385 4369 2461 4420 15.
2520 4367 2563 4418 1.
2590 4363 2718 4417 Tim.

457 4442 510 4509 4,
551 4445 594 4494 1.
634 4443 679 4497 3.
823 4444 843 4475 ⁴
885 4440 993 4509 vgl.
1030 4440 1116 4494 ΒΓ.
1156 4441 1236 4493 79.
1378 4440 1399 4470 ³
1431 4438 1517 4491 Ps.
1561 4438 1645 4505 45,
1685 4438 1763 4489 17.
