3084 4895
707 337 920 391 Mutian
953 351 1024 388 an
1059 335 1320 404 Petrejus.
1366 333 1581 386 Mutian
1617 348 1686 386 an
1721 330 1907 387 Urban
1942 331 2052 384 und
2088 329 2348 385 Herbord.
2536 331 2653 394 171

397 511 836 576 honestissimi
877 509 1160 576 ambitus
1205 507 1400 590 ergo.'
1495 505 1599 570 Sit
1641 505 1815 570 felix.
1905 503 2212 569 Viennam
2259 504 2425 567 enim
2487 503 2652 565 Pan-

398 597 630 662 noniae
675 618 783 661 seu
833 597 888 660 si
931 596 1027 659 ita
1067 594 1272 658 mavis
1319 591 1617 656 Austriae
1660 591 1914 655 Winam
1962 613 1999 654 a
2053 591 2199 654 vino
2244 589 2653 653 meritissimo

397 687 790 766 nuncupant.
861 680 1064 746 ·Urbs
1117 683 1284 744 certe
1347 678 1563 741 vinula
1622 681 1686 741 et
1741 676 2048 740 bonarum
2126 675 2356 738 artium
2422 672 2653 737 studiis

404 769 654 832 florens.
746 767 1124 839 Deumoro,
1171 765 1465 828 sacerdos
1514 785 1639 826 non
1686 757 2199 824 Pessinunticus²
2246 760 2356 823 sed
2403 758 2651 822 christi-

398 875 580 930 anuS‚
612 855 686 915 ut
716 851 1068 916 honoribus
1097 849 1394 915 fraternis
1425 849 1740 931 propitius
1772 869 2030 909 serenus
2061 846 2314 926 aspiret.
2374 843 2657 908 Circum-

397 939 596 1002 fertur
656 959 815 1019 opus
875 936 1189 1000 novitium
1249 935 1462 1016 potius
1523 955 1712 1016 quam
1774 953 2031 1006 novum,
2093 935 2189 993 est
2244 929 2407 992 enim
2472 928 2657 1010 quasi

398 1023 710 1106 quaedam
757 1021 1124 1104 compilatio
1172 1020 1281 1083 sed
1327 1019 1667 1082 admodum
1717 1017 1993 1096 elegans,
2026 1011 2468 1090 Volater1·ani,³
2503 1015 2654 1078 doc-

397 1108 632 1172 tissimi
675 1106 815 1170 viri.
906 1105 1145 1187 Scripsi
1191 1106 1268 1168 de
1298 1104 1518 1168 eodem
1557 1103 1635 1168 ad
1668 1103 2049 1166 Rainensem
2086 1099 2425 1164 nostrum.⁴
2487 1099 2654 1162 Con-

397 1193 650 1274 jungite
698 1191 1105 1274 perquirendi
1148 1190 1565 1270 diligentiam,
1614 1191 1688 1252 ut
1730 1192 1981 1250 tantum
2030 1187 2265 1250 bonum
2299 1187 2363 1247 in
2398 1206 2657 1247 consor-

397 1279 638 1342 tionem
684 1278 888 1340 nostri
933 1275 1175 1354 ordinis
1220 1277 1452 1338 veniat.
1521 1273 1839 1336 Debemus
1870 1272 2038 1334 enim
2069 1271 2373 1334 lectiones
2406 1273 2657 1333 nostras

399 1362 586 1428 bonis
616 1362 796 1425 libris
827 1366 1137 1443 tanquam
1171 1359 1466 1423 viticulas
1499 1359 1648 1422 fixis
1678 1357 2069 1438 statutisque
2100 1356 2261 1438 palis
2293 1355 2653 1438 adjungere.

396 1448 568 1526 Vale,
615 1448 960 1512 amicorum
1008 1445 1538 1530 ingeniosissime.
1630 1443 1813 1508 MDX
1856 1442 1934 1507 ad
1985 1440 2113 1505 Cal.
2162 1441 2383 1524 MajaS.

703 1547 829 1601 eod.
865 1547 1001 1600 Fref.
1039 1547 1154 1602 367.

364 1672 370 1677 '
401 1683 632 1753 (Gotha.)
1314 1705 1318 1709 -
1460 1668 1601 1734 135.
2198 1680 2279 1733 30.
2316 1677 2425 1732 Mai
2460 1675 2655 1745 (1510).

836 1777 1127 1847 Mutian
1171 1799 1268 1847 an
1319 1777 1576 1849 Urban
1620 1775 1778 1846 und
1819 1773 2220 1844 Herbord.⁵

394 1889 606 1958 (Apollo
639 1890 762 1957 7⁶de
789 1890 874 1942 die
909 1889 1074 1956 Hic'lfe
1105 1906 1207 1942 von
1245 1890 1524 1958 Spalatins
1560 1889 1840 1943 &eunden
1873 1904 1962 1940 an.
2018 1886 2091 1939 M.
2126 1884 2240 1937 will
2271 1883 2368 1936 ilm
2404 1897 2480 1934 an
2503 1879 2657 1932 Βίεν-

395 1963 537 2012 most
572 1957 863 2028 empfehlen
894 1958 1012 2012 und
1042 1957 1159 2010 ihm
1203 1957 1960 2093 ratggl'zrelgggffzrnffltfferdm
2044 1954 2227 2008 Urban
2266 1952 2382 2004 und
2422 1947 2659 2001 Herbord

532 2139 634 2189 Ad
669 2140 946 2200 insignes
977 2141 1216 2202 pietate
1251 2140 1420 2191 viros
1455 2141 1781 2191 Urbanum
1828 2143 1892 2189 et
1924 2138 2175 2189 Herebo
2184 2135 2379 2192 ndum,
2431 2131 2661 2182 amicos

853 2225 1490 2277 commendatissimas
1527 2225 1852 2286 dignitatis
1889 2221 1998 2290 (M.
2032 2217 2279 2287 Rufus).

605 2315 669 2380 S.
763 2317 1012 2381 Nobilis
1083 2317 1401 2400 Spalatini
1461 2321 1647 2401 pusio
1704 2308 1997 2402 εὔφημος
2056 2311 2309 2399 Apollo⁶
2372 2313 2658 2375 desertus

396 2423 590 2485 opum
637 2404 970 2484 praesidiis
1013 2405 1311 2487 implorat
1373 2405 1562 2469 fidem
1610 2426 1845 2482 eorum,
1908 2425 2067 2487 quos
2111 2402 2263 2465 hero
2310 2419 2423 2463 suo
2480 2396 2659 2460 novit

395 2510 534 2551 esse
567 2509 765 2552 caros,
856 2488 1077 2554 Tradit
1109 2490 1385 2555 Seneca:
1433 2504 1654 2555 omnes
1686 2490 1941 2572 quidem
1974 2487 2254 2551 misereri
2285 2483 2656 2559 infelicium,

395 2573 508 2637 sed
555 2574 648 2637 eis
702 2577 918 2637 tamen
974 2598 1336 2639 succurrere
1389 2576 1725 2639 neminem.
1817 2574 2217 2656 Propositum
2276 2567 2487 2651 regale
2542 2569 2659 2644 est,

395 2662 471 2722 ut
513 2658 728 2741 inquit
773 2659 1208 2740 CassiodoruS‚
1256 2661 1489 2744 pressis
1534 2661 1677 2725 labe
1739 2661 2033 2725 fortunae
2079 2658 2338 2739 pietatis
2382 2652 2658 2717 remedio

395 2743 756 2807 subvenire.
847 2744 962 2809 Eia
1003 2746 1220 2827 igitur,
1283 2746 1437 2828 quid
1492 2746 1842 2810 faciemus?
1932 2746 2301 2808 Miseremur
2355 2738 2658 2821 querulae

398 2829 805 2905 calamitatiS‚
855 2853 1216 2896 succurrere
1260 2832 1582 2895 laboranti
1628 2833 1935 2915 cupimus
2029 2829 2224 2911 Atqui
2269 2848 2449 2908 reges
2493 2825 2555 2887 h.
2604 2846 2655 2887 e.

395 2915 685 2996 opulenti
746 2938 872 2979 non
921 2938 1162 2995 summ,
1223 2921 1296 2980 ut
1357 2939 1504 2980 arca
1559 2916 2006 2999 largitionibus
2060 2914 2355 2978 sufficiat.
2445 2910 2658 2975 Unum

396 3003 719 3081 praestare
765 3022 1102 3082 possumus
1147 3006 1212 3065 et
1256 3001 1578 3078 debemus,
1640 3006 1722 3078 et,
1768 3002 1938 3084 quod
1986 3000 2319 3082 pulchrum
2366 3000 2483 3069 est,
2546 3016 2660 3058 vo-

397 3085 630 3147 lumus.
723 3084 1002 3167 Apollini
1051 3088 1343 3151 dabimus
1390 3087 1727 3151 consilium
1758 3093 1895 3150 tum
1926 3086 2264 3150 honestum
2297 3086 2434 3145 tum
2468 3080 2657 3143 etiam

399 3170 577 3231 utile.
670 3168 787 3233 Est
831 3170 1031 3252 nye⁷
1078 3172 1372 3235 diabolus
1403 3174 1747 3253 agrestium
1797 3173 1835 3234 i.
1870 3194 1918 3233 e.
1957 3170 2376 3234 calumniator
2408 3170 2473 3228 et
2504 3186 2661 3228 crux

397 3258 593 3335 atque
638 3256 838 3337 pestis
883 3257 1433 3337 patrumfamiliaS,
1482 3258 1634 3319 item
1684 3258 2052 3339 puellarum.
2101 3255 2267 3330 Quid
2300 3253 2433 3313 ita?
2494 3249 2657 3325 Quia

405 3390 542 3442 1514
577 3405 645 3441 an
665 3388 873 3443 Vadian
907 3391 1017 3443 und
1051 3391 1138 3443 ein
1172 3390 1495 3443 undatieiter
1531 3390 1837 3458 (Erf.1511)
1872 3407 1939 3444 an
1958 3390 2161 3443 Vadian
2198 3390 2307 3440 und
2326 3387 2655 3441 Collimitius.

400 3460 418 3517 „¹
455 3457 560 3509 Zur
597 3456 900 3525 Erlangung
947 3460 1040 3511 der
1075 3459 1697 3527 mediz.„Dokt01-wiirde‚
1746 3458 1832 3511 die
1868 3475 1925 3511 er
1970 3461 2143 3526 spater
2187 3456 2365 3524 (1512)
2412 3456 2463 3507 in
2502 3454 2660 3507 Siena

401 3526 618 3577 erwarb.
690 3524 808 3593 Vgl.
847 3526 898 3579 S.
939 3528 1037 3579 119
1071 3530 1133 3579 A.
1172 3528 1219 3580 5.
1275 3526 1422 3579 Uber
1466 3526 1553 3579 die
1604 3527 1806 3580 damals
1850 3526 2116 3579 bliihende
2150 3525 2311 3577 Univ.
2352 3524 2513 3575 Wien
2547 3523 2651 3591 vgl.

396 3597 479 3646 As
497 3593 771 3659 chbach,
809 3594 997 3647 Gesch.
1037 3596 1085 3648 d.
1124 3594 1226 3647 Un.
1264 3595 1438 3647 Wien.
1491 3594 1751 3649 2·Bande.
1802 3594 1961 3647 Wien
2001 3594 2146 3647 1865.
2205 3593 2351 3645 1877.
2495 3592 2515 3623 ²
2550 3592 2658 3643 Der

397 3661 452 3713 in
485 3660 741 3739 Pessinus
775 3663 1056 3714 verehrten
1093 3662 1270 3715 Get-tin
1319 3662 1530 3729 Cybele.
1641 3664 1662 3694 ³
1687 3663 1925 3730 Raphael
1959 3662 2201 3729 Maffejus
2253 3678 2349 3713 aus
2395 3660 2651 3713 Volterra.

399 3728 644 3782 Gememt
679 3731 798 3782 sind
835 3730 955 3782 hier
988 3730 1132 3783 seins
1169 3731 1595 3783 Commentarior.
1630 3732 1811 3783 urban.
1843 3730 2143 3784 XXXVIII
2178 3728 2211 3781 1.
2233 3729 2381 3783 Rom.
2423 3728 2571 3781 1506.
2607 3728 2655 3781 2.

401 3799 561 3865 Ausg.
600 3797 720 3850 Par.
761 3798 910 3852 1510.
947 3798 1065 3865 Vgl.
1104 3798 1154 3851 S.
1196 3799 1294 3851 138
1332 3802 1394 3851 A.
1438 3801 1482 3850 1.
1625 3798 1715 3851 ⁴8.
1744 3799 1843 3852 139
1881 3802 1943 3851 A.
1966 3799 2014 3849 4.
2158 3800 2178 3831 ⁵
2206 3797 2369 3850 Beide
2405 3798 2460 3848 in
2496 3797 2655 3848 Geor-

400 3865 628 3933 genthalz
676 3864 794 3933 Vgl.
833 3866 885 3919 S.
927 3868 1025 3921 169
1061 3869 1122 3919 A.
1161 3867 1209 3919 2.
1351 3868 1375 3898 ⁶
1407 3866 1667 3919 Heinrich
1714 3866 2024 3933 Apollonius
2071 3882 2175 3919 von
2228 3864 2654 3929 Hohenkirchen,

401 3934 534 4010 1508
578 3933 657 4010 als
699 3934 886 3987 »Henn
924 3934 1108 4001 Apollo
1145 3935 1210 3987 de
1245 3934 1572 3987 honkirchen
1616 3935 1777 4001 gratis
1814 3936 1879 3987 ob
1915 3933 2265 3987 reverentiam
2312 3934 2379 3986 D.
2415 3932 2656 3986 Doctoris

396 4000 621 4054 Musam
646 4003 701 4053 et
723 4001 1004 4069 Spalatini«
1037 4002 1090 4054 in
1117 4003 1202 4056 die
1227 4003 1465 4055 Erfurter
1481 4002 1725 4055 Matrikel
1761 4003 2092 4070 eingetragen
2132 4001 2656 4071 (Kampschuth

399 4068 646 4148 Unoljlrf.
679 4070 721 4131 Ι,
745 4070 844 4123 118
902 4072 1011 4123 und
1045 4070 1244 4123 Herbst
1281 4072 1409 4124 1511
1451 4070 1530 4123 als
1567 4070 1747 4123 Heinr.
1787 4070 2093 4138 Apollonius
2129 4071 2193 4122 de
2227 4069 2659 4133 Hohenkirchen,

402 4136 680 4214 famihans
717 4140 810 4191 der
881 4139 1033 4191 eiden
1069 4138 1669 4207 Braunschweigischen
1710 4139 1936 4192 Prinzen
1974 4139 2095 4192 Otto
2128 4138 2237 4190 und
2272 4138 2445 4195 Ernst.
2481 4138 2536 4189 in
2572 4138 2659 4189 die

398 4205 807 4282 Wittenberger.
880 4206 1190 4259 Forstem
1204 4223 1281 4259 an
1295 4224 1344 4271 n,
1400 4224 1449 4273 p.
1488 4207 1569 4261 38.
1641 4208 1715 4260 Er
1749 4224 1856 4260 war
1899 4206 2161 4275 Spalatins
2212 4206 2451 4258 friiherer
2493 4208 2655 4257 Ama-

393 4288 634 4350 nuensrs·
657 4275 768 4327 und
803 4275 1006 4328 damals
1051 4274 1260 4328 hfflflos
1333 4275 1416 4328 Im
1451 4274 1575 4343 folg.
1612 4276 1697 4330 Br.
1746 4276 1914 4329 heisst
1958 4292 2015 4327 er
2055 4274 2289 4344 Apollus,
2339 4273 2393 4326 in
2430 4274 2515 4326 Br.
2557 4274 2655 4327 142

395 4340 719 4410 Apollomus.
863 4345 882 4375 ⁷
916 4342 1426 4398 Unvemtandlioher
1457 4342 1645 4397 Name.
