<?xml version="1.0" encoding="UTF-8"?>
<!DOCTYPE html PUBLIC "-//W3C//DTD XHTML 1.0 Transitional//EN"
    "http://www.w3.org/TR/xhtml1/DTD/xhtml1-transitional.dtd">
<html xmlns="http://www.w3.org/1999/xhtml" xml:lang="en" lang="en">
 <head>
  <title>
</title>
<meta http-equiv="Content-Type" content="text/html;charset=utf-8" />
  <meta name='ocr-system' content='tesseract 3.04.00' />
  <meta name='ocr-capabilities' content='ocr_page ocr_carea ocr_par ocr_line ocrx_word'/>
</head>
<body>
  <div class='ocr_page' id='page_1' title='image "./derbriefwechsel02kraugoog_0223.png"; bbox 0 0 3084 4895; ppageno 0'>
   <div class='ocr_carea' id='block_1_1' title="bbox 1260 337 2659 401">
    <p class='ocr_par' dir='ltr' id='par_1_1' title="bbox 1260 337 2659 401">
     <span class='ocr_line' id='line_1_1' title="bbox 1260 337 2659 401; baseline 0.008 -11"><span class='ocrx_word' id='word_1_1' title='bbox 1260 339 1470 391; x_wconf 83' lang='lat' dir='ltr'>Mutian</span> <span class='ocrx_word' id='word_1_2' title='bbox 1507 354 1579 391; x_wconf 90' lang='lat' dir='ltr'>an</span> <span class='ocrx_word' id='word_1_3' title='bbox 1617 337 1816 392; x_wconf 87' lang='lat' dir='ltr'>Urban.</span> <span class='ocrx_word' id='word_1_4' title='bbox 2538 337 2659 401; x_wconf 82' lang='grc'>137</span> 
     </span>
    </p>
   </div>
   <div class='ocr_carea' id='block_1_2' title="bbox 393 508 2663 2472">
    <p class='ocr_par' dir='ltr' id='par_1_2' title="bbox 393 508 2663 2472">
     <span class='ocr_line' id='line_1_2' title="bbox 400 508 2660 592; baseline -0.002 -18"><span class='ocrx_word' id='word_1_5' title='bbox 400 513 466 574; x_wconf 87' lang='lat' dir='ltr'>in</span> <span class='ocrx_word' id='word_1_6' title='bbox 503 533 788 592; x_wconf 82' lang='lat' dir='ltr'>graecam</span> <span class='ocrx_word' id='word_1_7' title='bbox 840 510 1124 591; x_wconf 89' lang='lat' dir='ltr'>linguam</span> <span class='ocrx_word' id='word_1_8' title='bbox 1171 509 1770 574; x_wconf 80' lang='lat' dir='ltr'>introductiones.“¹</span> <span class='ocrx_word' id='word_1_9' title='bbox 1850 508 2109 574; x_wconf 89' lang='lat' dir='ltr'>Utinam</span> <span class='ocrx_word' id='word_1_10' title='bbox 2142 508 2540 584; x_wconf 79' lang='lat' dir='ltr'>haberemuS,</span> <span class='ocrx_word' id='word_1_11' title='bbox 2576 508 2660 570; x_wconf 91' lang='lat' dir='ltr'>mi</span> 
     </span>
     <span class='ocr_line' id='line_1_3' title="bbox 400 595 2657 678; baseline -0.002 -17"><span class='ocrx_word' id='word_1_12' title='bbox 400 597 687 662; x_wconf 80' lang='lat' dir='ltr'><strong>Urbane!</strong></span> <span class='ocrx_word' id='word_1_13' title='bbox 784 595 1104 678; x_wconf 84' lang='lat' dir='ltr'>Respondi</span> <span class='ocrx_word' id='word_1_14' title='bbox 1152 617 1341 676; x_wconf 89' lang='lat' dir='ltr'>quam</span> <span class='ocrx_word' id='word_1_15' title='bbox 1379 596 1746 659; x_wconf 85' lang='lat' dir='ltr'>brevissime</span> <span class='ocrx_word' id='word_1_16' title='bbox 1794 597 1972 676; x_wconf 90' lang='lat' dir='ltr'>potui</span> <span class='ocrx_word' id='word_1_17' title='bbox 2004 597 2080 658; x_wconf 89' lang='lat' dir='ltr'>ad</span> <span class='ocrx_word' id='word_1_18' title='bbox 2115 595 2448 675; x_wconf 87' lang='lat' dir='ltr'>epistolam</span> <span class='ocrx_word' id='word_1_19' title='bbox 2480 597 2657 656; x_wconf 89' lang='lat' dir='ltr'>tuam</span> 
     </span>
     <span class='ocr_line' id='line_1_4' title="bbox 401 679 2659 765; baseline -0.002 -19"><span class='ocrx_word' id='word_1_20' title='bbox 401 682 637 765; x_wconf 89' lang='lat' dir='ltr'>oppido</span> <span class='ocrx_word' id='word_1_21' title='bbox 682 682 1020 744; x_wconf 87' lang='lat' dir='ltr'>literatam.</span> <span class='ocrx_word' id='word_1_22' title='bbox 1094 680 1277 744; x_wconf 87' lang='lat' dir='ltr'>Nunc</span> <span class='ocrx_word' id='word_1_23' title='bbox 1322 703 1432 744; x_wconf 91' lang='lat' dir='ltr'>cur</span> <span class='ocrx_word' id='word_1_24' title='bbox 1479 702 1603 743; x_wconf 87' lang='lat' dir='ltr'>non</span> <span class='ocrx_word' id='word_1_25' title='bbox 1634 681 1807 762; x_wconf 84' lang='lat' dir='ltr'>jocer</span> <span class='ocrx_word' id='word_1_26' title='bbox 1838 686 2045 744; x_wconf 86' lang='lat' dir='ltr'>tecum</span> <span class='ocrx_word' id='word_1_27' title='bbox 2079 702 2192 763; x_wconf 89' lang='lat' dir='ltr'>pro</span> <span class='ocrx_word' id='word_1_28' title='bbox 2227 679 2659 742; x_wconf 80' lang='lat' dir='ltr'>familiaiitate</span> 
     </span>
     <span class='ocr_line' id='line_1_5' title="bbox 398 765 2663 861; baseline -0.001 -31"><span class='ocrx_word' id='word_1_29' title='bbox 398 768 664 830; x_wconf 77' lang='lat' dir='ltr'>nostra?</span> <span class='ocrx_word' id='word_1_30' title='bbox 757 766 1000 840; x_wconf 83' lang='lat' dir='ltr'>Vereor,</span> <span class='ocrx_word' id='word_1_31' title='bbox 1052 788 1130 828; x_wconf 90' lang='lat' dir='ltr'>ne</span> <span class='ocrx_word' id='word_1_32' title='bbox 1173 767 1414 829; x_wconf 81' lang='lat' dir='ltr'>austeri</span> <span class='ocrx_word' id='word_1_33' title='bbox 1459 767 1744 847; x_wconf 84' lang='lat' dir='ltr'>theologi</span> <span class='ocrx_word' id='word_1_34' title='bbox 1792 765 2152 829; x_wconf 85' lang='lat' dir='ltr'>Cretensem</span> <span class='ocrx_word' id='word_1_35' title='bbox 2184 766 2502 861; x_wconf 82' lang='lat' dir='ltr'>hospitem</span> <span class='ocrx_word' id='word_1_36' title='bbox 2553 786 2663 827; x_wconf 82' lang='lat' dir='ltr'>ex-</span> 
     </span>
     <span class='ocr_line' id='line_1_6' title="bbox 397 839 2657 935; baseline -0.001 -20"><span class='ocrx_word' id='word_1_37' title='bbox 397 853 666 935; x_wconf 82' lang='lat' dir='ltr'>plodaut</span> <span class='ocrx_word' id='word_1_38' title='bbox 709 857 968 933; x_wconf 88' lang='lat' dir='ltr'>propter</span> <span class='ocrx_word' id='word_1_39' title='bbox 1013 855 1196 914; x_wconf 89' lang='lat' dir='ltr'>vetus</span> <span class='ocrx_word' id='word_1_40' title='bbox 1241 852 1575 932; x_wconf 87' lang='lat' dir='ltr'>adagium:</span> <span class='ocrx_word' id='word_1_41' title='bbox 1632 848 1785 934; x_wconf 79' lang='grc' dir='ltr'><strong><em>τρία</em></strong></span> <span class='ocrx_word' id='word_1_42' title='bbox 1828 839 2061 913; x_wconf 84' lang='grc' dir='ltr'><em>κάππα</em></span> <span class='ocrx_word' id='word_1_43' title='bbox 2119 839 2445 928; x_wconf 44' lang='grc' dir='ltr'>κάκισταῆ</span> <span class='ocrx_word' id='word_1_44' title='bbox 2504 850 2657 912; x_wconf 91' lang='lat' dir='ltr'>item</span> 
     </span>
     <span class='ocr_line' id='line_1_7' title="bbox 397 935 2659 1020; baseline -0.001 -19"><span class='ocrx_word' id='word_1_45' title='bbox 397 942 655 1020; x_wconf 88' lang='lat' dir='ltr'>propter</span> <span class='ocrx_word' id='word_1_46' title='bbox 689 959 933 1000; x_wconf 83' lang='lat' dir='ltr'>versum</span> <span class='ocrx_word' id='word_1_47' title='bbox 967 937 1177 1018; x_wconf 85' lang='lat' dir='ltr'>graeci</span> <span class='ocrx_word' id='word_1_48' title='bbox 1211 942 1434 1017; x_wconf 86' lang='lat' dir='ltr'>poetae</span> <span class='ocrx_word' id='word_1_49' title='bbox 1467 935 1877 1018; x_wconf 85' lang='lat' dir='ltr'>Epimenidis,</span> <span class='ocrx_word' id='word_1_50' title='bbox 1901 959 2089 1018; x_wconf 89' lang='lat' dir='ltr'>quem</span> <span class='ocrx_word' id='word_1_51' title='bbox 2126 937 2283 999; x_wconf 84' lang='lat' dir='ltr'>citat</span> <span class='ocrx_word' id='word_1_52' title='bbox 2321 936 2659 1018; x_wconf 79' lang='lat' dir='ltr'>Apostolus</span> 
     </span>
     <span class='ocr_line' id='line_1_8' title="bbox 397 1020 2657 1104; baseline -0.001 -19"><span class='ocrx_word' id='word_1_53' title='bbox 397 1024 682 1086; x_wconf 84' lang='lat' dir='ltr'>scribens</span> <span class='ocrx_word' id='word_1_54' title='bbox 714 1022 794 1085; x_wconf 90' lang='lat' dir='ltr'>ad</span> <span class='ocrx_word' id='word_1_55' title='bbox 827 1021 1070 1086; x_wconf 84' lang='lat' dir='ltr'>Titum:</span> <span class='ocrx_word' id='word_1_56' title='bbox 1121 1020 1454 1085; x_wconf 85' lang='lat' dir='ltr'>Cretenses</span> <span class='ocrx_word' id='word_1_57' title='bbox 1485 1023 1838 1086; x_wconf 80' lang='lat' dir='ltr'>mendaces</span> <span class='ocrx_word' id='word_1_58' title='bbox 1849 1020 1871 1054; x_wconf 81' lang='lat'>⁸</span> <span class='ocrx_word' id='word_1_59' title='bbox 1942 1022 2121 1086; x_wconf 88' lang='lat' dir='ltr'>Unde</span> <span class='ocrx_word' id='word_1_60' title='bbox 2151 1022 2225 1084; x_wconf 91' lang='lat' dir='ltr'>fit</span> <span class='ocrx_word' id='word_1_61' title='bbox 2256 1021 2657 1104; x_wconf 89' lang='lat' dir='ltr'>proverbium</span> 
     </span>
     <span class='ocr_line' id='line_1_9' title="bbox 395 1103 2659 1204; baseline -0.001 -35"><span class='ocrx_word' id='word_1_62' title='bbox 395 1103 718 1192; x_wconf 80' lang='grc' dir='ltr'>κρητίζειν</span> <span class='ocrx_word' id='word_1_63' title='bbox 763 1111 826 1170; x_wconf 88' lang='lat' dir='ltr'>et</span> <span class='ocrx_word' id='word_1_64' title='bbox 872 1107 1022 1170; x_wconf 89' lang='lat' dir='ltr'>Cres</span> <span class='ocrx_word' id='word_1_65' title='bbox 1085 1108 1286 1170; x_wconf 86' lang='lat' dir='ltr'>nescit</span> <span class='ocrx_word' id='word_1_66' title='bbox 1340 1107 1624 1204; x_wconf 81' lang='lat' dir='ltr'>pelagus.</span> <span class='ocrx_word' id='word_1_67' title='bbox 1716 1107 2001 1170; x_wconf 86' lang='lat' dir='ltr'>Fuerunt</span> <span class='ocrx_word' id='word_1_68' title='bbox 2054 1112 2264 1170; x_wconf 76' lang='lat' dir='ltr'>autem</span> <span class='ocrx_word' id='word_1_69' title='bbox 2324 1105 2659 1168; x_wconf 85' lang='lat' dir='ltr'>Cretenses</span> 
     </span>
     <span class='ocr_line' id='line_1_10' title="bbox 400 1191 2659 1275; baseline -0.002 -19"><span class='ocrx_word' id='word_1_70' title='bbox 400 1193 802 1275; x_wconf 87' lang='lat' dir='ltr'>impostores,</span> <span class='ocrx_word' id='word_1_71' title='bbox 848 1193 956 1256; x_wconf 90' lang='lat' dir='ltr'>sed</span> <span class='ocrx_word' id='word_1_72' title='bbox 1004 1193 1193 1254; x_wconf 89' lang='lat' dir='ltr'>remis</span> <span class='ocrx_word' id='word_1_73' title='bbox 1239 1196 1305 1254; x_wconf 90' lang='lat' dir='ltr'>et</span> <span class='ocrx_word' id='word_1_74' title='bbox 1348 1193 1606 1274; x_wconf 84' lang='lat' dir='ltr'>sagittis</span> <span class='ocrx_word' id='word_1_75' title='bbox 1652 1192 1961 1273; x_wconf 85' lang='lat' dir='ltr'>imprimis</span> <span class='ocrx_word' id='word_1_76' title='bbox 2006 1197 2319 1274; x_wconf 76' lang='lat' dir='ltr'>potentes</span> <span class='ocrx_word' id='word_1_77' title='bbox 2397 1191 2659 1253; x_wconf 85' lang='lat' dir='ltr'>Infinita</span> 
     </span>
     <span class='ocr_line' id='line_1_11' title="bbox 399 1276 2652 1359; baseline -0.001 -20"><span class='ocrx_word' id='word_1_78' title='bbox 399 1277 498 1340; x_wconf 88' lang='lat' dir='ltr'>vel</span> <span class='ocrx_word' id='word_1_79' title='bbox 544 1282 910 1358; x_wconf 85' lang='lat' dir='ltr'>extempore</span> <span class='ocrx_word' id='word_1_80' title='bbox 973 1277 1242 1340; x_wconf 84' lang='lat' dir='ltr'>dicerem</span> <span class='ocrx_word' id='word_1_81' title='bbox 1289 1278 1364 1340; x_wconf 89' lang='lat' dir='ltr'>de</span> <span class='ocrx_word' id='word_1_82' title='bbox 1413 1276 1532 1340; x_wconf 88' lang='lat' dir='ltr'>hac</span> <span class='ocrx_word' id='word_1_83' title='bbox 1576 1279 1855 1354; x_wconf 88' lang='lat' dir='ltr'>natione,</span> <span class='ocrx_word' id='word_1_84' title='bbox 1903 1299 2091 1359; x_wconf 85' lang='lat' dir='ltr'>quam</span> <span class='ocrx_word' id='word_1_85' title='bbox 2128 1278 2438 1342; x_wconf 84' lang='lat' dir='ltr'>Homerus</span> <span class='ocrx_word' id='word_1_86' title='bbox 2469 1277 2652 1338; x_wconf 89' lang='lat' dir='ltr'>heca-</span> 
     </span>
     <span class='ocr_line' id='line_1_12' title="bbox 398 1362 2657 1446; baseline -0.001 -20"><span class='ocrx_word' id='word_1_87' title='bbox 398 1362 734 1444; x_wconf 85' lang='lat' dir='ltr'>tompolim</span> <span class='ocrx_word' id='word_1_88' title='bbox 781 1383 820 1425; x_wconf 89' lang='lat' dir='ltr'>a</span> <span class='ocrx_word' id='word_1_89' title='bbox 867 1383 1128 1426; x_wconf 88' lang='lat' dir='ltr'>numero</span> <span class='ocrx_word' id='word_1_90' title='bbox 1176 1369 1428 1426; x_wconf 87' lang='lat' dir='ltr'>centum</span> <span class='ocrx_word' id='word_1_91' title='bbox 1480 1363 1811 1427; x_wconf 80' lang='lat' dir='ltr'>civitatum</span> <span class='ocrx_word' id='word_1_92' title='bbox 1860 1363 2161 1446; x_wconf 87' lang='lat' dir='ltr'>appellat.</span> <span class='ocrx_word' id='word_1_93' title='bbox 2253 1363 2404 1425; x_wconf 87' lang='lat' dir='ltr'>Eam</span> <span class='ocrx_word' id='word_1_94' title='bbox 2454 1362 2657 1424; x_wconf 90' lang='lat' dir='ltr'>histo-</span> 
     </span>
     <span class='ocr_line' id='line_1_13' title="bbox 395 1446 2661 1529; baseline -0.001 -18"><span class='ocrx_word' id='word_1_95' title='bbox 395 1449 510 1511; x_wconf 85' lang='lat' dir='ltr'>rici</span> <span class='ocrx_word' id='word_1_96' title='bbox 556 1471 594 1511; x_wconf 91' lang='lat' dir='ltr'>a</span> <span class='ocrx_word' id='word_1_97' title='bbox 638 1449 946 1529; x_wconf 87' lang='lat' dir='ltr'>temperie</span> <span class='ocrx_word' id='word_1_98' title='bbox 991 1446 1148 1511; x_wconf 89' lang='lat' dir='ltr'>coeli</span> <span class='ocrx_word' id='word_1_99' title='bbox 1198 1449 1449 1511; x_wconf 84' lang='lat' dir='ltr'>beatam</span> <span class='ocrx_word' id='word_1_100' title='bbox 1495 1448 1770 1511; x_wconf 87' lang='lat' dir='ltr'>insulam</span> <span class='ocrx_word' id='word_1_101' title='bbox 1820 1449 2054 1512; x_wconf 84' lang='lat' dir='ltr'>dixere.</span> <span class='ocrx_word' id='word_1_102' title='bbox 2132 1449 2201 1511; x_wconf 87' lang='lat' dir='ltr'>In</span> <span class='ocrx_word' id='word_1_103' title='bbox 2251 1470 2323 1510; x_wconf 88' lang='lat' dir='ltr'>ea</span> <span class='ocrx_word' id='word_1_104' title='bbox 2369 1447 2661 1528; x_wconf 86' lang='lat' dir='ltr'>regnavit</span> 
     </span>
     <span class='ocr_line' id='line_1_14' title="bbox 395 1532 2659 1614; baseline -0.002 -17"><span class='ocrx_word' id='word_1_105' title='bbox 395 1534 665 1614; x_wconf 87' lang='lat' dir='ltr'>Jupiter,</span> <span class='ocrx_word' id='word_1_106' title='bbox 715 1532 978 1597; x_wconf 81' lang='lat' dir='ltr'>Saturni</span> <span class='ocrx_word' id='word_1_107' title='bbox 1023 1533 1209 1597; x_wconf 76' lang='lat' dir='ltr'>filius</span> <span class='ocrx_word' id='word_1_108' title='bbox 1303 1534 1504 1597; x_wconf 89' lang='lat' dir='ltr'>Hodie</span> <span class='ocrx_word' id='word_1_109' title='bbox 1550 1535 1741 1613; x_wconf 84' lang='lat' dir='ltr'>vulgo</span> <span class='ocrx_word' id='word_1_110' title='bbox 1777 1533 2019 1597; x_wconf 88' lang='lat' dir='ltr'>Candia</span> <span class='ocrx_word' id='word_1_111' title='bbox 2067 1535 2433 1596; x_wconf 87' lang='lat' dir='ltr'>nominatur</span> <span class='ocrx_word' id='word_1_112' title='bbox 2464 1538 2528 1596; x_wconf 87' lang='lat' dir='ltr'>et</span> <span class='ocrx_word' id='word_1_113' title='bbox 2560 1537 2659 1594; x_wconf 83' lang='lat' dir='ltr'>est</span> 
     </span>
     <span class='ocr_line' id='line_1_15' title="bbox 396 1619 2657 1702; baseline -0 -21"><span class='ocrx_word' id='word_1_114' title='bbox 396 1620 478 1682; x_wconf 89' lang='lat' dir='ltr'>ab</span> <span class='ocrx_word' id='word_1_115' title='bbox 525 1641 670 1701; x_wconf 83' lang='lat' dir='ltr'>rege</span> <span class='ocrx_word' id='word_1_116' title='bbox 723 1621 1114 1700; x_wconf 80' lang='lat' dir='ltr'>Arragonum</span> <span class='ocrx_word' id='word_1_117' title='bbox 1145 1629 1174 1658; x_wconf 73' lang='lat'>⁸</span> <span class='ocrx_word' id='word_1_118' title='bbox 1217 1619 1515 1702; x_wconf 85' lang='lat' dir='ltr'>adempta</span> <span class='ocrx_word' id='word_1_119' title='bbox 1576 1620 1849 1682; x_wconf 79' lang='lat' dir='ltr'>Venetis,</span> <span class='ocrx_word' id='word_1_120' title='bbox 1942 1619 2078 1682; x_wconf 87' lang='lat' dir='ltr'>Tua</span> <span class='ocrx_word' id='word_1_121' title='bbox 2125 1620 2327 1701; x_wconf 87' lang='lat' dir='ltr'>pietas</span> <span class='ocrx_word' id='word_1_122' title='bbox 2384 1640 2510 1681; x_wconf 90' lang='lat' dir='ltr'>non</span> <span class='ocrx_word' id='word_1_123' title='bbox 2558 1620 2657 1681; x_wconf 89' lang='lat' dir='ltr'>in-</span> 
     </span>
     <span class='ocr_line' id='line_1_16' title="bbox 399 1704 2658 1786; baseline -0 -19"><span class='ocrx_word' id='word_1_124' title='bbox 399 1705 599 1768; x_wconf 88' lang='lat' dir='ltr'>famet</span> <span class='ocrx_word' id='word_1_125' title='bbox 644 1705 962 1767; x_wconf 85' lang='lat' dir='ltr'>doctorem</span> <span class='ocrx_word' id='word_1_126' title='bbox 1013 1727 1091 1767; x_wconf 85' lang='lat' dir='ltr'>ex</span> <span class='ocrx_word' id='word_1_127' title='bbox 1124 1705 1348 1785; x_wconf 89' lang='lat' dir='ltr'>patria.</span> <span class='ocrx_word' id='word_1_128' title='bbox 1425 1704 1587 1768; x_wconf 88' lang='lat' dir='ltr'>Nam</span> <span class='ocrx_word' id='word_1_129' title='bbox 1637 1706 2017 1768; x_wconf 87' lang='lat' dir='ltr'>deteriorum</span> <span class='ocrx_word' id='word_1_130' title='bbox 2062 1727 2289 1786; x_wconf 85' lang='lat' dir='ltr'>magna</span> <span class='ocrx_word' id='word_1_131' title='bbox 2338 1705 2514 1767; x_wconf 89' lang='lat' dir='ltr'>natio</span> <span class='ocrx_word' id='word_1_132' title='bbox 2562 1707 2658 1766; x_wconf 89' lang='lat' dir='ltr'>est</span> 
     </span>
     <span class='ocr_line' id='line_1_17' title="bbox 396 1789 2654 1872; baseline -0.001 -19"><span class='ocrx_word' id='word_1_133' title='bbox 396 1796 462 1853; x_wconf 83' lang='lat' dir='ltr'>et</span> <span class='ocrx_word' id='word_1_134' title='bbox 494 1791 618 1853; x_wconf 83' lang='lat' dir='ltr'>tria</span> <span class='ocrx_word' id='word_1_135' title='bbox 664 1790 718 1852; x_wconf 88' lang='lat' dir='ltr'>K</span> <span class='ocrx_word' id='word_1_136' title='bbox 747 1790 798 1852; x_wconf 87' lang='lat' dir='ltr'>K</span> <span class='ocrx_word' id='word_1_137' title='bbox 827 1790 883 1852; x_wconf 92' lang='lat' dir='ltr'><strong>K</strong></span> <span class='ocrx_word' id='word_1_138' title='bbox 929 1790 1009 1853; x_wconf 89' lang='lat' dir='ltr'>ad</span> <span class='ocrx_word' id='word_1_139' title='bbox 1043 1795 1171 1853; x_wconf 87' lang='lat' dir='ltr'>tres</span> <span class='ocrx_word' id='word_1_140' title='bbox 1205 1789 1533 1854; x_wconf 88' lang='lat' dir='ltr'>Cornelios</span> <span class='ocrx_word' id='word_1_141' title='bbox 1584 1791 1903 1853; x_wconf 87' lang='lat' dir='ltr'>Romanos</span> <span class='ocrx_word' id='word_1_142' title='bbox 1952 1791 2263 1872; x_wconf 87' lang='lat' dir='ltr'>pertinere</span> <span class='ocrx_word' id='word_1_143' title='bbox 2311 1789 2654 1865; x_wconf 78' lang='lat' dir='ltr'>videntur⁴,</span> 
     </span>
     <span class='ocr_line' id='line_1_18' title="bbox 396 1875 2657 1959; baseline -0.001 -20"><span class='ocrx_word' id='word_1_144' title='bbox 396 1883 462 1939; x_wconf 88' lang='lat' dir='ltr'>et</span> <span class='ocrx_word' id='word_1_145' title='bbox 522 1876 761 1956; x_wconf 89' lang='lat' dir='ltr'>ubique</span> <span class='ocrx_word' id='word_1_146' title='bbox 828 1876 995 1938; x_wconf 89' lang='lat' dir='ltr'>inter</span> <span class='ocrx_word' id='word_1_147' title='bbox 1060 1876 1294 1957; x_wconf 91' lang='lat' dir='ltr'>probos</span> <span class='ocrx_word' id='word_1_148' title='bbox 1361 1877 1719 1956; x_wconf 86' lang='lat' dir='ltr'>gignuntur</span> <span class='ocrx_word' id='word_1_149' title='bbox 1800 1877 2181 1959; x_wconf 87' lang='lat' dir='ltr'>impostores</span> <span class='ocrx_word' id='word_1_150' title='bbox 2249 1875 2657 1950; x_wconf 80' lang='lat' dir='ltr'>fraudulenti,</span> 
     </span>
     <span class='ocr_line' id='line_1_19' title="bbox 395 1961 2660 2045; baseline -0 -21"><span class='ocrx_word' id='word_1_151' title='bbox 395 1961 978 2042; x_wconf 86' lang='lat' dir='ltr'>circumscriptores</span> <span class='ocrx_word' id='word_1_152' title='bbox 1025 1961 1346 2032; x_wconf 82' lang='lat' dir='ltr'>malitiosi,</span> <span class='ocrx_word' id='word_1_153' title='bbox 1405 1962 1763 2044; x_wconf 89' lang='lat' dir='ltr'>proditores</span> <span class='ocrx_word' id='word_1_154' title='bbox 1824 1984 2117 2045; x_wconf 88' lang='lat' dir='ltr'>nequam,</span> <span class='ocrx_word' id='word_1_155' title='bbox 2163 1966 2551 2024; x_wconf 81' lang='lat' dir='ltr'>veteratores</span> <span class='ocrx_word' id='word_1_156' title='bbox 2596 1965 2660 2023; x_wconf 90' lang='lat' dir='ltr'>et</span> 
     </span>
     <span class='ocr_line' id='line_1_20' title="bbox 393 2046 2657 2128; baseline -0.001 -18"><span class='ocrx_word' id='word_1_157' title='bbox 393 2048 676 2110; x_wconf 89' lang='lat' dir='ltr'>omnium</span> <span class='ocrx_word' id='word_1_158' title='bbox 739 2047 1041 2128; x_wconf 87' lang='lat' dir='ltr'>bipedum</span> <span class='ocrx_word' id='word_1_159' title='bbox 1107 2047 1563 2110; x_wconf 80' lang='lat' dir='ltr'>scelestissimi.</span> <span class='ocrx_word' id='word_1_160' title='bbox 1653 2047 1724 2108; x_wconf 89' lang='lat' dir='ltr'>In</span> <span class='ocrx_word' id='word_1_161' title='bbox 1783 2069 1857 2111; x_wconf 91' lang='lat' dir='ltr'>eo</span> <span class='ocrx_word' id='word_1_162' title='bbox 1917 2048 2209 2110; x_wconf 89' lang='lat' dir='ltr'>nimirum</span> <span class='ocrx_word' id='word_1_163' title='bbox 2277 2046 2657 2122; x_wconf 79' lang='lat' dir='ltr'>laudanduS,</span> 
     </span>
     <span class='ocr_line' id='line_1_21' title="bbox 395 2131 2660 2215; baseline -0.001 -19"><span class='ocrx_word' id='word_1_164' title='bbox 395 2133 564 2213; x_wconf 91' lang='lat' dir='ltr'>quod</span> <span class='ocrx_word' id='word_1_165' title='bbox 628 2132 854 2195; x_wconf 88' lang='lat' dir='ltr'>maluit</span> <span class='ocrx_word' id='word_1_166' title='bbox 904 2131 1084 2194; x_wconf 86' lang='lat' dir='ltr'>Jovis</span> <span class='ocrx_word' id='word_1_167' title='bbox 1129 2133 1227 2195; x_wconf 90' lang='lat' dir='ltr'>sui</span> <span class='ocrx_word' id='word_1_168' title='bbox 1274 2132 1592 2214; x_wconf 88' lang='lat' dir='ltr'>Europam</span> <span class='ocrx_word' id='word_1_169' title='bbox 1654 2153 1842 2214; x_wconf 90' lang='lat' dir='ltr'>quam</span> <span class='ocrx_word' id='word_1_170' title='bbox 1906 2133 2333 2215; x_wconf 75' lang='lat' dir='ltr'>Ganymedem</span> <span class='ocrx_word' id='word_1_171' title='bbox 2391 2133 2549 2194; x_wconf 88' lang='lat' dir='ltr'>inire</span> <span class='ocrx_word' id='word_1_172' title='bbox 2596 2136 2660 2194; x_wconf 90' lang='lat' dir='ltr'>et</span> 
     </span>
     <span class='ocr_line' id='line_1_22' title="bbox 401 2218 2653 2313; baseline -0.001 -33"><span class='ocrx_word' id='word_1_173' title='bbox 401 2240 552 2281; x_wconf 88' lang='lat' dir='ltr'>arva</span> <span class='ocrx_word' id='word_1_174' title='bbox 599 2218 937 2281; x_wconf 88' lang='lat' dir='ltr'>muliebria</span> <span class='ocrx_word' id='word_1_175' title='bbox 983 2239 1310 2280; x_wconf 88' lang='lat' dir='ltr'>conserere</span> <span class='ocrx_word' id='word_1_176' title='bbox 1355 2239 1549 2313; x_wconf 91' lang='lat' dir='ltr'>quam</span> <span class='ocrx_word' id='word_1_177' title='bbox 1598 2219 1869 2298; x_wconf 89' lang='lat' dir='ltr'>turpiter</span> <span class='ocrx_word' id='word_1_178' title='bbox 1912 2220 2260 2300; x_wconf 81' lang='lat' dir='ltr'>paedieare,</span> <span class='ocrx_word' id='word_1_179' title='bbox 2326 2218 2443 2280; x_wconf 90' lang='lat' dir='ltr'>etsi</span> <span class='ocrx_word' id='word_1_180' title='bbox 2497 2219 2653 2298; x_wconf 47' lang='lat' dir='ltr'>„my</span> 
     </span>
     <span class='ocr_line' id='line_1_23' title="bbox 393 2291 2656 2386; baseline -0.001 -21"><span class='ocrx_word' id='word_1_181' title='bbox 393 2291 638 2386; x_wconf 81' lang='grc' dir='ltr'><strong><em>σαυρὸς</em></strong></span> <span class='ocrx_word' id='word_1_182' title='bbox 682 2295 822 2365; x_wconf 79' lang='grc' dir='ltr'>ἐστι</span> <span class='ocrx_word' id='word_1_183' title='bbox 864 2300 992 2365; x_wconf 82' lang='grc' dir='ltr'>τῶν</span> <span class='ocrx_word' id='word_1_184' title='bbox 1020 2301 1228 2364; x_wconf 84' lang='grc' dir='ltr'><em>κακῶν</em></span> <span class='ocrx_word' id='word_1_185' title='bbox 1267 2326 1425 2386; x_wconf 73' lang='lat' dir='ltr'>nant]</span> <span class='ocrx_word' id='word_1_186' title='bbox 1471 2291 1641 2386; x_wconf 75' lang='grc' dir='ltr'>γυνή.</span> <span class='ocrx_word' id='word_1_187' title='bbox 1656 2302 1717 2335; x_wconf 82' lang='lat'>“⁵</span> <span class='ocrx_word' id='word_1_188' title='bbox 1766 2304 1991 2367; x_wconf 90' lang='lat' dir='ltr'>Verum</span> <span class='ocrx_word' id='word_1_189' title='bbox 2026 2325 2142 2385; x_wconf 88' lang='lat' dir='ltr'>ego</span> <span class='ocrx_word' id='word_1_190' title='bbox 2175 2307 2451 2366; x_wconf 86' lang='lat' dir='ltr'>vestram</span> <span class='ocrx_word' id='word_1_191' title='bbox 2483 2302 2656 2365; x_wconf 89' lang='lat' dir='ltr'>illam</span> 
     </span>
     <span class='ocr_line' id='line_1_24' title="bbox 395 2388 2661 2472; baseline -0.001 -20"><span class='ocrx_word' id='word_1_192' title='bbox 395 2389 706 2472; x_wconf 82' lang='lat' dir='ltr'>Europam</span> <span class='ocrx_word' id='word_1_193' title='bbox 746 2411 869 2453; x_wconf 89' lang='lat' dir='ltr'>non</span> <span class='ocrx_word' id='word_1_194' title='bbox 899 2389 1204 2453; x_wconf 86' lang='lat' dir='ltr'>malorum</span> <span class='ocrx_word' id='word_1_195' title='bbox 1233 2391 1341 2453; x_wconf 88' lang='lat' dir='ltr'>sed</span> <span class='ocrx_word' id='word_1_196' title='bbox 1369 2411 1653 2454; x_wconf 87' lang='lat' dir='ltr'>amorum</span> <span class='ocrx_word' id='word_1_197' title='bbox 1680 2389 2048 2453; x_wconf 85' lang='lat' dir='ltr'>thesaurum</span> <span class='ocrx_word' id='word_1_198' title='bbox 2078 2411 2213 2454; x_wconf 90' lang='lat' dir='ltr'>esse</span> <span class='ocrx_word' id='word_1_199' title='bbox 2240 2388 2443 2453; x_wconf 87' lang='lat' dir='ltr'>credo</span> <span class='ocrx_word' id='word_1_200' title='bbox 2492 2388 2661 2451; x_wconf 87' lang='lat' dir='ltr'>Vale.</span> 
     </span>
    </p>
   </div>
   <div class='ocr_carea' id='block_1_3' title="bbox 599 2488 1080 2543">
    <p class='ocr_par' dir='ltr' id='par_1_3' title="bbox 599 2488 1080 2543">
     <span class='ocr_line' id='line_1_25' title="bbox 599 2488 1080 2543; baseline 0.002 -1"><span class='ocrx_word' id='word_1_201' title='bbox 599 2489 723 2543; x_wconf 85' lang='lat' dir='ltr'>Cod.</span> <span class='ocrx_word' id='word_1_202' title='bbox 763 2488 896 2543; x_wconf 79' lang='lat' dir='ltr'>Frcf.</span> <span class='ocrx_word' id='word_1_203' title='bbox 933 2489 1016 2543; x_wconf 89' lang='lat'>98.</span> <span class='ocrx_word' id='word_1_204' title='bbox 1074 2504 1080 2510; x_wconf 88' lang='lat'>·</span> 
     </span>
    </p>
   </div>
   <div class='ocr_carea' id='block_1_4' title="bbox 395 2609 2723 2694">
    <p class='ocr_par' dir='ltr' id='par_1_4' title="bbox 395 2609 2723 2694">
     <span class='ocr_line' id='line_1_26' title="bbox 395 2609 2723 2694; baseline -0.009 0"><span class='ocrx_word' id='word_1_205' title='bbox 395 2624 628 2693; x_wconf 76' lang='lat' dir='ltr'>(Gotha-)</span> <span class='ocrx_word' id='word_1_206' title='bbox 1460 2609 1602 2673; x_wconf 81' lang='lat'>112.</span> <span class='ocrx_word' id='word_1_207' title='bbox 2232 2626 2442 2694; x_wconf 75' lang='lat' dir='ltr'>(estem</span> <span class='ocrx_word' id='word_1_208' title='bbox 2482 2624 2654 2691; x_wconf 84' lang='lat'>1509.)</span> <span class='ocrx_word' id='word_1_209' title='bbox 2713 2684 2723 2691; x_wconf 53' lang='grc'>,</span> 
     </span>
    </p>
   </div>
   <div class='ocr_carea' id='block_1_5' title="bbox 1147 2709 1906 2780">
    <p class='ocr_par' dir='ltr' id='par_1_5' title="bbox 1147 2709 1906 2780">
     <span class='ocr_line' id='line_1_27' title="bbox 1147 2709 1906 2780; baseline 0 -2"><span class='ocrx_word' id='word_1_210' title='bbox 1147 2709 1437 2779; x_wconf 87' lang='lat' dir='ltr'>Mutian</span> <span class='ocrx_word' id='word_1_211' title='bbox 1483 2730 1581 2779; x_wconf 85' lang='lat' dir='ltr'>an</span> <span class='ocrx_word' id='word_1_212' title='bbox 1628 2709 1906 2780; x_wconf 86' lang='lat' dir='ltr'>Urban.</span> 
     </span>
    </p>
   </div>
   <div class='ocr_carea' id='block_1_6' title="bbox 386 2810 2656 3152">
    <p class='ocr_par' dir='ltr' id='par_1_6' title="bbox 389 2810 2656 2881">
     <span class='ocr_line' id='line_1_28' title="bbox 389 2810 2656 2881; baseline 0 -17"><span class='ocrx_word' id='word_1_213' title='bbox 389 2813 416 2877; x_wconf 94' lang='lat'><em>(</em></span> <span class='ocrx_word' id='word_1_214' title='bbox 424 2810 609 2864; x_wconf 82' lang='lat' dir='ltr'>Urban</span> <span class='ocrx_word' id='word_1_215' title='bbox 659 2811 733 2863; x_wconf 64' lang='grc' dir='ltr'>’ἰεί</span> <span class='ocrx_word' id='word_1_216' title='bbox 783 2810 893 2877; x_wconf 78' lang='lat' dir='ltr'>auf</span> <span class='ocrx_word' id='word_1_217' title='bbox 918 2811 1165 2864; x_wconf 77' lang='lat' dir='ltr'>Mutians</span> <span class='ocrx_word' id='word_1_218' title='bbox 1218 2812 1559 2880; x_wconf 61' lang='lat' dir='ltr'>Fibrsprache</span> <span class='ocrx_word' id='word_1_219' title='bbox 1602 2830 1735 2865; x_wconf 68' lang='lat' dir='ltr'>xum</span> <span class='ocrx_word' id='word_1_220' title='bbox 1781 2813 2062 2866; x_wconf 78' lang='lat' dir='ltr'>Verwalter</span> <span class='ocrx_word' id='word_1_221' title='bbox 2110 2813 2197 2865; x_wconf 81' lang='lat' dir='ltr'>des</span> <span class='ocrx_word' id='word_1_222' title='bbox 2256 2814 2421 2881; x_wconf 77' lang='lat' dir='ltr'>Geory</span> <span class='ocrx_word' id='word_1_223' title='bbox 2422 2813 2656 2865; x_wconf 74' lang='lat' dir='ltr'>enthaler</span> 
     </span>
    </p>

    <p class='ocr_par' dir='ltr' id='par_1_7' title="bbox 389 2878 2653 2949">
     <span class='ocr_line' id='line_1_29' title="bbox 389 2878 2653 2949; baseline 0.001 -18"><span class='ocrx_word' id='word_1_224' title='bbox 389 2878 552 2945; x_wconf 79' lang='lat' dir='ltr'>Hofes</span> <span class='ocrx_word' id='word_1_225' title='bbox 587 2879 650 2931; x_wconf 79' lang='lat' dir='ltr'>in</span> <span class='ocrx_word' id='word_1_226' title='bbox 687 2878 880 2946; x_wconf 76' lang='lat' dir='ltr'>Erfurt</span> <span class='ocrx_word' id='word_1_227' title='bbox 914 2886 1146 2933; x_wconf 62' lang='lat' dir='ltr'>mutant</span> <span class='ocrx_word' id='word_1_228' title='bbox 1179 2882 1400 2933; x_wconf 76' lang='lat' dir='ltr'>worden.</span> <span class='ocrx_word' id='word_1_229' title='bbox 1473 2881 1582 2933; x_wconf 81' lang='lat' dir='ltr'>Der</span> <span class='ocrx_word' id='word_1_230' title='bbox 1614 2881 1761 2933; x_wconf 61' lang='lat' dir='ltr'>dwlce</span> <span class='ocrx_word' id='word_1_231' title='bbox 1816 2881 2043 2948; x_wconf 72' lang='lat' dir='ltr'>Offixwl</span> <span class='ocrx_word' id='word_1_232' title='bbox 2085 2881 2178 2933; x_wconf 78' lang='lat' dir='ltr'>hat</span> <span class='ocrx_word' id='word_1_233' title='bbox 2216 2882 2438 2949; x_wconf 77' lang='lat' dir='ltr'>Schoeps</span> <span class='ocrx_word' id='word_1_234' title='bbox 2472 2882 2653 2934; x_wconf 83' lang='lat' dir='ltr'>Kano-</span> 
     </span>
    </p>

    <p class='ocr_par' dir='ltr' id='par_1_8' title="bbox 386 2947 2655 3018">
     <span class='ocr_line' id='line_1_30' title="bbox 386 2947 2655 3018; baseline 0 -18"><span class='ocrx_word' id='word_1_235' title='bbox 386 2947 542 3001; x_wconf 71' lang='lat' dir='ltr'>m‘lcat</span> <span class='ocrx_word' id='word_1_236' title='bbox 587 2948 652 2999; x_wconf 78' lang='lat' dir='ltr'>in</span> <span class='ocrx_word' id='word_1_237' title='bbox 693 2948 865 3001; x_wconf 76' lang='lat' dir='ltr'>Gotka</span> <span class='ocrx_word' id='word_1_238' title='bbox 904 2948 1217 3001; x_wconf 79' lang='lat' dir='ltr'>belcommen.</span> <span class='ocrx_word' id='word_1_239' title='bbox 1298 2950 1470 3001; x_wconf 68' lang='lat' dir='ltr'>Gru-ss</span> <span class='ocrx_word' id='word_1_240' title='bbox 1515 2967 1591 3001; x_wconf 83' lang='lat' dir='ltr'>an</span> <span class='ocrx_word' id='word_1_241' title='bbox 1640 2949 1920 3002; x_wconf 74' lang='lat' dir='ltr'>Ernamael.</span> <span class='ocrx_word' id='word_1_242' title='bbox 1992 2950 2402 3018; x_wconf 74' lang='lat' dir='ltr'>Aufforderunq,</span> <span class='ocrx_word' id='word_1_243' title='bbox 2452 2967 2528 3002; x_wconf 78' lang='lat' dir='ltr'>an</span> <span class='ocrx_word' id='word_1_244' title='bbox 2570 2949 2655 3001; x_wconf 77' lang='lat' dir='ltr'>die</span> 
     </span>
    </p>

    <p class='ocr_par' dir='ltr' id='par_1_9' title="bbox 387 3015 2653 3152">
     <span class='ocr_line' id='line_1_31' title="bbox 387 3015 2653 3072; baseline 0 -4"><span class='ocrx_word' id='word_1_245' title='bbox 387 3015 662 3069; x_wconf 78' lang='lat' dir='ltr'>Eberback</span> <span class='ocrx_word' id='word_1_246' title='bbox 709 3032 784 3068; x_wconf 73' lang='lat' dir='ltr'>zu</span> <span class='ocrx_word' id='word_1_247' title='bbox 816 3016 1086 3069; x_wconf 74' lang='lat' dir='ltr'>schreiben</span> <span class='ocrx_word' id='word_1_248' title='bbox 1133 3018 1249 3069; x_wconf 81' lang='lat' dir='ltr'>und</span> <span class='ocrx_word' id='word_1_249' title='bbox 1289 3018 1404 3069; x_wconf 72' lang='lat' dir='ltr'>siah</span> <span class='ocrx_word' id='word_1_250' title='bbox 1440 3035 1516 3072; x_wconf 80' lang='lat' dir='ltr'>an</span> <span class='ocrx_word' id='word_1_251' title='bbox 1551 3018 1636 3069; x_wconf 76' lang='lat' dir='ltr'>die</span> <span class='ocrx_word' id='word_1_252' title='bbox 1670 3017 1913 3071; x_wconf 80' lang='lat' dir='ltr'>Frezmde</span> <span class='ocrx_word' id='word_1_253' title='bbox 1958 3018 2049 3070; x_wconf 80' lang='lat' dir='ltr'>der</span> <span class='ocrx_word' id='word_1_254' title='bbox 2090 3018 2364 3071; x_wconf 73' lang='lat' dir='ltr'>humarum</span> <span class='ocrx_word' id='word_1_255' title='bbox 2418 3018 2653 3070; x_wconf 76' lang='lat' dir='ltr'>Wissen-</span> 
     </span>
     <span class='ocr_line' id='line_1_32' title="bbox 784 3084 2262 3152; baseline 0.001 -15"><span class='ocrx_word' id='word_1_256' title='bbox 784 3084 1024 3151; x_wconf 69' lang='lat' dir='ltr'>sebasten</span> <span class='ocrx_word' id='word_1_257' title='bbox 1056 3090 1214 3137; x_wconf 74' lang='lat' dir='ltr'>anter</span> <span class='ocrx_word' id='word_1_258' title='bbox 1245 3086 1346 3137; x_wconf 79' lang='lat' dir='ltr'>den</span> <span class='ocrx_word' id='word_1_259' title='bbox 1384 3086 1763 3139; x_wconf 60' lang='lat' dir='ltr'>Studzbrenden</span> <span class='ocrx_word' id='word_1_260' title='bbox 1797 3085 2226 3139; x_wconf 70' lang='lat' dir='ltr'>anxaewchliessen</span> <span class='ocrx_word' id='word_1_261' title='bbox 2229 3090 2262 3152; x_wconf 91' lang='lat'>.)</span> 
     </span>
    </p>
   </div>
   <div class='ocr_carea' id='block_1_7' title="bbox 1142 3176 1969 3233">
    <p class='ocr_par' dir='ltr' id='par_1_10' title="bbox 1142 3176 1969 3233">
     <span class='ocr_line' id='line_1_33' title="bbox 1142 3176 1969 3233; baseline 0.001 -1"><span class='ocrx_word' id='word_1_262' title='bbox 1142 3182 1224 3232; x_wconf 84' lang='grc' dir='ltr'>Η.</span> <span class='ocrx_word' id='word_1_263' title='bbox 1259 3182 1518 3231; x_wconf 84' lang='lat' dir='ltr'>Urbano</span> <span class='ocrx_word' id='word_1_264' title='bbox 1553 3184 1642 3233; x_wconf 76' lang='lat' dir='ltr'>M.</span> <span class='ocrx_word' id='word_1_265' title='bbox 1678 3176 1969 3233; x_wconf 68' lang='lat' dir='ltr'>Ruqu.&#39;</span> 
     </span>
    </p>
   </div>
   <div class='ocr_carea' id='block_1_8' title="bbox 387 3263 2652 3861">
    <p class='ocr_par' dir='ltr' id='par_1_11' title="bbox 387 3263 2652 3861">
     <span class='ocr_line' id='line_1_34' title="bbox 594 3263 2651 3351; baseline 0.001 -24"><span class='ocrx_word' id='word_1_266' title='bbox 594 3263 660 3327; x_wconf 89' lang='lat' dir='ltr'>S.</span> <span class='ocrx_word' id='word_1_267' title='bbox 745 3265 988 3342; x_wconf 79' lang='lat' dir='ltr'>-HabeS,</span> <span class='ocrx_word' id='word_1_268' title='bbox 1048 3267 1299 3331; x_wconf 89' lang='lat' dir='ltr'>Urbane</span> <span class='ocrx_word' id='word_1_269' title='bbox 1345 3268 1689 3346; x_wconf 83' lang='lat' dir='ltr'>carissime,</span> <span class='ocrx_word' id='word_1_270' title='bbox 1746 3270 1914 3351; x_wconf 85' lang='lat' dir='ltr'>quod</span> <span class='ocrx_word' id='word_1_271' title='bbox 1979 3289 2095 3348; x_wconf 90' lang='lat' dir='ltr'>ego</span> <span class='ocrx_word' id='word_1_272' title='bbox 2152 3268 2275 3332; x_wconf 90' lang='lat' dir='ltr'>tibi</span> <span class='ocrx_word' id='word_1_273' title='bbox 2335 3267 2651 3349; x_wconf 88' lang='lat' dir='ltr'>petebam,</span> 
     </span>
     <span class='ocr_line' id='line_1_35' title="bbox 388 3351 2651 3433; baseline 0 -21"><span class='ocrx_word' id='word_1_274' title='bbox 388 3355 460 3412; x_wconf 89' lang='lat' dir='ltr'>tu</span> <span class='ocrx_word' id='word_1_275' title='bbox 506 3351 957 3433; x_wconf 86' lang='lat' dir='ltr'>exspectabas:</span> <span class='ocrx_word' id='word_1_276' title='bbox 1021 3354 1320 3433; x_wconf 88' lang='lat' dir='ltr'>optabile,</span> <span class='ocrx_word' id='word_1_277' title='bbox 1386 3360 1455 3416; x_wconf 91' lang='lat' dir='ltr'>ut</span> <span class='ocrx_word' id='word_1_278' title='bbox 1501 3376 1687 3417; x_wconf 91' lang='lat' dir='ltr'>nemo</span> <span class='ocrx_word' id='word_1_279' title='bbox 1750 3376 1876 3417; x_wconf 89' lang='lat' dir='ltr'>non</span> <span class='ocrx_word' id='word_1_280' title='bbox 1939 3354 2306 3426; x_wconf 87' lang='lat' dir='ltr'>arbitratur,</span> <span class='ocrx_word' id='word_1_281' title='bbox 2366 3374 2507 3414; x_wconf 90' lang='lat' dir='ltr'>cum</span> <span class='ocrx_word' id='word_1_282' title='bbox 2556 3352 2651 3414; x_wconf 91' lang='lat' dir='ltr'>di-</span> 
     </span>
     <span class='ocr_line' id='line_1_36' title="bbox 387 3434 2651 3521; baseline 0.001 -24"><span class='ocrx_word' id='word_1_283' title='bbox 387 3435 638 3517; x_wconf 84' lang='lat' dir='ltr'>gnitate</span> <span class='ocrx_word' id='word_1_284' title='bbox 684 3434 906 3499; x_wconf 90' lang='lat' dir='ltr'>otium.</span> <span class='ocrx_word' id='word_1_285' title='bbox 978 3436 1164 3501; x_wconf 88' lang='lat' dir='ltr'>Falsa</span> <span class='ocrx_word' id='word_1_286' title='bbox 1201 3439 1393 3520; x_wconf 88' lang='lat' dir='ltr'>igitur</span> <span class='ocrx_word' id='word_1_287' title='bbox 1438 3438 1562 3501; x_wconf 86' lang='lat' dir='ltr'>fuit</span> <span class='ocrx_word' id='word_1_288' title='bbox 1596 3440 1847 3519; x_wconf 84' lang='lat' dir='ltr'>querela</span> <span class='ocrx_word' id='word_1_289' title='bbox 1897 3439 2281 3521; x_wconf 86' lang='lat' dir='ltr'>putantium,</span> <span class='ocrx_word' id='word_1_290' title='bbox 2331 3436 2651 3501; x_wconf 86' lang='lat' dir='ltr'>Stercutio</span> 
     </span>
     <span class='ocr_line' id='line_1_37' title="bbox 388 3520 2651 3601; baseline 0.001 -19"><span class='ocrx_word' id='word_1_291' title='bbox 388 3521 778 3601; x_wconf 86' lang='lat' dir='ltr'>provinciam</span> <span class='ocrx_word' id='word_1_292' title='bbox 843 3520 1007 3585; x_wconf 87' lang='lat' dir='ltr'>hanc</span> <span class='ocrx_word' id='word_1_293' title='bbox 1064 3523 1248 3586; x_wconf 88' lang='lat' dir='ltr'>istam</span> <span class='ocrx_word' id='word_1_294' title='bbox 1306 3523 1689 3587; x_wconf 80' lang='lat' dir='ltr'>Duronium⁶</span> <span class='ocrx_word' id='word_1_295' title='bbox 1739 3547 1875 3587; x_wconf 90' lang='lat' dir='ltr'>esse</span> <span class='ocrx_word' id='word_1_296' title='bbox 1923 3545 2386 3587; x_wconf 86' lang='lat' dir='ltr'>concessurum.</span> <span class='ocrx_word' id='word_1_297' title='bbox 2476 3522 2651 3586; x_wconf 89' lang='lat' dir='ltr'>Bone</span> 
     </span>
     <span class='ocr_line' id='line_1_38' title="bbox 390 3605 2652 3691; baseline 0.001 -25"><span class='ocrx_word' id='word_1_298' title='bbox 390 3605 714 3668; x_wconf 87' lang='lat' dir='ltr'>merobibe</span> <span class='ocrx_word' id='word_1_299' title='bbox 763 3605 1023 3683; x_wconf 89' lang='lat' dir='ltr'>Duroni,</span> <span class='ocrx_word' id='word_1_300' title='bbox 1087 3608 1413 3688; x_wconf 65' lang='lat' dir='ltr'>gravidam</span> <span class='ocrx_word' id='word_1_301' title='bbox 1460 3610 1581 3672; x_wconf 89' lang='lat' dir='ltr'>tibi</span> <span class='ocrx_word' id='word_1_302' title='bbox 1646 3610 1915 3691; x_wconf 84' lang='lat' dir='ltr'>gratiam</span> <span class='ocrx_word' id='word_1_303' title='bbox 1974 3610 2293 3673; x_wconf 83' lang='lat' dir='ltr'>debemus.</span> <span class='ocrx_word' id='word_1_304' title='bbox 2388 3607 2652 3688; x_wconf 88' lang='lat' dir='ltr'>Elegisti</span> 
     </span>
     <span class='ocr_line' id='line_1_39' title="bbox 387 3691 2648 3775; baseline 0.002 -24"><span class='ocrx_word' id='word_1_305' title='bbox 387 3691 553 3753; x_wconf 89' lang='lat' dir='ltr'>enim</span> <span class='ocrx_word' id='word_1_306' title='bbox 605 3714 680 3752; x_wconf 83' lang='lat' dir='ltr'>ex</span> <span class='ocrx_word' id='word_1_307' title='bbox 717 3691 1015 3753; x_wconf 90' lang='lat' dir='ltr'>omnibus</span> <span class='ocrx_word' id='word_1_308' title='bbox 1062 3694 1374 3773; x_wconf 85' lang='lat' dir='ltr'>optimum</span> <span class='ocrx_word' id='word_1_309' title='bbox 1423 3694 1500 3756; x_wconf 87' lang='lat' dir='ltr'>ad</span> <span class='ocrx_word' id='word_1_310' title='bbox 1537 3696 1931 3775; x_wconf 84' lang='lat' dir='ltr'>procuranda</span> <span class='ocrx_word' id='word_1_311' title='bbox 1966 3695 2241 3775; x_wconf 70' lang='lat' dir='ltr'>negotia,</span> <span class='ocrx_word' id='word_1_312' title='bbox 2290 3694 2538 3755; x_wconf 82' lang='lat' dir='ltr'>facilem</span> <span class='ocrx_word' id='word_1_313' title='bbox 2571 3693 2648 3755; x_wconf 90' lang='lat' dir='ltr'>ad</span> 
     </span>
     <span class='ocr_line' id='line_1_40' title="bbox 388 3777 2649 3861; baseline 0.002 -24"><span class='ocrx_word' id='word_1_314' title='bbox 388 3777 907 3857; x_wconf 80' lang='lat' dir='ltr'>computandum,</span> <span class='ocrx_word' id='word_1_315' title='bbox 957 3778 1322 3858; x_wconf 87' lang='lat' dir='ltr'>expeditum</span> <span class='ocrx_word' id='word_1_316' title='bbox 1371 3779 1450 3841; x_wconf 89' lang='lat' dir='ltr'>ad</span> <span class='ocrx_word' id='word_1_317' title='bbox 1498 3780 1881 3861; x_wconf 83' lang='lat' dir='ltr'>appellanda</span> <span class='ocrx_word' id='word_1_318' title='bbox 1946 3781 2221 3854; x_wconf 84' lang='lat' dir='ltr'>nomina,</span> <span class='ocrx_word' id='word_1_319' title='bbox 2287 3784 2649 3860; x_wconf 88' lang='lat' dir='ltr'>promptum</span> 
     </span>
    </p>
   </div>
   <div class='ocr_carea' id='block_1_9' title="bbox 384 3881 797 3889">
    <p class='ocr_par' dir='ltr' id='par_1_12' title="bbox 384 3881 797 3889">
     <span class='ocr_line' id='line_1_41' title="bbox 384 3881 797 3889; baseline 0 0"><span class='ocrx_word' id='word_1_320' title='bbox 384 3881 797 3889; x_wconf 95' lang='lat' dir='ltr'> </span> 
     </span>
    </p>
   </div>
   <div class='ocr_carea' id='block_1_10' title="bbox 381 3912 2651 4459">
    <p class='ocr_par' dir='ltr' id='par_1_13' title="bbox 521 3912 920 3977">
     <span class='ocr_line' id='line_1_42' title="bbox 521 3912 920 3977; baseline 0 -16"><span class='ocrx_word' id='word_1_321' title='bbox 521 3924 549 3951; x_wconf 77' lang='lat'>⁸</span> <span class='ocrx_word' id='word_1_322' title='bbox 577 3912 920 3977; x_wconf 88' lang='lat' dir='ltr'>Arrogonum.</span> 
     </span>
    </p>

    <p class='ocr_par' dir='ltr' id='par_1_14' title="bbox 381 3978 2651 4459">
     <span class='ocr_line' id='line_1_43' title="bbox 535 3978 2651 4045; baseline 0.001 -16"><span class='ocrx_word' id='word_1_323' title='bbox 535 3980 548 4009; x_wconf 86' lang='lat'><strong>¹</strong></span> <span class='ocrx_word' id='word_1_324' title='bbox 587 3978 851 4030; x_wconf 75' lang='lat' dir='ltr'>Wortlich</span> <span class='ocrx_word' id='word_1_325' title='bbox 897 3994 994 4031; x_wconf 82' lang='lat' dir='ltr'>aus</span> <span class='ocrx_word' id='word_1_326' title='bbox 1031 3978 1124 4029; x_wconf 85' lang='lat' dir='ltr'>der</span> <span class='ocrx_word' id='word_1_327' title='bbox 1157 3978 1390 4031; x_wconf 86' lang='lat' dir='ltr'>Vorrede</span> <span class='ocrx_word' id='word_1_328' title='bbox 1437 3979 1530 4031; x_wconf 88' lang='lat' dir='ltr'>des</span> <span class='ocrx_word' id='word_1_329' title='bbox 1567 3979 1735 4032; x_wconf 84' lang='lat' dir='ltr'>Aldus</span> <span class='ocrx_word' id='word_1_330' title='bbox 1782 3996 1905 4031; x_wconf 89' lang='lat' dir='ltr'>zum</span> <span class='ocrx_word' id='word_1_331' title='bbox 1950 3979 2249 4033; x_wconf 86' lang='lat' dir='ltr'>Thesaurus</span> <span class='ocrx_word' id='word_1_332' title='bbox 2294 3979 2651 4045; x_wconf 86' lang='lat' dir='ltr'>Cornucopiae</span> 
     </span>
     <span class='ocr_line' id='line_1_44' title="bbox 389 4046 2649 4115; baseline 0.001 -18"><span class='ocrx_word' id='word_1_333' title='bbox 389 4046 540 4099; x_wconf 82' lang='grc'>1496.</span> <span class='ocrx_word' id='word_1_334' title='bbox 613 4048 633 4077; x_wconf 79' lang='lat'>²</span> <span class='ocrx_word' id='word_1_335' title='bbox 655 4046 909 4098; x_wconf 86' lang='lat' dir='ltr'>Erasmus</span> <span class='ocrx_word' id='word_1_336' title='bbox 945 4046 1138 4098; x_wconf 73' lang='lat' dir='ltr'>erklart</span> <span class='ocrx_word' id='word_1_337' title='bbox 1173 4047 1266 4098; x_wconf 87' lang='lat' dir='ltr'>das</span> <span class='ocrx_word' id='word_1_338' title='bbox 1302 4046 1406 4099; x_wconf 88' lang='lat' dir='ltr'>alte</span> <span class='ocrx_word' id='word_1_339' title='bbox 1429 4046 1770 4113; x_wconf 85' lang='lat' dir='ltr'>Spriichwort</span> <span class='ocrx_word' id='word_1_340' title='bbox 1804 4048 1860 4099; x_wconf 89' lang='lat' dir='ltr'>in</span> <span class='ocrx_word' id='word_1_341' title='bbox 1879 4048 2061 4101; x_wconf 86' lang='lat' dir='ltr'>seinen</span> <span class='ocrx_word' id='word_1_342' title='bbox 2079 4048 2344 4115; x_wconf 86' lang='lat' dir='ltr'>Adagien.</span> <span class='ocrx_word' id='word_1_343' title='bbox 2380 4049 2649 4100; x_wconf 82' lang='lat' dir='ltr'>Jactatum</span> 
     </span>
     <span class='ocr_line' id='line_1_45' title="bbox 385 4113 2649 4201; baseline 0.001 -36"><span class='ocrx_word' id='word_1_344' title='bbox 385 4114 512 4166; x_wconf 91' lang='lat' dir='ltr'>olim</span> <span class='ocrx_word' id='word_1_345' title='bbox 549 4113 860 4181; x_wconf 86' lang='lat' dir='ltr'>aenigmatis</span> <span class='ocrx_word' id='word_1_346' title='bbox 891 4114 1024 4177; x_wconf 82' lang='lat' dir='ltr'>vice,</span> <span class='ocrx_word' id='word_1_347' title='bbox 1063 4130 1165 4181; x_wconf 91' lang='lat' dir='ltr'>quo</span> <span class='ocrx_word' id='word_1_348' title='bbox 1200 4114 1363 4167; x_wconf 91' lang='lat' dir='ltr'>trium</span> <span class='ocrx_word' id='word_1_349' title='bbox 1397 4117 1637 4198; x_wconf 85' lang='lat' dir='ltr'>gentium</span> <span class='ocrx_word' id='word_1_350' title='bbox 1674 4132 1843 4169; x_wconf 88' lang='lat' dir='ltr'>mores</span> <span class='ocrx_word' id='word_1_351' title='bbox 1877 4116 2042 4169; x_wconf 87' lang='lat' dir='ltr'>notati</span> <span class='ocrx_word' id='word_1_352' title='bbox 2077 4118 2225 4169; x_wconf 87' lang='lat' dir='ltr'>sunt:</span> <span class='ocrx_word' id='word_1_353' title='bbox 2264 4116 2649 4201; x_wconf 81' lang='lat' dir='ltr'>Cappadocum,</span> 
     </span>
     <span class='ocr_line' id='line_1_46' title="bbox 385 4181 2648 4250; baseline -0.001 -15"><span class='ocrx_word' id='word_1_354' title='bbox 385 4182 714 4235; x_wconf 66' lang='lat' dir='ltr'>Cretensium</span> <span class='ocrx_word' id='word_1_355' title='bbox 751 4185 805 4233; x_wconf 77' lang='lat' dir='ltr'>el:</span> <span class='ocrx_word' id='word_1_356' title='bbox 840 4182 1078 4235; x_wconf 77' lang='lat' dir='ltr'>Cilicum.</span> <span class='ocrx_word' id='word_1_357' title='bbox 1187 4184 1208 4215; x_wconf 77' lang='lat'>³</span> <span class='ocrx_word' id='word_1_358' title='bbox 1249 4185 1434 4246; x_wconf 75' lang='grc' dir='ltr'><em>Κρῆτες</em></span> <span class='ocrx_word' id='word_1_359' title='bbox 1473 4181 1550 4231; x_wconf 74' lang='grc' dir='ltr'>αἐὶ</span> <span class='ocrx_word' id='word_1_360' title='bbox 1586 4186 1749 4248; x_wconf 76' lang='grc' dir='ltr'><em>ψεῦστ</em></span> <span class='ocrx_word' id='word_1_361' title='bbox 1753 4204 1982 4236; x_wconf 77' lang='grc' dir='ltr'>ααααααα</span> <span class='ocrx_word' id='word_1_362' title='bbox 2020 4188 2197 4248; x_wconf 71' lang='grc' dir='ltr'>θηρία,</span> <span class='ocrx_word' id='word_1_363' title='bbox 2223 4203 2347 4250; x_wconf 78' lang='grc' dir='ltr'><strong><em>γαστ</em></strong></span> <span class='ocrx_word' id='word_1_364' title='bbox 2351 4192 2451 4247; x_wconf 79' lang='grc' dir='ltr'>’ρες</span> <span class='ocrx_word' id='word_1_365' title='bbox 2488 4181 2648 4248; x_wconf 76' lang='grc' dir='ltr'>α’ργαί.</span> 
     </span>
     <span class='ocr_line' id='line_1_47' title="bbox 383 4248 2648 4321; baseline 0.001 -20"><span class='ocrx_word' id='word_1_366' title='bbox 383 4248 532 4303; x_wconf 87' lang='lat' dir='ltr'>Paul.</span> <span class='ocrx_word' id='word_1_367' title='bbox 569 4265 632 4301; x_wconf 87' lang='lat' dir='ltr'>an</span> <span class='ocrx_word' id='word_1_368' title='bbox 671 4250 818 4302; x_wconf 85' lang='lat' dir='ltr'>Titus</span> <span class='ocrx_word' id='word_1_369' title='bbox 856 4251 1011 4315; x_wconf 85' lang='lat'>1,12.</span> <span class='ocrx_word' id='word_1_370' title='bbox 1121 4252 1142 4283; x_wconf 80' lang='lat'><strong>⁴</strong></span> <span class='ocrx_word' id='word_1_371' title='bbox 1159 4250 1413 4303; x_wconf 87' lang='lat' dir='ltr'>Erasmus</span> <span class='ocrx_word' id='word_1_372' title='bbox 1449 4254 1585 4303; x_wconf 85' lang='lat' dir='ltr'>setzt</span> <span class='ocrx_word' id='word_1_373' title='bbox 1608 4252 1794 4304; x_wconf 83' lang='lat' dir='ltr'>hinzu.:</span> <span class='ocrx_word' id='word_1_374' title='bbox 1832 4253 2162 4321; x_wconf 85' lang='lat' dir='ltr'>Augustinus</span> <span class='ocrx_word' id='word_1_375' title='bbox 2197 4252 2251 4304; x_wconf 87' lang='lat' dir='ltr'>in</span> <span class='ocrx_word' id='word_1_376' title='bbox 2288 4252 2648 4319; x_wconf 83' lang='lat' dir='ltr'>grammaticis</span> 
     </span>
     <span class='ocr_line' id='line_1_48' title="bbox 381 4317 2647 4387; baseline 0.001 -18"><span class='ocrx_word' id='word_1_377' title='bbox 381 4317 580 4370; x_wconf 81' lang='lat' dir='ltr'>indicat</span> <span class='ocrx_word' id='word_1_378' title='bbox 616 4318 778 4371; x_wconf 88' lang='lat' dir='ltr'>fuisse</span> <span class='ocrx_word' id='word_1_379' title='bbox 813 4320 1010 4371; x_wconf 81' lang='lat' dir='ltr'>tortum</span> <span class='ocrx_word' id='word_1_380' title='bbox 1045 4318 1101 4371; x_wconf 90' lang='lat' dir='ltr'>in</span> <span class='ocrx_word' id='word_1_381' title='bbox 1127 4318 1426 4372; x_wconf 87' lang='lat' dir='ltr'>Cornelium</span> <span class='ocrx_word' id='word_1_382' title='bbox 1445 4319 1664 4387; x_wconf 80' lang='lat' dir='ltr'>Syllam</span> <span class='ocrx_word' id='word_1_383' title='bbox 1688 4320 1987 4375; x_wconf 87' lang='lat' dir='ltr'>Cornelium</span> <span class='ocrx_word' id='word_1_384' title='bbox 2024 4320 2243 4375; x_wconf 87' lang='lat' dir='ltr'>Cinnam</span> <span class='ocrx_word' id='word_1_385' title='bbox 2264 4326 2316 4374; x_wconf 89' lang='lat' dir='ltr'>et</span> <span class='ocrx_word' id='word_1_386' title='bbox 2347 4321 2647 4375; x_wconf 87' lang='lat' dir='ltr'>Cornelium</span> 
     </span>
     <span class='ocr_line' id='line_1_49' title="bbox 381 4384 2645 4459; baseline 0.001 -20"><span class='ocrx_word' id='word_1_387' title='bbox 381 4384 685 4439; x_wconf 73' lang='lat' dir='ltr'>Lentulum.</span> <span class='ocrx_word' id='word_1_388' title='bbox 737 4388 759 4420; x_wconf 79' lang='lat'>⁵</span> <span class='ocrx_word' id='word_1_389' title='bbox 775 4386 982 4441; x_wconf 86' lang='lat' dir='ltr'>Griech.</span> <span class='ocrx_word' id='word_1_390' title='bbox 1001 4386 1274 4456; x_wconf 83' lang='lat' dir='ltr'>Sprichw,</span> <span class='ocrx_word' id='word_1_391' title='bbox 1285 4404 1336 4442; x_wconf 87' lang='lat' dir='ltr'>v.</span> <span class='ocrx_word' id='word_1_392' title='bbox 1347 4386 1551 4443; x_wconf 81' lang='lat' dir='ltr'>Plaut.</span> <span class='ocrx_word' id='word_1_393' title='bbox 1535 4405 1570 4441; x_wconf 88' lang='lat'>1.</span> <span class='ocrx_word' id='word_1_394' title='bbox 1586 4387 1746 4442; x_wconf 81' lang='lat' dir='ltr'>Mero</span> <span class='ocrx_word' id='word_1_395' title='bbox 1762 4405 1960 4459; x_wconf 84' lang='lat' dir='ltr'>angew.</span> <span class='ocrx_word' id='word_1_396' title='bbox 1987 4391 2085 4445; x_wconf 87' lang='lat' dir='ltr'>Ad.</span> <span class='ocrx_word' id='word_1_397' title='bbox 2100 4391 2149 4443; x_wconf 96' lang='grc'>(1.</span> <span class='ocrx_word' id='word_1_398' title='bbox 2160 4389 2246 4443; x_wconf 84' lang='lat' dir='ltr'>Er</span> <span class='ocrx_word' id='word_1_399' title='bbox 2296 4391 2319 4423; x_wconf 79' lang='lat'><strong>⁶</strong></span> <span class='ocrx_word' id='word_1_400' title='bbox 2340 4389 2390 4443; x_wconf 95' lang='lat' dir='ltr'>S.</span> <span class='ocrx_word' id='word_1_401' title='bbox 2405 4389 2581 4444; x_wconf 83' lang='lat' dir='ltr'>108A.</span> <span class='ocrx_word' id='word_1_402' title='bbox 2599 4390 2645 4443; x_wconf 91' lang='lat'>1.</span> 
     </span>
    </p>
   </div>
  </div>
 </body>
</html>
