3084 4895
479 412 603 476 312
1313 406 1486 464 Briefe
1522 409 1617 464 des
1650 409 1701 464 J.
1738 405 1889 464 1513.

479 588 542 648 et
587 584 969 664 singularem
1019 605 1165 664 erga
1211 586 1274 647 te
1319 582 1490 647 omni
1554 585 1907 647 reverentia
1974 583 2416 664 dignissimum
2482 587 2727 666 patrem

480 675 767 734 nostrum
814 669 1356 733 benevolentiam:
1404 673 1478 733 ut
1524 670 1635 750 qui
1680 691 1811 733 rem
1860 670 2139 734 divinam
2182 671 2302 734 rite
2332 693 2407 734 ac
2438 669 2733 751 religiose

481 757 722 820 faciens
754 755 928 818 visus
961 755 1048 819 sit
1091 755 1559 837 quodammodo
1590 756 1658 818 in
1690 756 1917 838 spiritu
1961 756 2345 820 humilitatis
2390 756 2733 831 exsultare,

482 842 653 925 quod
697 842 819 905 tibi
867 841 1254 917 doctissimo,
1301 841 1671 912 clarissimo,
1718 842 2240 923 eloquentissimo
2274 843 2407 906 viro
2454 847 2521 906 et
2561 843 2733 925 apud

485 929 814 993 Caesarem
860 928 1166 991 invictum
1209 927 1524 991 industria
1568 934 1632 992 et
1676 929 2056 992 auctoritate
2099 928 2294 1011 probe
2338 932 2623 1011 spectabo
2667 931 2736 992 et

485 1015 760 1097 cognit0‚
826 1013 889 1076 in
957 1013 1246 1078 coenobii
1315 1035 1459 1078 vero
1526 1013 1715 1078 rebus
1783 1014 2117 1079 fulciendis
2184 1020 2248 1078 et
2305 1015 2371 1078 in
2432 1015 2735 1079 omnibus

489 1099 822 1184 praeclaris
888 1100 1164 1181 negotiis
1231 1098 1643 1164 solertissimo
1708 1101 2059 1164 traditurus
2114 1105 2281 1165 esset
2326 1105 2734 1164 sacrosancto

484 1209 656 1252 more
699 1187 945 1250 tiaram.
1037 1185 1160 1250 Sed
1205 1186 1362 1250 illud
1406 1185 1863 1263 admirabilius,
1928 1188 2098 1268 quod
2157 1187 2465 1251 inclinato
2524 1187 2736 1268 capite

484 1273 808 1337 tristitiam
856 1292 1004 1353 prae
1050 1277 1113 1334 te
1155 1272 1314 1335 ferre
1359 1277 1424 1335 et
1469 1273 1651 1354 quasi
1696 1274 2038 1354 ingenuam
2085 1274 2524 1337 verecundiam
2557 1273 2747 1336 vide--

487 1359 680 1436 bariS,
727 1357 1135 1422 difficultates
1179 1361 1336 1440 puto
1381 1359 1707 1438 regiminis
1753 1359 1951 1422 futuri
1996 1363 2203 1422 tecum
2260 1360 2471 1422 animo
2530 1358 2733 1422 revol-

488 1467 657 1508 vens.
750 1442 855 1508 Sic
899 1443 1048 1507 olim
1117 1443 1367 1507 Marcus
1437 1444 1799 1508 Antoninus
1864 1445 2213 1526 AugustuS‚
2274 1466 2417 1508 cum
2476 1445 2558 1508 ab
2616 1445 2736 1508 im-

485 1534 772 1613 peratore
817 1529 1023 1593 Nerva
1067 1531 1495 1612 adoptaretur,
1546 1531 1898 1595 subtristis(
1916 1533 2211 1614 apparuit
2242 1535 2307 1594 et
2332 1553 2464 1594 non
2513 1552 2733 1612 parum

485 1616 870 1680 mirantibus.
897 1616 1260 1680 domesticis
1294 1620 1366 1680 ut
1399 1637 1742 1698 generosus
1786 1621 1850 1681 et
1880 1618 2023 1698 pius
2056 1617 2343 1699 princeps
2392 1614 2727 1698 „nescitis‘f

484 1703 696 1784 inquit
757 1724 956 1785 „quae
1011 1702 1176 1770 mala
1221 1703 1552 1784 imperium
1615 1725 1827 1766 secum
1888 1703 2109 1767 ferat.“
2202 1703 2289 1766 At.
2356 1709 2484 1779 tua,
2556 1706 2736 1785 pater

485 1791 742 1871 optime,
809 1788 1166 1852 sublimitas
1214 1788 1387 1852 nulla
1430 1788 1711 1870 pericula
1772 1789 1887 1852 deo
1956 1789 2245 1872 adjutore
2308 1790 2732 1872 pertimescat.

486 1875 649 1939 Nam
695 1876 820 1939 ista
866 1879 980 1938 tua
1025 1876 1349 1938 coronatio
1397 1875 1595 1938 divini
1640 1874 1930 1939 beneficii
1976 1880 2109 1953 est;
2175 1878 2346 1958 operi
2391 1881 2504 1940 tuo
2550 1897 2735 1939 sanc-

486 1962 734 2026 tissimo
783 1961 1022 2024 favebit
1066 1961 1282 2042 procul
1329 1962 1522 2025 dubio
1584 1961 1739 2026 deus
1798 1962 2192 2030 immortalis,
2256 1967 2447 2044 teque
2506 1963 2735 2026 floren-

485 2049 798 2112 tissimum
835 2069 910 2110 ac
943 2047 1050 2111 diu
1083 2046 1324 2111 felicem
1360 2049 1660 2112 ecclesiae
1694 2048 2015 2112 Fuldanae
2058 2049 2477 2112 conservabit.
2554 2049 2735 2126 Quod

488 2157 629 2198 cum
663 2155 880 2198 omnes
903 2133 1363 2198 incolumitatis
1395 2138 1460 2198 et
1489 2135 1727 2216 gloriae
1758 2139 1907 2199 tuae
1939 2135 2332 2219 cupidissimi
2366 2157 2735 2217 persuasum

489 2221 784 2296 habeant,
831 2223 895 2283 te
940 2219 1062 2284 sibi
1109 2220 1413 2284 divinitus
1468 2222 1787 2304 praefecto
1826 2222 2108 2302 gaudent
2151 2225 2215 2286 et
2256 2221 2628 2286 laetabundi
2672 2225 2737 2284 te

489 2308 691 2372 virum
760 2307 1372 2389 praestantissimum
1423 2308 1522 2371 vel
1567 2308 1781 2391 potius
1842 2315 2160 2373 terrenum
2223 2330 2456 2372 numen
2524 2307 2739 2390 auspi-

471 2395 816 2493 ‚catissima
884 2394 1298 2458 consensione
1353 2415 1428 2459 ac
1485 2394 1957 2479 promptissima
2022 2395 2427 2461 veneratione
2490 2397 2737 2479 patrem

490 2482 730 2565 patriae
777 2481 1200 2546 consalutant.
1529 2566 1603 2629 D

1588 2566 1697 2631 lxi.

699 2653 928 2729 HabeS‚
1000 2652 1229 2717 eximie
1285 2654 1605 2735 princepS‚
1664 2654 1905 2717 amoris
1968 2653 2033 2715 in
2094 2656 2160 2716 te
2220 2652 2343 2715 mei
2403 2652 2625 2716 vadem
2673 2655 2737 2717 et

492 2740 742 2823 pignus,
779 2744 840 2803 et
872 2760 1032 2821 quae
1066 2740 1127 2801 in
1163 2740 1359 2803 oculis
1391 2740 1801 2821 plurimorum
1835 2743 1987 2803 sunt
2017 2743 2217 2820 gesta,
2243 2762 2317 2803 ea
2349 2738 2741 2820 cogitatione

493 2826 870 2891 suavissima
937 2826 1266 2890 celebravi.
1379 2824 1550 2889 Tuae
1617 2827 1783 2889 enim
1851 2824 2289 2908 amplitudinis
2364 2829 2739 2889 ornamenta

496 2914 686 2977 etiam
730 2912 1105 2977 absentibus
1150 2911 1336 2975 nobis
1383 2912 1699 2995 voluptati
1738 2911 1927 2976 fuere.
2018 2912 2185 2989 Quid
2228 2911 2395 2975 enim
2458 2910 2742 2976 sincerus

493 2998 954 3082 contemplator
1020 3020 1145 3062 non
1213 2998 1335 3062 sibi
1409 3003 1560 3063 ante
1632 2998 1849 3063 oculos
1929 2996 2326 3063 constituat?
2436 2997 2739 3062 Penetrat

490 3085 862 3168 imaginatio
910 3084 1170 3161 coelum,
1218 3090 1434 3159 terras,
1483 3086 1682 3148 maria
1726 3090 1791 3148 et
1828 3086 2061 3165 omnia,
2108 3106 2271 3166 quae
2316 3084 2383 3147 in
2430 3084 2520 3147 eis
2565 3089 2735 3148 sunt.

495 3171 718 3237 Servet
748 3177 812 3236 te
845 3171 1136 3235 Christus
1185 3172 1339 3235 deus
1385 3171 1666 3253 optimus
1712 3172 2045 3249 maximus,
2092 3170 2459 3234 beatissime
2503 3170 2739 3253 primas

499 3263 564 3322 et
609 3257 1066 3322 amantissime¹
1117 3258 1408 3340 princeps
1455 3258 1863 3321 Hartmanne.

802 3358 923 3413 Cod.
961 3358 1093 3412 Frcf.
1131 3359 1248 3413 312.

497 3548 726 3618 (Gotha.)
1517 3529 1683 3595 ⁸254.
2114 3531 2251 3614 (vor
2290 3548 2367 3601 15.
2404 3546 2530 3599 Juni
2568 3546 2740 3615 1513.)

1239 3657 1527 3726 Mutian
1572 3678 1668 3727 an
1714 3655 1991 3727 Urban.

498 3776 664 3855 (Uber
697 3788 812 3840 eine
846 3788 1159 3867 zouqesandte
1198 3786 1411 3854 Schrift,
1449 3788 1533 3839 (lie
1566 3805 1623 3839 er
1657 3805 1733 3839 cm
1778 3786 1959 3839 Urbcm
1992 3786 2200 3839 schielct
2272 3784 2531 3838 Reucklin
2582 3788 2745 3837 neunt

496 3858 594 3909 den
628 3856 822 3909 Kaiser
856 3874 918 3908 m
951 3856 1124 3908 seiner
1159 3856 1402 3923 Defensio
1437 3856 1632 3909 mundi
1664 3856 1927 3918 dmnimcs.
2011 3854 2070 3907 U.
2119 3856 2219 3907 soll
2264 3855 2445 3907 seinen
2488 3852 2743 3905 Marulus

495 3926 690 3979 kiibselz
725 3926 914 3978 binden
950 3926 1137 3977 las-sen.
1209 3926 1450 3993 Pyrrhus
1484 3926 1577 3978 hat
1600 3926 1710 3991 auf
1721 3926 1811 3977 der
1833 3925 1999 3977 Messe
2024 3924 2260 3976 deutsche
2292 3923 2495 3975 Bu'cker
2512 3921 2741 3989 9.ekauft

505 3995 577 4048 Ob
595 3995 804 4047 Brandt
821 3996 912 4047 der
949 3994 1215 4061 Versa-eser
1237 3995 1324 4046 des
1363 3994 1733 4063 Tiorlcenlorieqs
1766 3995 1881 4047 und
1903 3994 1989 4046 des
2017 3992 2401 4061 Sittenspieqels
2412 3992 2440 4042 13
2490 3990 2558 4043 H.
2579 3990 2743 4043 Eber-

497 4064 626 4117 bach
659 4065 752 4117 hat
785 4064 930 4117 keine
963 4063 1138 4115 Pium
1167 4064 1436 4131 yeselzielct.
1507 4064 1615 4115 Der
1662 4064 1828 4116 Vikar
1861 4080 1961 4115 von
1996 4061 2403 4125 Holeenkirchen,
2441 4059 2579 4112 heim
2614 4059 2745 4112 Abte

1064 4132 1128 4184 in
1168 4133 1358 4197 szstf1
1389 4133 1554 4185 erhc'ilt
1589 4132 1841 4191 vielleicht
1878 4132 2162 4199 Sekonau.)

497 4324 677 4376 wurde
729 4322 1038 4387 beu-,achtet
1094 4322 1214 4373 dass
1269 4320 1359 4373 der
1409 4321 1841 4389 Kirchengesang
1892 4322 1984 4373 des
2038 4320 2109 4375 hl.
2167 4318 2478 4372 Ambrosius
2524 4318 2609 4371 bei
2654 4319 2749 4371 der

495 4392 648 4445 Feier
682 4393 732 4443 in
770 4390 964 4456 vollige
1001 4390 1335 4459 Verwirrung
1371 4391 1553 4457 gei-iet.
1623 4387 2748 4459 Brower,Antiquit.Fuld.Antv.1612

495 4479 546 4531 p.
585 4462 698 4513 332.
845 4459 1013 4527 ¹.Vgl
1051 4460 1101 4512 S.
1139 4460 1240 4512 319
1276 4462 1335 4511 A.
1375 4462 1420 4511 3.
