3084 4895
427 441 552 506 652
1117 444 1222 497 Der
1259 442 1554 513 gedruckte
1591 442 1977 499 Brietwechsel.

438 616 635 683 Erant
679 618 742 680 in
793 618 1070 681 editione
1116 619 1411 695 secunda,
1461 642 1624 701 quae
1669 640 1892 682 nasum
1940 620 2348 683 offenderent..
2439 619 2530 681 Ea
2573 640 2686 701 per

432 727 498 767 se
544 705 720 781 vidit,
770 706 867 767 uti
915 710 1191 777 narrant,
1252 706 1361 786 qui
1407 730 1442 767 a
1488 707 1747 769 secretis
1815 711 1967 767 sunt
2030 706 2288 769 homini.
2380 705 2541 782 Quid
2609 714 2683 768 tu

433 791 556 854 tibi
614 792 830 862 sumis,
892 791 1227 853 bardorum
1292 792 1656 854 levissime?
1745 791 1903 854 Tun⁷
1980 792 2220 856 Erasmi
2289 796 2418 855 tam
2489 792 2683 869 docti,

434 882 563 939 tam
632 878 784 941 clari
845 879 960 940 viri
1022 878 1241 940 doctor
1287 879 1479 941 videri
1530 878 1673 941 vis?
1762 877 1933 941 Nihil
2005 880 2160 959 agiS,
2231 879 2680 941 amentissime.

432 964 695 1039 Dissuit‚
746 964 976 1045 inquis,
1025 963 1385 1029 amicitiam.
1480 965 1710 1034 Licuit,
1765 964 1900 1027 fieri
1946 966 2124 1029 solet.
2223 965 2686 1027 Animadvertit

432 1056 495 1113 te
544 1072 866 1133 nunquam
913 1074 990 1113 ex
1038 1052 1249 1114 animo
1296 1050 1418 1113 sibi
1469 1051 1626 1113 bene
1675 1050 1968 1114 voluisse.
2063 1051 2375 1115 Stolidum
2414 1051 2678 1114 bardum

432 1135 667 1217 rejecit,
731 1136 1066 1200 leviculum
1126 1143 1189 1198 et
1232 1138 1525 1201 insanum
1593 1138 2047 1219 sycophantam
2115 1137 2448 1201 admittere
2502 1158 2683 1199 recu-

434 1225 616 1288 savit.
666 1223 909 1285 cautior
956 1246 1141 1305 quam
1192 1224 1400 1287 velles,
1492 1223 1675 1298 Illud,
1740 1225 1932 1287 barde
1993 1224 2166 1298 leviS,
2229 1223 2682 1299 animadverte,

436 1332 529 1384 ne,
578 1311 722 1372 dum
772 1311 979 1374 saevis
1024 1320 1087 1372 et
1132 1310 1307 1391 clava
1356 1310 1566 1373 caedis
1629 1311 1977 1382 Erasmum,
2041 1311 2283 1373 incidas
2341 1312 2422 1373 ob
2475 1311 2685 1393 impu-

422 1396 684 1481 ¹dentem
751 1397 1169 1460 temeritatem
1234 1398 1299 1459 in
1362 1396 1872 1478 Melampygum.'
1978 1397 2048 1458 In
2111 1418 2236 1478 quo
2297 1398 2508 1461 omine
2570 1397 2684 1479 qui

432 1482 587 1545 mihi
636 1503 759 1543 uon
808 1482 1214 1556 assentiatur,
1265 1484 1576 1545 neminem
1625 1483 1906 1546 futurum
1963 1482 2252 1547 arbitror.
2342 1484 2439 1546 Ita
2495 1504 2681 1552 nemo

432 1573 547 1642 est,
582 1568 690 1650 qui
724 1568 1126 1633 virulentiam
1162 1590 1285 1631 non
1322 1574 1578 1631 accuset,
1607 1576 1803 1647 tuam,
1853 1570 2262 1633 insolentiam
2297 1592 2420 1633 non
2455 1569 2682 1645 oderit,

432 1660 749 1735 stuporem
786 1661 849 1717 et
883 1656 1307 1735 ignorantiam
1343 1678 1466 1718 non
1503 1655 1802 1720 derideat.
1894 1656 2036 1719 Jam
2070 1656 2324 1720 fremuit.
2361 1655 2680 1724 Hercules,

430 1742 687 1806 auditae
732 1747 884 1804 sunt
916 1742 1077 1804 duae
1110 1740 1491 1823 apologiae.²
1583 1742 1749 1805 Vaeh
1787 1742 1926 1816 tibi,
1977 1764 2116 1805 cum
2152 1748 2213 1805 te
2245 1744 2434 1806 tertia
2461 1754 2488 1783 ⁸
2536 1764 2682 1824 pro-

435 1834 703 1891 stratum
770 1830 983 1910 (quam
1050 1835 1382 1910 expectare
1436 1828 1644 1909 jubet.)
1707 1830 1930 1891 misere
1995 1830 2166 1892 velut
2231 1852 2440 1893 ursum
2511 1852 2682 1892 mur-

433 1920 785 1977 murantem
853 1916 1162 1978 conficiet..
1254 1916 1389 1991 Quo
1446 1916 1567 1979 tibi
1613 1914 1816 1989 tuUS,a
1885 1916 2052 1996 quod
2122 1938 2282 1997 opus
2349 1916 2682 1978 venenatis

432 2001 733 2064 conviciis
794 2006 857 2063 et
915 2002 1115 2064 foedis
1190 2002 1533 2064 mendaciis
1610 2004 1842 2083 passim
1910 2004 2250 2083 asperseris
2311 2007 2375 2065 et
2429 2012 2684 2084 propter

431 2088 934 2151 malevolentiam
988 2088 1289 2151 nonnulla
1325 2089 1561 2164 durius,
1596 2089 2028 2166 inhumaniuS,
2061 2112 2248 2171 quam
2284 2089 2414 2151 fieri
2449 2089 2682 2165 decuit,

433 2196 511 2237 ex
545 2173 832 2255 Origene,
868 2172 1338 2255 ChrysostornO,
1383 2176 1744 2256 Augustino
1792 2176 2174 2257 protuleris?
2264 2176 2516 2239 Monere
2549 2176 2682 2238 zelo

430 2260 754 2341 religionis
802 2262 1073 2324 volebas,
1153 2262 1316 2339 Quid
1358 2262 1594 2325 audio?
1671 2262 1792 2325 Sus
1826 2263 2170 2325 Minervam
2205 2263 2426 2326 docere
2458 2262 2681 2337 voluit,

430 2352 492 2411 et
526 2349 674 2434 quia
710 2370 829 2411 non
868 2355 1045 2411 curat
1090 2370 1370 2411 muscam
1420 2347 1635 2431 aquila
1683 2349 1922 2420 volans,
1969 2349 2425 2411 circumrodere
2471 2350 2684 2432 pergis

436 2457 555 2498 ova
602 2435 803 2499 instar
848 2434 1119 2500 fabulosi
1169 2434 1541 2500 scarabaei*
1632 2435 1768 2500 Non
1805 2441 1946 2518 eget
1994 2436 2291 2500 Erasmus
2339 2436 2432 2500 vel
2485 2436 2681 2499 Ateu-

429 2521 543 2585 sis⁵
608 2545 869 2585 censura
929 2523 1023 2586 vel
1091 2523 1347 2585 hortatu
1420 2523 1788 2604 monituque
1861 2524 2036 2586 bardi
2102 2524 2278 2597 leviS,
2348 2524 2683 2586 turbulen-

428 2609 662 2673 tissimi
729 2609 1085 2672 nebuloniS.
1184 2610 1348 2672 Haec
1415 2631 1781 2690 expromere
1846 2610 2034 2673 libuit
2105 2611 2167 2672 in
2241 2611 2680 2672 testimonium

426 2696 712 2778 perditae
758 2696 1079 2768 audaciae,
1127 2719 1223 2774 ne,
1272 2696 1382 2779 qui
1426 2695 1786 2778 theologiae
1841 2697 2103 2760 classem
2165 2697 2358 2760 isthic
2418 2697 2681 2772 ducunt,

432 2783 853 2865 persuadeant
913 2783 1038 2846 sibi
1084 2783 1186 2863 pie
1233 2787 1295 2846 et
1333 2805 1483 2847 vere
1546 2787 1837 2845 taxatum
1897 2783 2248 2846 Erasmum.
2341 2781 2453 2856 Tu,
2504 2786 2684 2865 pater

431 2870 693 2946 erudite,
742 2869 899 2932 satis
936 2870 1335 2952 exploratum
1368 2869 1567 2932 habes
1601 2869 1927 2932 vecordem
1961 2869 2130 2933 hunc
2162 2870 2681 2933 calumniatorem

432 2977 547 3018 nec
594 2956 929 3019 sacerdotii
976 2978 1091 3019 nec
1136 2957 1489 3019 studiorum
1540 2962 1604 3018 et
1649 2957 1973 3020 doctrinae
2007 2979 2121 3019 nec
2151 2955 2395 3019 fructus
2439 2956 2686 3019 studio-

431 3063 641 3105 sorum
672 3043 699 3080 ¹³
756 3042 1055 3106 habuisse
1100 3043 1429 3120 rationem,
1479 3043 1586 3104 sed
1637 3043 1728 3106 ira
1775 3047 1838 3106 et
1883 3043 2027 3106 odio
2091 3043 2569 3106 exstimulatum
2619 3046 2686 3105 et

430 3150 763 3192 accensum
815 3129 1165 3211 cupiditate
1227 3129 1461 3210 gloriae
1530 3128 1751 3211 ulcisci
1811 3129 1909 3192 sui
1975 3135 2428 3212 contemptum,
2499 3130 2686 3210 quasi

432 3237 556 3278 non
606 3217 693 3279 sit
735 3216 996 3297 impium
1048 3225 1111 3278 et
1156 3215 1525 3278 sceleratum
1578 3222 1640 3278 et
1690 3215 1992 3278 nefarium
2043 3216 2330 3296 neglecta
2373 3214 2685 3277 charitate

432 3303 781 3365 christiana
868 3309 1083 3366 tantas
1158 3323 1406 3364 movere
1482 3302 1842 3383 tragoedias
1915 3303 2126 3365 studio
2195 3302 2544 3384 jactantiae
2619 3305 2687 3364 et

432 3410 643 3452 amore
702 3389 1037 3452 vindictae.
1131 3388 1291 3464 Quid
1356 3389 1551 3468 igitur
1610 3387 1866 3452 effecit?
1926 3389 2049 3450 nisi
2095 3393 2167 3450 ut
2215 3389 2413 3450 bonas
2459 3387 2682 3449 volun-

432 3480 601 3538 tates
646 3475 957 3548 infecisse,
1006 3475 1399 3554 depravasse,
1450 3475 1651 3537 bonas
1683 3475 1897 3538 literas
1939 3497 2251 3546 onerasse,
2301 3475 2686 3556 depressisse

432 3562 736 3625 videatur.
828 3561 987 3624 Nam
1036 3561 1394 3624 Erasmicae
1438 3561 1738 3643 dignitati
1785 3565 2037 3624 tantum
2072 3561 2254 3623 abest
2287 3564 2358 3623 ut
2388 3559 2684 3635 obfuerit,

362 3694 370 3702 .
433 3652 507 3711 ut
552 3648 745 3712 altius
792 3654 983 3729 caput
1030 3649 1278 3728 erigant
1321 3647 1631 3728 Erasmici
1676 3647 1851 3711 velut
1908 3647 2092 3710 flores
2139 3647 2216 3708 ad
2265 3647 2684 3709 meridianum

435 3735 627 3797 solem
684 3735 1007 3806 nocturnis
1054 3735 1285 3816 pluviis
1332 3734 1677 3814 degravati.
1768 3733 1921 3809 Quis
1967 3733 2132 3796 enim
2181 3734 2385 3796 nostri
2443 3733 2684 3795 ordinis

435 3821 540 3895 (de
588 3822 855 3884 literatis
901 3821 1147 3901 loquor)
1195 3820 1352 3882 levis
1387 3821 1564 3883 bardi
1614 3820 1974 3900 praestigiis
2023 3821 2396 3883 exoculatus
2428 3819 2686 3882 nonin-

438 3907 689 3988 telligat
756 3905 1368 3986 mathaeologorum⁶
1436 3907 1745 3969 instinctu
1814 3929 1938 3968 rem
2011 3906 2191 3987 geri‘?
2281 3905 2686 3968 Subornatus

440 3998 537 4057 est
580 3994 795 4077 procul
860 3993 1053 4056 dubio
1114 3994 1401 4074 garrulus
1449 3997 1510 4054 et
1559 3993 1794 4054 stultus
1855 3995 1978 4054 iste
2038 3993 2118 4055 ab
2180 3991 2688 4055 Lovaniensibus

573 4161 600 4188 a
628 4145 803 4198 tere-ia.
945 4151 973 4188 b
1001 4145 1292 4197 studiorum
1331 4144 1555 4196 Krause.

578 4219 593 4246 ¹
632 4215 883 4282 Sprichw.
924 4238 989 4253 z
1026 4214 1079 4265 in
1118 4214 1200 4265 die
1237 4214 1419 4265 Hiinde
1457 4214 1601 4265 eines
1637 4213 1875 4264 Starkern
1914 4215 2138 4277 gei-aten.
2212 4211 2327 4280 Vgl.
2357 4212 2406 4264 S.
2429 4211 2530 4263 452
2557 4214 2615 4263 A.
2637 4213 2684 4263 3.

508 4286 526 4315 ‘²
564 4285 736 4337 Colon.
797 4286 927 4336 1520
985 4283 1139 4334 Mam.
1282 4285 1301 4313 ³
1336 4283 1498 4334 Wohl
1552 4283 1834 4350 elliptisch,
1889 4281 2118 4334 nemlich
2172 4297 2358 4333 sensus
2407 4280 2684 4346 (calamus)

436 4354 698 4405 aberravit
751 4352 875 4405 oder
933 4351 1039 4417 dgl.
1183 4352 1201 4382 ⁴
1236 4351 1353 4419 Vgl.
1406 4352 1635 4404 Mutians
1673 4352 1820 4418 eigne
1857 4351 2152 4418 Erzahlung
2189 4351 2280 4402 der
2313 4349 2471 4402 Fabel
2505 4349 2560 4400 in
2601 4349 2685 4400 ΒΓ.

436 4422 554 4474 459.
664 4425 684 4454 5
718 4421 835 4474 Joh.
878 4421 1079 4482 NOXUS,
1106 4419 1332 4472 Kanzler
1367 4421 1459 4472 der
1494 4421 1819 4474 Universitat
1840 4419 2048 4484 Lowen,
2075 4419 2278 4487 Gegner
2303 4420 2394 4471 des
2417 4419 2686 4471 Erasmus

506 4492 527 4521 ὅ
562 4515 631 4531 z
665 4488 1034 4558 ματαιολόγωνς
1070 4489 1369 4541 Schreibart
1405 4506 1587 4558 wcgen
1623 4488 1947 4558 Auspielung
1982 4489 2074 4541 auf
2104 4487 2478 4556 theologorum.
2551 4487 2687 4541 Das-
