3084 4895
1200 434 1413 492 Mutian
1450 453 1519 491 an
1555 431 1755 492 Urban.
2519 431 2601 499 51

368 614 570 677 dicam
620 611 769 676 deos
814 634 951 676 esse
995 611 1239 694 ligneos
1272 616 1335 676 et
1364 612 1606 676 surdos.
1700 609 1824 674 Sed
1856 608 2044 678 absit..
2089 611 2163 672 ut
2193 607 2310 672 sim
2351 607 2600 690 impius,

364 700 474 762 Pie
520 700 703 762 deum
752 721 988 781 precor,
1035 702 1108 762 ut
1140 697 1420 762 fautores
1451 698 1706 778 linguae
1737 697 1970 759 latinae
2003 699 2255 758 tueatur
2287 698 2350 757 et
2381 698 2601 756 servet.

362 784 630 848 Tribuat
674 787 858 848 nobis
905 807 1029 848 non
1080 786 1213 847 auri
1262 784 1541 859 divitias,
1592 804 1750 862 quas
1799 802 1923 845 non
1989 782 2261 862 petimus
2321 781 2601 843 contenti

362 893 426 933 re
471 872 738 945 modica,
785 867 892 934 sed
942 871 1263 934 doctrinae
1310 875 1373 932 et
1420 869 1810 933 eruditionis
1910 867 2172 948 Ignosce
2229 871 2291 929 et
2351 865 2606 929 absolve

362 959 758 1040 properantis
802 956 1027 1019 calami
1074 961 1259 1020 notas
1303 962 1367 1019 et
1424 956 1596 1019 vitia.
1628 965 1654 994 ²

674 1055 794 1111 Cod.
831 1055 966 1109 Frcf.
1004 1057 1086 1109 53.

372 1228 602 1298 (Gotha.)
688 1273 693 1280 ,
1426 1228 1528 1292 48,
2290 1223 2401 1292 (um
2439 1222 2608 1291 1505.)

1098 1354 1387 1424 Mutian
1430 1374 1527 1423 an
1573 1351 1877 1422 Urban.¹

743 1481 913 1547 (Pro-st
947 1481 1109 1534 widm·
1142 1483 1226 1534 die
1263 1482 1674 1548 Anfeindunqen
1705 1481 1872 1534 durch
1904 1480 1990 1532 die
2022 1479 2250 1546 Demut.)

842 1595 923 1645 H.
959 1596 1212 1646 Urbano
1249 1596 1383 1646 viro
1418 1596 1767 1658 praestanti
1802 1595 1889 1644 M.
1926 1593 2145 1644 Rufus.

574 1704 637 1769 S.
733 1704 983 1785 Vellem,
1030 1705 1301 1784 Urbane,
1349 1705 1492 1788 plus
1537 1729 1674 1770 esse
1703 1706 1823 1769 tibi
1855 1705 1989 1782 otii,
2019 1715 2046 1744 ὃ
2091 1704 2245 1766 mihi
2276 1703 2610 1780 librorum3

370 1792 463 1854 ita
506 1797 577 1854 tu
629 1791 855 1854 cultior
914 1791 1115 1870 fiereS,
1177 1815 1291 1874 ego
1350 1792 1592 1856 tersior.
1698 1791 1822 1856 Sed
1883 1813 2008 1854 non
2075 1791 2185 1854 uni
2231 1791 2342 1854 dat
2385 1793 2614 1852 cuncta

376 1879 551 1940 deus.
640 1877 948 1959 Equidem
997 1899 1123 1940 non
1170 1880 1352 1942 aliter
1396 1880 1603 1942 sentio
1649 1899 1838 1960 quam
1884 1878 2242 1940 Bernardus
2287 1882 2456 1952 tuuS,
2504 1875 2613 1955 qui

375 1964 744 2045 patientiam
801 1964 977 2026 miris
1035 1963 1331 2028 laudibus
1390 1965 1578 2028 tollit.
1681 1964 1978 2028 Feramus
2043 1964 2239 2044 igitur
2299 1962 2612 2044 injuriam,

372 2051 621 2122 damna,
684 2050 1103 2113 contumelias
1150 2057 1213 2112 et
1268 2052 1465 2114 simus
1522 2051 1809 2124 humileS,
1872 2071 1996 2114 non
2063 2049 2195 2112 alta
2247 2051 2611 2111 sentientes».

378 2135 609 2216 „Hui!“
648 2136 835 2212 diceS,
893 2135 1231 2216 „Mutiaue,
1276 2139 1463 2200 nimis
1496 2160 1561 2199 es
1594 2137 1868 2209 humilis,
1915 2136 2136 2199 tardus
2169 2141 2362 2217 atque
2404 2135 2612 2196 hebes,

375 2222 700 2285 l'romittit
743 2222 861 2284 tibi
910 2221 1285 2285 Federicus²
1334 2224 1574 2304 ampla:
1649 2245 1772 2286 non
1832 2228 2140 2304 acceptas,
2249 2220 2616 2284 Morionesb

376 2308 674 2371 irrident:
748 2329 870 2371 non
938 2309 1115 2389 pensi
1174 2309 1383 2372 habes,
1490 2310 1743 2372 Amicos
1798 2331 1922 2372 non
1986 2309 2215 2370 habes:
2285 2329 2505 2389 parum
2553 2306 2617 2369 id

379 2415 581 2458 curaS.
696 2393 848 2458 Vide
908 2417 986 2457 ne
1043 2393 1169 2457 ista
1224 2403 1336 2459 tua
1396 2395 1724 2459 humilitas
1785 2395 1902 2459 tibi
1963 2395 2190 2458 damno
2257 2395 2342 2457 sit
2407 2393 2618 2475 potius

379 2503 567 2562 quam
616 2480 846 2543 lucro.“
941 2480 1134 2561 Euge,
1185 2482 1345 2544 bone
1390 2482 1662 2563 Urbane,
1708 2482 1920 2545 omnia
1971 2481 2410 2544 animadversa
2464 2479 2619 2543 mihi

376 2572 547 2629 sunt.
647 2566 994 2647 Despectus
1060 2589 1264 2630 rerum
1322 2573 1905 2631 momentanearum
1964 2588 2088 2630 non
2151 2571 2248 2630 est
2307 2566 2617 2646 vesaniae,

379 2673 504 2714 non
536 2664 559 2691 ⁰
606 2652 977 2730 dementiae,
1027 2675 1151 2716 non
1200 2655 1568 2735 imperitiae.
1601 2654 1630 2691 ‘¹
1718 2654 1879 2730 Quid
1939 2656 2038 2716 tot
2081 2652 2285 2715 sancti
2347 2652 2618 2727 ordineS,

379 2739 530 2819 quid
600 2744 711 2800 tua
777 2737 1071 2817 haeresis,
1134 2738 1197 2801 in
1267 2761 1393 2820 qua
1449 2741 1792 2803 canonicus
1847 2740 2023 2817 vivis,
2107 2739 2254 2821 quid
2324 2739 2620 2802 instituta

379 2824 897 2907 philosophorum
968 2826 1223 2888 meliora
1290 2826 1463 2889 aliud
1526 2826 1944 2909 praecipiunt,
2031 2846 2216 2906 quam
2287 2834 2359 2887 ut
2425 2826 2620 2888 simus

383 2912 599 2993 paucis
646 2910 928 2972 contenti
977 2915 1041 2973 et
1084 2911 1450 2975 mansueti?
1539 2912 1780 2975 Omitto
1825 2912 2016 2974 citare
2048 2916 2262 2973 testes
2355 2910 2618 2973 Paulum

381 2998 570 3072 nosti,
619 2996 777 3076 legis
842 3018 1036 3070 sacra,
1066 3007 1090 3035 Θ
1150 2998 1451 3079 intelligis
1514 3020 1698 3061 casus
1743 2998 2071 3059 humanos,
2162 2996 2392 3059 Dicant
2426 2996 2448 3034 f
2489 3019 2620 3058 ma-

380 3084 538 3163 ligni
585 3082 941 3145 Mutianum
988 3105 1114 3147 non
1161 3106 1295 3146 esse
1350 3085 1736 3166 theologum,
1801 3105 1926 3147 non
1980 3084 2433 3165 jurisperitum,
2496 3103 2620 3145 non

382 3170 721 3231 admodum
770 3168 1110 3231 literatum.
1220 3170 1441 3233 Fateor
1488 3180 1551 3233 et
1595 3170 1941 3232 humilibus
1999 3171 2184 3232 homo
2241 3170 2624 3231 christianus

382 3256 733 3337 acquiesco.
827 3254 896 3317 Id
941 3260 1152 3317 tamen
1188 3256 1337 3332 scio,
1387 3278 1499 3319 nos
1546 3258 1609 3318 in
1642 3257 1812 3319 omni
1855 3257 2177 3318 doctrinae
2222 3276 2468 3335 genere,
2517 3276 2624 3317 ne-

383 3342 530 3403 dum
580 3344 641 3403 in
691 3342 885 3403 sacris
931 3342 1129 3404 literis
1175 3347 1237 3404 et
1277 3343 1415 3423 jure
1460 3348 1708 3406 tantum
1756 3342 2115 3424 profecisse,
2184 3346 2493 3421 quantum
2543 3340 2621 3401 ab

383 3427 638 3489 homine
686 3427 987 3489 barbarae
1033 3426 1353 3490 nationis3
1416 3428 1549 3491 fieri
1611 3434 1838 3510 potest.
1946 3427 2086 3490 Non
2133 3435 2196 3490 te
2242 3432 2512 3503 moveat,
2571 3428 2622 3487 si

382 3514 565 3575 audis
612 3512 1133 3576 calumniantium
1180 3515 1694 3577 obtrectationes.
1786 3512 2023 3595 Majora
2067 3513 2223 3575 mori
2259 3514 2623 3588 moliuntur,

388 3598 569 3661 crede
618 3599 791 3660 milii.
884 3598 1005 3661 Sed
1053 3621 1127 3662 eo
1175 3622 1273 3663 me
1317 3601 1538 3663 robore
1585 3600 1777 3663 animi
1824 3600 1976 3662 deus
2035 3600 2290 3680 saepsit,
2352 3607 2424 3660 ut
2468 3598 2625 3660 stul-

384 3691 613 3762 torum,
662 3685 1034 3759 invidorum,
1084 3686 1491 3767 superborum
1541 3686 1726 3749 sibila
1775 3706 1900 3748 non
1947 3688 2370 3748 extimescam.
2463 3684 2627 3746 Male

385 3772 579 3852 igitur
644 3772 864 3833 dicunt
918 3769 1041 3833 illi:
1117 3772 1496 3854 „Humilitas
1542 3778 1639 3835 est
1691 3772 2073 3835 conditionis
2130 3771 2397 3834 vilitaS.“
2494 3770 2624 3831 Imo

386 3858 714 3919 humilitas
761 3856 1108 3920 christiana
1154 3864 1249 3920 est
1280 3880 1427 3921 vera
1458 3858 1764 3922 fortitudo
1798 3862 1861 3920 et
1893 3858 2400 3938 magnanimitas,
2455 3856 2622 3919 Vale.

390 3944 661 4024 Raptim.

697 4024 818 4078 Cod.
856 4024 986 4078 Frcf.
1025 4026 1104 4081 38.

526 4210 552 4237 a
580 4196 629 4248 ci
662 4201 724 4247 st.
761 4195 815 4249 ti.
889 4201 916 4237 b
944 4201 995 4247 te
1030 4201 1157 4248 setxt
1202 4196 1402 4249 Camer.
1437 4195 1622 4250 hiuma.
1695 4210 1719 4237 0
1749 4213 1848 4249 non
1881 4198 2006 4265 feld!
2029 4198 2120 4249 hei
2142 4198 2287 4251 Tem.
2359 4201 2388 4239 d
2417 4200 2626 4250 demen-

389 4264 479 4328 tia,
516 4281 615 4316 non
654 4265 917 4332 imperitia
962 4266 1161 4318 Camer.
1234 4279 1257 4306 Θ
1287 4281 1463 4317 sacrae
1506 4266 1650 4319 Teum.
1725 4270 1745 4307 f
1773 4268 1952 4319 dicunt
1996 4267 2195 4319 Gamer.
2360 4260 2406 4269 ”

534 4337 545 4364 ¹
588 4334 734 4386 Auch
775 4336 825 4385 in
866 4335 1146 4386 Camerarii
1184 4334 1365 4388 Libell.
1406 4352 1520 4387 nov,
1549 4350 1662 4401 epp.
1700 4335 1730 4387 J
1766 4335 1800 4386 8
1836 4353 1880 4387 a.
2023 4339 2042 4368 ²
2079 4336 2323 4388 Kurfiirst
2347 4337 2627 4388 Friedrich.

394 4394 536 4454 Uber
585 4405 668 4454 die
722 4403 1083 4471 Unterredung
1117 4405 1214 4455 mit
1250 4405 1360 4455 ihm
1398 4404 1499 4470 vgl.
1538 4403 1587 4455 S.
1627 4404 1692 4456 20
1728 4407 1790 4457 A.
1828 4407 1873 4457 3.
2051 4406 2069 4437 ³
2103 4405 2164 4456 In
2211 4406 2488 4472 Vergleich
2537 4407 2630 4455 mit

392 4472 492 4523 den
528 4472 824 4524 ltalienern.
2282 4524 2284 4527 ,

2121 4546 2164 4607 4
2191 4544 2222 4577 εκ
