3084 4895
426 418 510 486 34
1189 418 1362 475 Briefe
1398 435 1501 474 von
1541 413 1899 477 1505-1508.

424 598 514 670 ut,
564 616 755 675 quum
810 600 953 675 post
998 593 1228 657 abbam
1287 593 1527 677 primus
1575 595 1662 657 sis
1706 594 1945 658 ordinis
1989 591 2106 668 tui.
2169 609 2410 658 morum
2472 601 2684 660 tamen

424 679 792 743 urbanitate
826 687 889 744 et
922 682 1222 743 comitate
1255 682 1438 761 quasi
1475 681 1730 743 infimus
1763 681 2022 744 fratrum
2060 703 2194 744 esse
2228 682 2517 746 videaris.
2585 683 2687 745 Li-

426 770 704 830 teratura
731 788 877 830 vero
907 772 971 830 et
998 767 1287 830 bonitate
1314 774 1555 848 quanta
1579 768 1684 842 sis,
1713 767 1991 830 declarat
2016 767 2418 830 familiaritas
2446 773 2683 832 nostra.

423 852 621 916 Nemo
654 855 824 915 enim
874 853 1162 916 Mutiano
1210 855 1452 915 amicus
1498 875 1777 935 unquam
1815 853 1937 916 fuit
1968 859 2078 916 aut
2112 861 2209 916 est
2241 860 2354 916 aut
2386 857 2524 931 erit,
2561 857 2683 918 nisi

426 939 535 1018 qui
570 944 776 1002 rectus
808 943 872 1001 et
904 941 1150 1020 integer
1182 945 1245 1002 et
1278 940 1560 1021 apprime
1594 941 1834 1003 doctus,
1926 939 2084 1002 Nam
2139 947 2207 1002 ut
2253 941 2446 1003 libere
2491 942 2684 1022 loqui,

424 1025 619 1088 libere
666 1027 891 1101 vivere,
944 1027 1269 1107 ingenium
1325 1031 1613 1107 apertum
1677 1026 1910 1089 habere
1970 1047 2213 1107 semper
2276 1049 2479 1090 meum
2544 1029 2684 1102 fuit,

424 1112 515 1174 ita
563 1113 774 1175 nullus
819 1133 1101 1194 unquam
1150 1112 1309 1174 favit
1356 1112 1531 1189 mihi,
1580 1113 1702 1175 nisi
1735 1114 1834 1175 cui
1871 1132 2110 1175 morum
2147 1113 2254 1175 illa
2285 1114 2683 1194 simplicitaS‚

424 1198 599 1274 fides,
634 1202 1001 1262 constantia
1029 1210 1056 1238 ⁸
1106 1199 1471 1280 placuisset3
1507 1203 1581 1261 ut
1614 1221 1826 1261 verum
1861 1203 1924 1260 et
1958 1205 2165 1261 ratum
2200 1200 2284 1261 sit
2316 1198 2520 1263 bonos
2547 1222 2684 1262 esse

424 1285 659 1347 amicos
692 1306 883 1361 meos‚
916 1285 1208 1347 inimicos
1240 1304 1387 1347 vero
1423 1305 1547 1348 non
1583 1285 1800 1348 bonos,
1879 1283 2018 1348 Non
2071 1286 2248 1364 potui
2279 1285 2357 1346 de
2388 1291 2452 1348 te
2486 1287 2680 1366 loqui,

422 1371 546 1434 nisi
592 1374 657 1434 et
701 1370 887 1433 simul
934 1371 1011 1432 de
1059 1392 1157 1432 me
1218 1371 1505 1434 dicerem.
1598 1371 1694 1434 Ita
1757 1370 2164 1434 cohaeremus
2235 1377 2456 1434 mutua
2525 1395 2680 1434 con-

424 1457 735 1533 sensione,
784 1478 972 1537 quam
1022 1477 1137 1537 ego
1183 1456 1392 1519 fovere
1454 1457 1639 1520 donis
1703 1459 1906 1538 cupio.
1998 1455 2123 1520 Sed
2171 1457 2349 1520 deest
2408 1457 2682 1521 facultas

424 1543 760 1606 voluntati.
867 1541 1138 1605 Tantum
1202 1542 1324 1605 tibi
1390 1544 1906 1606 constantissime
1975 1545 2355 1623 persuadeas
2421 1566 2556 1606 esse
2616 1551 2682 1607 te

425 1629 578 1692 mihi
642 1629 829 1709 longe
896 1629 1217 1704 cariorem,
1281 1651 1471 1709 quam
1537 1635 1651 1692 aut
1709 1629 1918 1692 verbis
1986 1629 2197 1711 eloqui
2264 1629 2500 1693 soleam
2569 1637 2681 1694 aut

424 1715 636 1796 eloqui
682 1716 888 1778 velim.
978 1713 1151 1780 Nihil
1198 1716 1365 1778 enim
1414 1737 1451 1778 a
1496 1737 1596 1779 me
1644 1717 1845 1797 magis
1906 1715 2180 1778 alienum
2255 1717 2677 1797 suaviloqui0‚

422 1801 581 1865 nihil
626 1801 782 1864 mihi
833 1801 1179 1883 jucundius
1232 1822 1379 1865 vera
1441 1802 1858 1875 humanitate.
1932 1823 2093 1884 quae
2163 1801 2417 1865 fratrem
2486 1803 2681 1866 habet

424 1909 589 1965 eum,
636 1907 822 1969 quem
870 1888 1055 1951 amici
1104 1889 1358 1951 nomine
1406 1889 1723 1968 dignatur.
1817 1888 2000 1968 Erg0‚
2039 1889 2123 1951 mi
2159 1887 2369 1957 frater.
2407 1909 2527 1969 ago
2560 1889 2680 1952 tibi

426 1975 666 2054 gratias
712 1979 775 2037 et
820 1979 1112 2037 truncum
1180 1974 1432 2037 munus¹
1496 1980 1678 2038 tuum
1727 1974 1823 2037 vel
1869 1975 2009 2037 ideo
2074 1975 2342 2037 libenter
2410 1975 2678 2049 habebo,

424 2060 593 2140 quod
654 2059 893 2124 Urbani
956 2060 1105 2140 fuit3
1169 2061 1320 2141 quid
1378 2059 1501 2123 fuit
1560 2060 1866 2142 inquam?
1923 2060 2050 2122 imo
2099 2061 2265 2141 quod
2314 2065 2426 2124 est.
2517 2061 2679 2137 Quid

423 2148 589 2209 enim
638 2145 739 2210 hic
784 2151 880 2209 est
925 2146 989 2209 in
1038 2167 1177 2210 mea
1222 2146 1428 2223 dorn0‚
1490 2148 1660 2227 quod
1709 2168 1834 2209 non
1883 2146 2046 2208 idem
2097 2149 2182 2210 sit
2227 2152 2404 2210 tuum
2427 2147 2460 2207 ⁶?
2549 2147 2678 2209 Bu-

419 2233 543 2314 tyri
590 2254 734 2296 vero
780 2234 1138 2315 procuratio
1184 2254 1309 2297 non
1361 2235 1482 2296 erit
1529 2232 1712 2296 nobis
1760 2253 1952 2315 parvo
1997 2235 2161 2296 usui.
2258 2233 2477 2296 Potest
2521 2233 2675 2308 fieri,

422 2326 495 2382 ut
538 2319 659 2382 tibi
707 2319 974 2383 molesta
1036 2318 1243 2395 fuerit,
1289 2319 1352 2381 id
1400 2320 1571 2400 quod
1616 2341 1696 2383 ex
1741 2319 2180 2383 taciturnitate
2226 2325 2338 2382 tua
2385 2320 2673 2400 conjiciO.

424 2405 711 2489 Epistola
768 2406 933 2470 enim
996 2406 1213 2470 deesse
1268 2425 1393 2469 non
1444 2405 1683 2470 debuit.
1775 2405 1844 2469 Id
1891 2405 1945 2470 si
1989 2407 2082 2469 ita
2126 2410 2242 2484 est,
2290 2426 2440 2488 rogo
2490 2411 2551 2469 te
2607 2411 2679 2470 ut

421 2494 733 2573 ignoscas.
829 2496 1018 2556 Amor
1065 2497 1127 2556 et
1170 2492 1403 2555 fiducia
1449 2492 1754 2570 fecerunt,
1801 2496 1873 2555 ut
1917 2497 2173 2556 tantum
2219 2515 2380 2556 onus
2426 2494 2547 2556 tibi
2579 2494 2676 2556 in-

415 2579 761 2661 jungerem.
852 2578 939 2642 Mi
973 2578 1243 2654 Urbane,
1278 2579 1330 2641 si
1364 2579 1574 2651 scireS,
1619 2584 1929 2659 quantum
1965 2580 2118 2642 mihi
2154 2580 2229 2642 de
2261 2585 2324 2642 te
2355 2580 2673 2663 pollicear,

425 2666 562 2729 sine
628 2672 839 2729 tamen
910 2665 1287 2729 detrimento
1357 2670 1467 2728 tuo
1533 2666 1952 2746 coenobiique
2010 2667 2127 2742 tui,
2189 2665 2352 2728 forte
2401 2665 2670 2729 diceres:

429 2750 518 2834 „O
582 2774 770 2835 quam
837 2751 1038 2814 bonus
1095 2752 1199 2814 ille
1260 2752 1352 2813 vir
1412 2752 1580 2814 estl“
1685 2752 1837 2815 Vere
1907 2772 2031 2814 non
2087 2774 2319 2834 quaero
2387 2753 2448 2813 id
2507 2752 2673 2834 quod

424 2838 627 2916 multi,
673 2838 793 2901 hoc
840 2842 935 2901 est
979 2838 1249 2901 honores
1282 2844 1346 2900 et
1376 2839 1747 2902 sacerdotia.
1826 2838 2003 2901 Vitae
2053 2839 2401 2901 necessaria
2445 2838 2676 2901 habere

422 2931 521 2988 sat
567 2931 683 3003 est,
728 2945 842 3007 pro
889 2944 1014 3006 quo
1059 2929 1172 2988 tuo
1218 2923 1432 2987 labore
1464 2926 1678 2988 nescio
1712 2924 1868 3005 quid
1901 2925 2020 2987 tibi
2051 2925 2415 2987 retribuam.
2493 2924 2673 2987 Man-

425 3011 589 3074 dabo
636 3009 988 3093 SpalatinO,
1037 3014 1109 3074 ut
1154 3009 1275 3073 tibi
1322 3016 1539 3092 pareat
1598 3011 1792 3074 veluti
1849 3016 2116 3092 patrono
2174 3012 2385 3074 cliens.
2479 3013 2530 3073 A
2575 3033 2674 3073 me

425 3119 567 3160 vero
615 3099 668 3160 si
714 3097 865 3179 quid
928 3097 1337 3179 exspectas‚b
1399 3096 1591 3160 facito
1650 3102 1722 3160 ut
1767 3098 1978 3160 sciam.
2071 3097 2312 3160 Parebo
2367 3096 2488 3160 tibi
2547 3118 2670 3159 nou

424 3185 662 3247 minore
718 3205 867 3246 cura
923 3205 1111 3264 quam
1180 3182 1550 3265 Spalatinus
1614 3188 1849 3262 noster,
1896 3184 2006 3264 qui
2051 3186 2142 3247 sic
2186 3183 2404 3266 implet
2449 3184 2672 3246 trium-

425 3271 693 3333 vitatum
754 3270 1128 3332 amicitiae¹²
1189 3274 1460 3346 nostrae,
1506 3275 1580 3333 ut
1627 3291 1832 3350 neque
1896 3270 2114 3333 melior
2182 3292 2384 3349 neque
2429 3270 2673 3333 doctior

419 3357 669 3437 juvenis
718 3355 901 3419 facile
959 3356 1335 3433 offendatur,
1398 3358 1700 3419 etiamsic
1757 3377 2041 3437 quaeras.
2136 3354 2449 3419 Verbosus
2514 3377 2672 3419 sum.

422 3442 519 3507 Ita
566 3444 759 3506 decet.
856 3442 1099 3505 Amoris
1146 3446 1260 3505 est.
1352 3442 1434 3505 At
1482 3466 1559 3505 ne
1607 3442 1794 3524 hujus
1839 3444 2000 3505 sacri
2045 3440 2376 3523 temporis²
2410 3444 2668 3505 omnino

423 3529 636 3592 videar
696 3529 952 3606 oblitus,
1014 3550 1170 3591 cano
1233 3532 1509 3610 receptui
1557 3534 1621 3591 et
1667 3550 1966 3611 praeparo
2030 3552 2126 3591 me
2172 3532 2380 3611 ipsum
2425 3528 2505 3592 ad
2554 3529 2669 3591 im-

421 3616 827 3679 molationem
896 3616 1062 3696 agni.
1156 3614 1207 3677 O
1254 3636 1457 3695 agnus
1514 3615 1632 3691 dei,
1689 3616 1796 3696 qui
1843 3616 2017 3678 tollis
2089 3626 2345 3696 peccata
2415 3615 2670 3677 mundi!

424 3702 599 3765 tollis
644 3702 905 3782 inquam
953 3708 1214 3782 peccata
1259 3723 1493 3776 eorum,
1542 3702 1649 3783 qui
1697 3710 1759 3764 te
1805 3709 2095 3764 noscunt.
2185 3702 2342 3764 Mori
2384 3708 2449 3765 te
2493 3702 2675 3781 igno-

558 3850 585 3879 a
614 3837 663 3889 ci
695 3841 757 3889 st.
795 3836 850 3890 ti.
992 3840 1019 3876 b
1047 3838 1307 3903 expectas,
1449 3850 1473 3877 c
1503 3836 1662 3888 otiam
1699 3836 1758 3889 si.

422 3906 577 3968 Ehre,
612 3904 935 3958 namentlich
972 3905 1108 3957 nach
1145 3906 1237 3957 der
1273 3905 1440 3956 Gunst
1465 3906 1560 3957 des
1586 3904 1746 3957 Hofes
1770 3904 2126 3970 trachtenden,
2154 3904 2288 3956 doch
2314 3902 2461 3954 nicht
2484 3902 2675 3954 immel-

422 3976 515 4029 auf
546 3976 666 4028 dem
702 3974 869 4043 Wege
904 3976 1000 4026 des
1036 3973 1233 4041 Rechts
1267 3974 1374 4025 und
1411 3977 1564 4042 guter
1611 3973 1741 4027 Sitte
1789 3973 2130 4026 wandelnden
2183 3973 2374 4025 Manne
2408 3972 2491 4024 die
2527 3972 2670 4024 Rede

423 4045 507 4097 ist.
580 4045 731 4097 Nach
786 4044 1047 4097 manchon
1100 4045 1471 4111 Ausserungcn
1508 4043 1718 4095 scheint
1752 4059 1809 4095 er
1843 4043 1896 4094 in
1933 4042 2103 4094 Gotha
2150 4042 2441 4095 anwesend.
2513 4040 2671 4093 Reiu-

423 4114 751 4166 hardsbrunn
790 4114 967 4166 besass
1002 4112 1056 4164 in
1098 4112 1268 4164 Gotha
1302 4113 1679 4164 verschiedene
1717 4128 1889 4180 sogen.
1927 4110 2076 4174 Horo,
2115 4112 2205 4163 auf
2237 4112 2402 4164 denen
2440 4110 2555 4163 sich
2581 4112 2674 4162 der

423 4182 849 4235 Hausverwalter
884 4183 1015 4234 oster
1051 4180 1383 4249 aufgehalteu
1420 4182 1588 4233 haben
1627 4181 1772 4233 wird.
1845 4181 2127 4247 Thuringia
2165 4196 2311 4233 sacra
2347 4196 2393 4246 p.
2435 4181 2548 4231 215.

498 4254 509 4281 ³
556 4250 710 4303 Wohl
749 4253 829 4302 ein
871 4251 1051 4302 fiesties
1089 4252 1171 4301 fiir
1207 4250 1289 4301 die
1328 4250 1526 4308 Bauer,
1567 4251 1648 4301 die
1686 4250 1856 4316 gleich
1895 4251 2128 4301 erwiilint
2163 4250 2307 4313 wird,
2345 4264 2439 4301 aus
2469 4248 2674 4300 Urbane

424 4319 846 4384 Hausinventar3
884 4326 1129 4372 truncum
1166 4319 1381 4370 henkel—
1419 4322 1526 4371 und
1563 4320 1753 4371 fusslos
1792 4320 1915 4371 oder
1950 4318 2084 4369 ohne
2123 4318 2493 4386 Begleitbrief‘?
2561 4316 2668 4383 Vgl.

424 4391 517 4441 das
554 4388 694 4458 Folg.
768 4391 939 4441 Wenn
978 4390 1070 4441 das
1108 4388 1308 4455 »butyri
1348 4390 1661 4453 vasculum«,
1702 4390 1794 4439 das
1831 4388 2006 4439 Urban
2046 4388 2098 4438 in
2139 4387 2221 4440 ΒΓ.
2261 4390 2325 4439 33
2363 4386 2669 4454 verspricht,

420 4459 652 4527 gemeiut
689 4459 776 4527 ist,
815 4461 952 4511 daun
990 4462 1191 4510 miisste
1212 4457 1392 4525 obiger
1410 4457 1494 4511 ΒΓ.
1518 4463 1624 4510 erst
1644 4458 1818 4509 hinter
1837 4458 1902 4509 33
1922 4456 2105 4524 folgen.
2196 4462 2215 4489 ²
2251 4455 2669 4510 Dei-Osterzeit‘?
