3084 4895
509 381 636 448 422
1345 379 1521 432 Briefc
1559 375 1654 430 des
1686 375 1737 430 J.
1780 377 1925 431 1514.

519 555 1044 706 nontculpamus
1107 553 1320 618 favore
1381 552 1691 636 judicium
1760 554 2031 634 tegente.
2121 547 2289 612 Vale.
2380 546 2544 611 Ante
2610 547 2767 611 solis

517 664 668 706 exor
702 664 828 706 um.

823 742 946 797 eod.
983 741 1114 795 Frcf.
1159 742 1274 796 164.

521 913 758 983 (Gotha.)
1574 897 1717 960 351.
2180 913 2298 975 (vor
2332 907 2416 960 24.
2450 907 2559 962 Mai
2594 908 2773 976 1514.)

1269 1021 1557 1096 Mutian
1604 1042 1701 1095 an
1743 1021 2021 1093 Urban.

524 1157 549 1220 (
557 1154 740 1208 Urbem
771 1154 864 1206 hat
897 1153 983 1206 die
1025 1154 1390 1207 Comwcntare
1423 1169 1556 1204 xum
1588 1151 1840 1220 Baptista
1852 1149 2077 1218 yekauft.
2148 1148 2249 1200 Die
2273 1149 2473 1216 Geyner
2491 1146 2775 1214 Spoletinus

521 1223 752 1290 Reyulus
803 1223 918 1276 und
969 1221 1251 1276 Antonius.
1324 1221 1439 1274 Das
1495 1220 1709 1274 {laeam
1758 1221 1847 1273 des
1900 1218 2169 1287 Syram
2203 1217 2455 1272 Bobexan
2497 1217 2611 1270 und
2654 1214 2777 1268 sein

1295 1289 1665 1344 vermutlicher
1698 1290 1990 1357 Ausyomq.)

1131 1423 1136 1427 ·
1252 1404 1508 1457 Urbano
1545 1416 1656 1454 suo
1692 1405 1780 1455 M.
1815 1402 2035 1458 Rufus.

727 1515 790 1580 S.
882 1516 1183 1580 Exsultat
1227 1517 1478 1582 animus
1530 1521 1644 1581 tua
1687 1517 1749 1580 in
1801 1517 2037 1582 amicos
2103 1515 2315 1580 officia
2382 1534 2773 1597 percurrens.

518 1601 678 1665 Mihi
745 1603 1232 1666 commentarios
1277 1603 1343 1666 in
1389 1603 1768 1685 Baptistam,
1831 1603 1940 1684 qui
2003 1603 2214 1666 nescio
2261 1625 2341 1666 an
2391 1601 2535 1677 sibi,
2604 1602 2778 1663 certe

526 1689 732 1752 doctis
775 1689 1026 1753 videtur
1072 1692 1398 1772 poetarum
1447 1691 1759 1773 princepe,
1808 1691 1889 1754 ab
1933 1689 2093 1752 Italo
2127 1689 2425 1752 collectos
2460 1691 2523 1750 et
2552 1707 2776 1749 recens

522 1773 750 1838 editos¹
800 1775 1064 1839 indicaS.
1158 1773 1434 1857 Petrejo²
1481 1781 1547 1840 et
1591 1775 1944 1858 Spalatino,
1990 1797 2169 1839 rarae
2201 1775 2349 1838 fidei
2394 1777 2459 1836 et
2504 1772 2779 1835 admira-

523 1861 670 1925 bilis
757 1862 1106 1926 industriae
1187 1861 1565 1944 juvenibuS,
1654 1883 1781 1926 uno
1855 1862 1955 1926 die
2031 1861 2295 1926 diversis
2381 1858 2778 1940 argumentis

523 1946 824 2030 epistolas
894 1949 1296 2026 transmittis,
1365 1953 1430 2011 et
1495 1948 1693 2012 nihilo
1763 1951 1987 2025 seciuS,
2063 1969 2225 2029 quae
2295 1951 2547 2010 tuarum
2624 1947 2780 2009 sunit

529 2033 824 2116 partium,
873 2034 1042 2098 domi
1085 2035 1365 2116 forisque
1409 2036 1747 2118 sapienter,
1794 2041 1866 2099 ut
1911 2035 2075 2098 soles
2120 2034 2354 2110 omnia,
2388 2029 2776 2112 exsequeris,

526 2123 716 2183 natus
777 2121 1088 2196 videlicet,
1135 2122 1214 2185 ad
1261 2122 1492 2185 omnia.
1585 2119 1763 2198 Quod
1819 2126 2032 2186 autem
2092 2121 2373 2184 haesitas
2416 2119 2484 2182 in
2529 2116 2779 2197 Regulo

527 2209 592 2270 et
637 2206 969 2280 Antoni0,³
1013 2209 1172 2271 scire
1213 2210 1281 2271 te
1323 2208 1636 2286 volumuS,
1684 2229 1791 2290 per
1834 2209 2144 2289 Regulum
2192 2205 2467 2287 intelligi
2512 2209 2615 2265 ben
2648 2207 2781 2281 lma

527 2311 632 2354 unu
666 2294 984 2376 wilhefels,
1018 2294 1561 2375 Luneburgiorum
1596 2296 1957 2377 primarium
1995 2292 2536 2369 contubernalem,
2570 2291 2779 2354 virum

531 2378 888 2442 modestum
933 2385 999 2443 et
1042 2381 1422 2444 auctorit-ate
1469 2381 1803 2464 insignem,
1852 2382 2040 2445 etiam
2088 2381 2294 2460 gratia
2325 2377 2494 2462 apud
2527 2379 2782 2440 nost-ros

529 2464 932 2531 Maecenates
976 2468 1142 2531 inter
1185 2468 1424 2531 aulicos
1472 2469 1634 2532 bene
1677 2470 2021 2532 florentem.
2097 2467 2289 2533 Nosti
2316 2486 2520 2530 mores
2556 2462 2784 2545 Spala-

530 2552 670 2615 tini.
763 2552 1020 2634 Siquis
1070 2574 1195 2617 uno
1244 2555 1509 2618 dicterio
1551 2555 1763 2618 laedat
1824 2554 1958 2639 ejus
2023 2554 2254 2632 studia,
2322 2553 2495 2616 hunc
2559 2550 2780 2617 statim

527 2639 735 2720 ipsum
805 2640 1194 2720 gravissimis
1267 2641 1473 2704 verbis
1539 2645 1799 2705 accusat
1858 2646 1921 2705 et
1984 2662 2163 2704 suam
2231 2640 2416 2721 quasi
2481 2636 2781 2719 injuriam

531 2724 837 2805 deplorat.
926 2726 1067 2790 Non
1101 2727 1284 2791 obest
1313 2727 1597 2810 Regulus
1628 2726 1980 2810 Spalatino.
2061 2727 2149 2790 De
2189 2725 2485 2799 Antonio,
2516 2734 2547 2764 ⁸
2590 2743 2781 2804 quem

533 2833 676 2874 vere
721 2812 1082 2895 conjectura
1127 2813 1590 2893 deprehendis-,⁴
1637 2815 1815 2897 pejus
1860 2814 2084 2877 sentio,
2176 2811 2301 2877 Sed
2369 2810 2521 2894 quid
2569 2810 2785 2892 potest

532 2897 720 2962 homo
767 2920 882 2962 sua
927 2899 1316 2964 conscientia
1358 2900 1839 2983 perditissimae,
1898 2901 2049 2982 quia
2108 2898 2481 2963 nocentium
2533 2898 2783 2960 mentes

535 2984 786 3048 occulto
831 3008 1075 3069 semper
1131 2986 1442 3069 supplicio
1498 2988 1880 3064 cruciantur,
1927 2987 2001 3049 de
2048 2984 2383 3067 Spalatino
2450 2978 2785 3063 cogitare?

530 3070 628 3133 Ita
693 3076 849 3153 puto
915 3095 1068 3136 suus
1132 3078 1330 3136 terror
1390 3094 1571 3137 suum
1638 3072 1842 3137 scelus
1886 3077 2095 3150 vexat,
2141 3077 2213 3136 ut
2257 3068 2439 3135 facile
2506 3069 2779 3133 aliorum

535 3156 840 3221 bonorum
911 3159 1339 3222 obliviscatur.
1431 3158 1671 3223 Scribis
1726 3159 1803 3222 de
1868 3156 2229 3223 Bobezano⁵
2278 3180 2368 3235 ea,
2416 3178 2580 3238 quae
2624 3151 2784 3217 mihi

535 3242 730 3307 videri
793 3245 1002 3309 solent
1046 3266 1189 3309 vero
1237 3245 1575 3309 simillima.
1667 3246 1809 3309 Non
1856 3250 1953 3309 est
1994 3246 2179 3321 ratic,
2248 3264 2373 3307 non
2444 3240 2779 3305 consilium

533 3330 596 3393 in
670 3330 960 3413 imperita
1034 3354 1236 3395 rerum
1312 3331 1659 3413 plebecula.
1770 3331 1950 3395 Unde
2028 3331 2210 3395 Plato
2285 3328 2537 3393 dicebat
2606 3324 2780 3390 nullo

535 3416 722 3479 modo
777 3417 1020 3499 justum
1081 3418 1410 3498 imperium
1470 3418 1569 3480 vel
1626 3418 1944 3481 civitatem
2017 3416 2475 3500 appellandam,
2542 3414 2605 3477 in
2654 3433 2782 3496 qua

536 3503 856 3584 popularis
931 3503 1306 3585 improbitas
1383 3526 1630 3567 summa
1704 3524 1989 3585 quaeque
2064 3502 2445 3584 reipublicae
2519 3519 2781 3563 munera

540 3593 814 3652 tractare
884 3593 1263 3671 praesumat.
1352 3590 1575 3670 Itaque
1621 3591 1675 3652 si
1719 3590 1881 3652 hanc
1952 3589 2197 3652 beluam
2274 3586 2612 3650 multorum
2675 3604 2781 3647 ca·

539 3672 771 3754 pitum⁶
836 3674 1235 3738 Herebordus
1297 3676 1603 3757 sequitur,
1668 3676 1942 3759 profecto
1998 3675 2075 3737 ad
2138 3674 2381 3737 ruinam
2432 3676 2497 3735 et
2542 3670 2781 3735 cladem

672 3958 699 3984 ὓ
735 3943 912 3995 Glosse
948 3960 1040 3994 am
1075 3942 1290 3994 Randc:
1327 3942 1550 4010 Hennig.

678 4014 695 4043 ¹
729 4011 878 4079 Bapt.
934 4010 1207 4063 Mantuani
1263 4027 1377 4079 opp.
1427 4015 1561 4079 poet.
1613 4026 1733 4063 cum
1772 4014 2047 4064 comment.
2102 4008 2415 4074 Mul-rhoniS,
2470 4008 2673 4061 Brantii
2727 4010 2781 4060 et

538 4080 793 4133 Ascensii.
866 4081 984 4133 Par.
1024 4082 1170 4134 1513.
1313 4083 1331 4112 ²
1378 4080 1440 4133 In
1476 4079 1678 4132 Italien.
1750 4080 1867 4147 Vgl.
1922 4080 2007 4133 Br.
2046 4079 2159 4131 348.
2302 4079 2323 4110 ⁸
2356 4077 2592 4145 Spalatin
2633 4078 2775 4130 hatte

538 4150 653 4202 sich
688 4149 744 4202 in
779 4149 976 4202 seinem
1021 4148 1196 4201 Briefe
1240 4149 1370 4201 iiber
1405 4149 1548 4202 diese
1592 4148 1779 4201 beiden
1815 4148 1893 4201 als
1928 4148 2071 4201 scine
2126 4146 2500 4199 Widersacher
2552 4144 2770 4213 beklagt.

604 4219 627 4251 ⁴
661 4218 760 4271 Die
812 4217 1134 4285 Randglosse
1186 4218 1392 4271 scheint
1444 4218 1542 4269 mit
1594 4216 1803 4284 Hennig
1840 4216 2072 4285 (Goede),
2108 4231 2149 4268 S.
2192 4216 2325 4269 1509
2358 4215 2415 4266 in
2450 4214 2777 4281 Wittenberg

537 4286 740 4352 Probet,
793 4288 888 4339 das
935 4286 1138 4339 Rechte
1175 4304 1237 4339 zn
1274 4286 1474 4340 treffen.
1548 4286 1642 4337 Als
1696 4284 1919 4338 Catilina
1974 4284 2275 4337 bezeichnet
2309 4284 2363 4336 in
2401 4282 2489 4336 ΒΥ.
2527 4282 2641 4337 359.

606 4359 628 4388 ⁶
659 4356 1051 4418 Burkhardt,
1089 4356 1182 4409 das
1215 4355 1338 4408 tolle
1373 4356 1504 4408 Jahr
1537 4355 1588 4407 S.
1608 4354 1896 4407 405—412.
1952 4353 2069 4423 Vgl.
2108 4352 2159 4407 S.
2195 4352 2293 4406 421
2334 4355 2399 4407 A.
2437 4352 2484 4405 2.
2590 4353 2612 4385 ⁶
2646 4348 2766 4403 Hor.

537 4424 630 4493 Ep.
666 4424 708 4493 I,
748 4428 792 4493 1,
830 4426 920 4479 76:
963 4424 1131 4478 Belua
1163 4424 1448 4478 multorum
1482 4440 1540 4478 es
1575 4423 1819 4491 capitum.
