3084 4895
784 424 1000 488 Mutian
1036 448 1106 486 an
1143 420 1502 488 Sunthausen.
1574 420 1786 485 Hui-‚ian
1824 448 1893 485 an
1928 432 2130 488 Urban.
2460 426 2587 501 561

329 610 485 683 tare,
549 626 826 687 paeanas
871 627 949 669 ex
994 606 1126 669 ritu
1169 626 1412 669 canere.
1503 605 1897 669 Persuadeas
1962 606 2310 670 edictorum
2377 608 2591 688 ponti-

324 690 598 754 ficalium
647 691 1152 766 exsecutoribuS‚
1187 696 1262 754 ut
1295 690 1566 771 gratiam
1612 690 1975 773 praeferant
2021 692 2362 755 severitati.
2453 690 2588 773 Ego

321 797 621 840 canorum
673 798 923 839 carmen
958 775 1078 839 feci
1108 778 1312 839 instar
1363 776 1870 858 supplicationiS‚
1904 778 2072 858 quod
2106 787 2179 839 tu
2211 778 2588 841 suavissimo

319 867 536 925 nostro
610 861 1062 942 Eitalavolpho
1134 863 1264 924 tuis
1345 862 1545 925 literis
1621 862 1936 924 inclusum
2010 862 2314 924 exhibeas
2380 863 2585 926 velim.

320 947 588 1011 Favebit
641 948 696 1009 is
743 948 872 1009 scio
939 968 1166 1009 causae
1236 952 1508 1009 nostrae.
1604 947 1839 1010 Doctos
1898 953 2090 1022 amat,
2156 949 2293 1028 pios
2352 952 2587 1027 tuetur,

320 1032 507 1095 horno
569 1033 810 1113 primae
871 1032 1229 1095 nobilitatis
1285 1037 1349 1094 et
1410 1036 1633 1094 tantae
1694 1034 2099 1096 auctoritatis
2162 1035 2224 1095 in
2286 1034 2451 1107 aula,
2517 1038 2590 1097 ut

319 1140 564 1181 summa
636 1118 715 1179 ad
783 1139 924 1180 eum
994 1118 1254 1198 negotia
1319 1116 1693 1179 referantur.
1800 1116 2009 1181 Etiam
2078 1120 2135 1181 si
2197 1118 2591 1183 relaxabitur

322 1224 620 1266 censurae
693 1204 883 1283 rigor.
950 1206 1165 1265 tamen
1237 1204 1441 1280 mitte,
1491 1207 1566 1266 ut
1613 1202 1825 1266 videat
1867 1226 1969 1267 me
2014 1225 2150 1267 esse
2204 1203 2590 1268 christianae

320 1290 580 1370 pietatis
644 1289 1022 1352 studiosum.
1115 1288 1279 1352 Olim
1327 1289 1491 1351 aries
1555 1288 1859 1368 expiabat
1918 1290 2167 1371 culpam
2230 1290 2586 1389 capitalem.

322 1375 501 1473 Quod
553 1374 794 1437 indicat
839 1373 1189 1436 versiculus
1233 1374 1365 1436 ille:
1425 1372 1763 1455 „Lanigeri
1821 1375 2120 1438 damnum
2184 1376 2314 1439 dux
2378 1378 2591 1473 gregis

318 1461 454 1542 ipse
499 1458 724 1521 luat.“¹
817 1457 1018 1522 Cedat
1063 1457 1303 1522 silentii
1371 1460 1528 1521 deus
1587 1460 2027 1541 HarpocrateS.
2131 1463 2266 1541 Age
2320 1460 2474 1543 jam,
2535 1462 2591 1524 si

319 1551 522 1623 vacat,
569 1546 964 1608 musicemur.

546 1630 708 1707 Quid
755 1634 1008 1712 pateras
1053 1628 1253 1691 libare
1292 1628 1477 1710 juvat
1531 1630 1911 1712 veniamque
1955 1631 2217 1712 precari,
2306 1648 2317 1659 ·

634 1716 874 1778 rustica
918 1717 1238 1796 pastorem
1285 1715 1340 1776 si
1386 1718 1575 1778 necat
1621 1736 1770 1777 ense
1814 1715 2091 1780 cohors?

548 1794 811 1864 Parcere
858 1821 984 1863 non
1033 1800 1246 1879 potuit
1291 1798 1552 1862 demens
1598 1788 1914 1864 discordia
1958 1802 2145 1882 patri,

644 1908 762 1949 nec
805 1886 1024 1949 timuit
1071 1884 1333 1965 Stygios
1379 1884 1556 1948 ebria
1601 1885 1817 1949 turba
1836 1885 2031 1951 lacus.

447 1982 452 1987 ’
559 1970 762 2035 Credo
809 1971 1015 2034 scelus
1062 1970 1341 2033 lustrant
1389 1975 1725 2053 praecepta
1770 1972 2025 2035 silentia
2072 1973 2258 2051 clem,

591 2118 596 2123 .
636 2061 882 2133 contra,
930 2056 1040 2118 sed
1085 2059 1290 2133 tace0,
1335 2055 1517 2137 plebs
1565 2055 1728 2119 male
1772 2080 1930 2121 sana
1976 2058 2206 2121 fremit.

548 2142 710 2205 Nam
756 2143 1034 2205 tacuisse
1083 2139 1343 2203 chorum
1391 2142 1613 2224 culpas
1658 2147 1895 2206 terrore
1942 2144 2182 2225 piabat,

633 2233 857 2291 auctor
901 2227 1070 2290 enim
1121 2227 1443 2307 quondam
1495 2248 1699 2309 poena
1744 2230 1991 2293 timoris
2038 2236 2190 2292 erat.

550 2312 735 2376 Nunc
782 2314 992 2375 minus
1039 2316 1136 2373 est
1180 2314 1390 2375 tutum
1441 2334 1719 2375 canones
1764 2315 2034 2377 retinere
2080 2334 2353 2389 severose,

640 2403 926 2480 tempora
973 2418 1114 2461 cum
1163 2402 1430 2478 poscant
1471 2398 1615 2479 jura
1661 2399 1941 2481 benigna
1986 2400 2183 2481 sequi.

527 2482 674 2547 Vale
723 2489 787 2548 et
832 2507 932 2547 me
977 2504 1138 2546 ama.
1218 2482 1485 2547 Gothae.
1563 2483 1775 2548 Pridie
1808 2483 1939 2548 Cal.
1988 2486 2322 2562 Quintiles.
2400 2453 2587 2544 Anno

630 2667 753 2722 Cod.
790 2667 923 2720 F'rcf.
959 2666 1078 2720 487.

322 2854 554 2924 (Gotha.)
1375 2840 1520 2903 497.
2199 2855 2247 2908 3.
2286 2853 2397 2908 Juli
2434 2855 2585 2908 1515.

1054 2963 1347 3034 Mutian
1391 2984 1489 3034 an
1532 2963 1840 3035 Urban.²

318 3089 508 3158 (Klaqc
539 3091 667 3144 iiber
699 3091 799 3144 den
838 3092 939 3144 Tod
952 3125 956 3130 -
971 3092 1141 3145 semes
1183 3093 1423 3146 Genners
1478 3090 1751 3158 Eitelwolf
1790 3109 1911 3144 vom
1966 3091 2133 3144 Ste‘ehz.
2205 3091 2409 3143 Fraude
2458 3090 2588 3143 uber

319 3158 584 3211 Hoebords
634 3159 907 3214 Ruekkelzr
939 3177 1042 3213 von
1073 3161 1247 3214 seiner
1276 3162 1605 3228 yldnxendcn
1662 3159 2069 3226 Gesandtschaft
2102 3160 2165 3212 in
2202 3159 2407 3212 Mainx.
2478 3159 2587 3210 Der

836 3229 1163 3296 Erubeschof
1182 3231 1396 3296 yedenlct
1441 3229 1636 3295 Erfurt
1672 3245 1745 3281 zu
1780 3229 2069 3295 besmhevz.)

1075 3343 1161 3394 Η.
1192 3343 1450 3393 Urbano
1485 3343 1575 3394 M.
1611 3342 1835 3394 Rufus.

528 3449 590 3514 S.
679 3451 1002 3527 Quantum
1079 3454 1311 3516 vulnus
1385 3454 1759 3536 acceperit‘*
1832 3452 2210 3534 Moguntina
2277 3451 2436 3514 ditio
2506 3473 2584 3514 ex

315 3534 543 3598 acerbo
626 3537 886 3600 interitu
982 3537 1428 3620 Eitalavolphi‚
1436 3537 1458 3570 ³
1550 3540 2036 3603 testatissimum
2116 3541 2232 3612 est,
2310 3536 2579 3600 Urbane.

320 3620 627 3685 Sentiunt
672 3624 1034 3704 praecipue
1053 3625 1354 3688 damnum
1405 3625 1611 3688 bonae
1656 3625 1896 3700 literae,
1931 3624 2333 3704 quarum'ille
2367 3627 2584 3686 custos

319 3711 456 3769 erat
503 3713 567 3769 et
613 3708 838 3771 unicus
885 3716 1177 3773 assertor.
1269 3710 1494 3791 Itaque
1542 3732 1681 3774 sero
1728 3709 1938 3772 factus
1986 3710 2214 3771 certior
2260 3709 2335 3770 de
2380 3714 2584 3772 morte

317 3792 615 3867 hominis,
663 3794 845 3856 video
896 3815 990 3856 me
1036 3793 1270 3858 frustra
1317 3796 1708 3878 supplicasse
1740 3795 2033 3876 praesuli,
2070 3799 2139 3856 ut
2172 3795 2581 3858 interdictum

316 3877 602 3940 tollatur.
633 3879 662 3915 ¹³
782 3878 943 3942 Nam
1035 3882 1187 3960 quia
1276 3877 1783 3944 Sunthusenius⁴
1858 3879 2019 3942 abiit
2091 3884 2157 3942 et
2230 3881 2583 3943 communis

450 4095 478 4121 a
506 4080 710 4147 accepit
749 4079 896 4133 Tenx.
1035 4087 1064 4124 b
1093 4086 1153 4135 ut
1189 4124 1200 4136 .
1233 4124 1243 4135 .
1278 4124 1288 4135 .
1327 4081 1541 4135 tollatur
1576 4081 1703 4150 fehlt
1738 4081 1820 4133 bei
1864 4081 2066 4134 Gamer.

455 4148 648 4200 ¹Citat
682 4165 781 4201 aus
819 4151 912 4201 der
946 4150 1128 4216 Elegio
1167 4152 1217 4202 in
1256 4167 1364 4204 vor.
1404 4151 1495 4204 Nr.
1630 4152 1651 4182 ²
1685 4150 1841 4202 Auch
1875 4150 1931 4200 in
1966 4149 2229 4202 Camerar.
2268 4149 2452 4201 Libell.
2492 4149 2578 4202 alt.

309 4216 340 4268 J
380 4216 469 4268 4b
506 4231 582 4283 sq.
695 4219 716 4249 ³
749 4216 800 4271 S.
834 4219 934 4271 535
960 4221 1022 4270 A.
1055 4219 1098 4271 l.
1173 4219 1376 4272 Huttcn
1411 4220 1591 4271 erfuhr
1626 4219 1761 4270 nach
1798 4219 1981 4269 seinen
2018 4217 2265 4284 Angaben
2304 4233 2367 4270 an
2407 4217 2580 4270 Mark-

309 4286 446 4336 wart
482 4301 583 4336 von
623 4285 866 4338 Hatstein
902 4288 1010 4340 und
1046 4287 1221 4340 Fuohs
1260 4287 1591 4355 (Bocking
1630 4286 1759 4354 Opp.
1798 4287 1839 4348 I
1877 4287 1957 4338 39.
1995 4285 2083 4354 40)
2122 4287 2239 4337 den
2259 4286 2363 4338 Tod
2418 4286 2579 4338 Eitei-

308 4352 462 4404 wolfs
499 4353 572 4404 im
611 4352 735 4420 Mai,
773 4355 910 4406 nach
945 4354 1224 4420 Hennes
1273 4305 1949 4409 Albr.vg1'3randenb.s.
1990 4355 2056 4406 24
2104 4355 2245 4406 starb
2282 4370 2339 4406 er
2374 4371 2459 4406 am
2501 4355 2577 4406 10.

315 4421 465 4488 Juni,
503 4437 613 4474 was
649 4423 881 4475 offenbar
915 4422 1042 4491 irrig
1076 4425 1160 4479 ist.
1304 4426 1325 4456 ⁴
1359 4424 1409 4478 S.
1449 4426 1555 4478 504
1587 4427 1648 4477 A.
1687 4426 1734 4476 5.

375 4510 458 4550 zei
460 4513 502 4548 ts
506 4509 606 4548 cim
607 4509 646 4548 ft
675 4512 727 4550 N.
757 4512 808 4550 F.
836 4511 993 4560 suppl.
1020 4512 1103 4552 1x.
2086 4493 2169 4557 36
