3084 4895
1331 394 1376 450 M
1387 393 1538 452 utian
1576 416 1642 452 an
1684 397 1881 453 Urban.
2650 403 2727 465 61

483 579 547 636 et
593 573 649 637 si
697 576 787 638 vir
832 579 948 648 est,
995 573 1364 636 auctoribus
1431 574 1574 648 illis,
1638 574 1871 655 quibus
1940 573 2235 635 damnum
2294 572 2733 656 jacturamque

483 681 670 741 quam
721 661 870 723 fecit
916 661 1122 728 debet.
1170 661 1438 740 gratiam
1503 661 1726 742 opinor
1774 681 1896 722 non
1951 659 2174 721 bonam
2239 659 2579 740 aliquando
2637 684 2733 724 re-

481 748 656 809 feret..
750 746 984 829 Scripsi
1041 747 1119 809 ad
1176 746 1573 826 §palatinum
1639 753 1921 809 nostrum
1983 745 2057 807 de
2104 747 2345 808 novitio
2406 748 2730 823 canonic0‚

482 855 664 915 quem
719 855 835 913 ego
884 833 1376 914 Spinturnitium
1426 832 1757 914 appellavi.
1850 831 1987 893 Vidi
2040 833 2380 913 pappantis
2436 832 2730 913 diploma,

481 920 824 981 attrectavi
874 927 1088 981 notam
1140 919 1476 980 bifrontem
1526 925 1589 980 et.
1638 918 1991 998 plumbeam
2040 939 2178 979 cum
2228 918 2467 981 canobe
2500 919 2729 1001 depen-

482 1006 647 1078 dula,
699 1004 1032 1067 observavi
1077 1009 1204 1065 tres
1249 1003 1512 1082 glandes
1559 1005 1677 1066 sub
1726 1003 2039 1067 minutula
2092 1025 2291 1066 cruce.
2384 1003 2729 1069 Confestim

481 1092 867 1172 suspicabar,
925 1089 1090 1173 quod
1140 1090 1385 1170 pudicis
1439 1090 1699 1152 auribus
1761 1089 2151 1153 dicendum⁸
2211 1111 2332 1152 non
2398 1095 2511 1152 est.
2608 1091 2732 1154 Aut

483 1179 647 1238 enim
699 1177 759 1238 id
811 1177 1012 1258 ipsum
1045 1176 1072 1215 ¹²
1118 1175 1465 1238 obscoenas
1512 1176 1709 1238 virilis
1756 1176 2019 1238 membri
2065 1174 2327 1256 glandes
2374 1177 2731 1256 significare

483 1263 730 1325 videtur
777 1268 885 1325 aut
933 1262 1031 1324 avi
1081 1283 1189 1324 seu
1239 1263 1445 1342 patrui
1494 1262 1623 1323 divi
1671 1260 1837 1324 Sixti
1868 1273 1892 1301 0
1946 1260 2359 1344 glandiferam
2409 1283 2728 1342 quercum,

481 1349 599 1412 hoc
643 1356 739 1411 est
798 1349 1074 1428 insignia
1124 1349 1377 1429 patroni
1448 1348 1763 1429 quondam
1836 1351 1950 1410 sui.
2042 1347 2378 1429 Utcunque
2442 1349 2550 1427 sit,
2616 1372 2731 1413 nos

488 1435 579 1497 vel
629 1436 693 1496 in
745 1437 954 1515 parvis
1003 1436 1192 1496 etiam
1241 1434 1428 1496 rebus
1474 1434 1568 1496 vel
1616 1434 2097 1496 admirabilibus
2144 1455 2401 1514 sagaces
2442 1456 2579 1498 esse
2622 1459 2733 1500 vo-

483 1521 710 1596 lamus,
764 1543 836 1582 ne
884 1521 1099 1582 credas
1145 1521 1392 1582 inanem
1445 1541 1643 1582 meam
1692 1521 2153 1583 oscitationem.
2186 1520 2215 1557 d
2304 1519 2467 1582 Vale.

791 1620 912 1673 Ood.
953 1619 1084 1672 Frcf.
1123 1620 1202 1672 21.

491 1809 719 1877 (ootha.)
991 1888 994 1889 ⁷
1559 1793 1661 1856 55.
2358 1808 2518 1877 (Marz
2559 1809 2729 1878 1506.)

1212 1919 1496 1988 Mutian
1546 1939 1639 1988 an
1690 1919 1992 1989 Urban.'

479 2048 605 2114 (Leo
638 2049 858 2101 xuric'ck.
933 2049 1269 2115 Sclaerxleafte
1303 2049 1657 2116 Betraelztuny
1691 2048 1818 2100 iiber
1839 2049 1937 2100 das
1962 2048 2171 2100 Fasten.
2226 2046 2326 2099 Die
2346 2048 2383 2098 3
2400 2047 2735 2100 christliehm

940 2118 1301 2186 Haupt-stic‘eke
1320 2138 1337 2170 .·
1382 2117 1544 2181 Gebet,
1582 2117 1793 2182 It'asten,
1831 2117 2269 2185 Almosevzyeben.)

647 2230 1026 2282 Honorando
1060 2233 1141 2282 H.
1178 2233 1431 2283 Urbano
1466 2232 1759 2282 facundia.
1793 2233 2023 2293 insigni
2057 2244 2167 2281 suo
2204 2232 2290 2281 M.
2326 2230 2545 2282 Rufum

696 2341 950 2407 Summe
985 2345 1158 2421 deuS,
1195 2365 1428 2425 quaeso
1461 2352 1541 2421 te,
1576 2350 1647 2407 ut
1680 2346 1787 2408 des
1819 2344 2085 2408 salutem
2117 2344 2419 2406 Bernardi
2452 2349 2729 2407 assecta-

481 2429 745 2492 toribus
840 2431 1066 2494 Leonis
1113 2429 1445 2495 Sermones
1490 2432 1710 2496 multis
1757 2431 1831 2495 de
1877 2432 2084 2496 causis
2118 2427 2421 2495 remittO.²
2502 2429 2724 2495 Verum

481 2523 753 2597 quatuor
797 2518 1162 2599 potissimae
1195 2534 1370 2581 sunt:
1424 2522 1494 2580 ut
1523 2518 1709 2581 fidem
1748 2520 2157 2600 promissione
2190 2517 2515 2581 astrictam
2558 2519 2723 2598 apud

479 2609 543 2665 te
589 2603 929 2665 dissolvam
978 2609 1042 2665 et.
1085 2604 1270 2667 simul
1331 2610 1401 2667 ut
1461 2607 1809 2685 praesentis
1870 2605 2093 2686 jejunii
2148 2611 2212 2666 et
2272 2608 2414 2685 post
2484 2606 2728 2666 venturi

485 2686 745 2751 natalis³
811 2689 1027 2751 laudes
1087 2690 1351 2770 legendo
1417 2690 1680 2771 colligas
1748 2690 2109 2771 habeasque
2174 2689 2468 2753 solatium
2545 2687 2730 2772 hujus

481 2781 725 2837 vestrae
772 2775 1156 2856 frugalitatis
1203 2780 1266 2839 et.
1311 2777 1558 2839 sobriae
1605 2778 2044 2857 parsimoniae.
2138 2776 2517 2839 Praedicant
2563 2778 2723 2839 enim

478 2861 540 2922 in
591 2867 862 2942 quatuor
908 2863 1058 2925 anni
1103 2869 1386 2943 tempora
1449 2864 1687 2944 partita
1750 2862 2015 2943 jejunia:
2086 2862 2388 2939 brumale,
2450 2883 2727 2939 vernum,

481 2949 812 3025 aestivum,
859 2948 1244 3011 autumnale.
1325 2949 1490 3011 Haec
1522 2949 1671 3011 olim
1702 2948 1955 3030 juda-ica
1988 2950 2177 3011 fuere.
2257 2946 2443 3010 Nunc
2473 2958 2730 3011 auctore

478 3031 734 3096 Urbano
802 3033 972 3097 facta
1032 3044 1181 3097 sunt
1241 3034 1605 3097 christiana.
1700 3035 1856 3097 Nam
1918 3036 2036 3097 sub
2106 3033 2360 3098 Urbano
2432 3034 2731 3114 pontifice

480 3140 738 3183 romano
769 3127 908 3183 orta
946 3122 1331 3197 coaluerunt,
1357 3123 1476 3183 etsi
1508 3122 1614 3183 alii
1650 3121 1849 3184 velint
1883 3120 2187 3184 Calistum
2223 3143 2359 3183 esse
2390 3126 2728 3183 auctorem.

482 3204 659 3267 Meus
705 3207 956 3269 animus
1002 3228 1232 3287 anceps
1276 3207 1575 3282 trahitur,
1625 3212 2016 3270 utroversum
2065 3207 2345 3269 inclinet.
2438 3204 2585 3268 Sive
2629 3228 2731 3269 ur-

483 3292 682 3353 banus
747 3294 879 3354 sive
939 3294 1214 3355 rusticus
1282 3295 1584 3368 instituit,
1651 3296 1967 3375 sapienter
2034 3294 2355 3355 consuluit
2417 3292 2729 3355 humanae

480 3379 660 3439 vitae.
759 3379 1038 3441 Pertinet
1087 3381 1251 3441 enim
1305 3380 1456 3441 haec
1502 3380 1818 3441 sobrietas
1851 3380 1928 3441 ad
1963 3401 2203 3442 morum
2238 3380 2517 3458 regulam
2554 3384 2616 3441 et
2647 3381 2725 3442 ad

479 3464 702 3526 salutis
750 3467 1076 3541 rationem,
1124 3466 1274 3545 quia
1322 3465 1547 3527 melius
1610 3466 1886 3527 valemus
1944 3467 2337 3527 abstinentes
2384 3488 2420 3527 a
2466 3470 2619 3546 potu
2667 3473 2731 3527 et

491 3551 630 3612 cibo
682 3555 739 3611 et
789 3552 1101 3613 acutiores
1148 3573 1364 3615 sumus
1409 3558 1541 3613 tum
1593 3553 1651 3612 in
1704 3551 1981 3613 consiliis
2028 3552 2253 3613 dandis
2284 3556 2419 3614 tum
2454 3552 2519 3613 in
2551 3552 2728 3613 lucu-

481 3636 879 3700 brationibus
937 3638 1339 3700 honestarum
1387 3638 1641 3699 artium.
1738 3637 1868 3700 Hoc
1913 3638 2343 3718 experimento
2378 3638 2583 3699 didici.
2660 3638 2727 3701 ld

476 3724 739 3804 ipsumb
788 3724 912 3787 Leo
971 3723 1162 3787 latius
1223 3724 1559 3786 enarrabit.
1652 3722 1812 3802 EgO,
1862 3727 1932 3786 ut
1979 3725 2294 3805 paulisper
2349 3724 2513 3786 inter
2571 3726 2732 3787 seria

476 3809 666 3891 jocor.
702 3808 840 3872 dico
878 3832 1128 3873 cansam
1156 3810 1481 3891 jejunandi
1518 3831 1653 3871 esse
1686 3810 2031 3871 avaritiam.
2066 3809 2094 3848 ‘¹
2181 3809 2340 3871 Nam
2389 3808 2723 3886 frumenta,

486 3896 720 3967 vinum,
770 3896 1172 3977 gallinaceos,
1211 3919 1461 3957 anseres
1507 3896 1740 3976 pagani
1787 3896 2191 3957 absumerent
2235 3896 2519 3976 nihilque
2553 3917 2727 3977 prae-

478 3986 720 4044 starent
786 3984 997 4045 irrasis
1059 3981 1291 4044 Christi
1359 3982 1688 4057 militibus,
1740 3983 1855 4043 nisi
1906 3982 2200 4061 religioso
2270 3990 2731 4045 macerarentur

616 4236 643 4264 a
671 4222 902 4274 dandum
945 4221 1089 4275 Ten-z..
1231 4224 1258 4262 b
1291 4221 1533 4287 idipsum.
1675 4233 1699 4260 0
1729 4218 1895 4286 Syxti.
2036 4222 2065 4259 d
2094 4219 2142 4271 ci
2176 4224 2239 4271 st.
2276 4219 2331 4273 ti.

627 4295 639 4322 ¹
677 4290 783 4343 Fur
818 4292 997 4343 diesen
1033 4291 1116 4343 Br.
1162 4290 1468 4342 wiederholt
1503 4289 1616 4341 sich
1654 4288 1737 4342 die
1774 4286 2193 4339 Codexnunimer
2227 4288 2309 4353 5⁴2,
2336 4288 2431 4339 mit
2467 4289 2558 4340 der
2592 4288 2730 4339 auch

481 4375 676 4413 unsere
713 4360 803 4413 Nr.
843 4361 908 4411 72
946 4359 1254 4412 bezeichnct.
1296 4359 1377 4410 ist.
1521 4362 1539 4389 ²
1576 4358 1643 4410 M.
1682 4356 1855 4409 wollte
1891 4358 1966 4408 sie
2003 4357 2165 4409 sehon
2199 4357 2271 4408 im
2310 4356 2431 4410 Dez.
2473 4357 2603 4409 1505
2642 4373 2732 4407 zu-

479 4430 860 4482 riickschicken
901 4429 1005 4497 (Br.
1043 4430 1145 4498 45).
1291 4431 1311 4458 ³
1344 4428 1448 4480 Leo
1488 4429 1565 4481 11.
1607 4426 1765 4493 April.
