3084 4895
1229 384 1440 440 Mutian
1488 396 1560 439 an
1596 384 1803 442 Urban.
2516 383 2645 457 289

373 622 606 695 (soffia.)
1443 608 1585 673 188.
2139 624 2224 677 31.
2264 625 2399 692 Aug.
2439 623 2642 693 (1512.)

1136 733 1426 805 Mutian
1469 754 1571 805 an
1614 734 1892 804 Urban.

382 857 534 925 (Auf
558 858 659 911 den
693 860 1139 913 voraussichtlich
1181 860 1424 927 baldiyen
1462 860 1566 913 11ιά
1595 860 1683 912 des
1722 859 1965 912 fflnlcers
2017 858 2207 911 Latius
2253 858 2365 911 will
2398 858 2471 911 M.
2506 859 2655 913 keine

375 926 655 995 Hoffmmy
703 928 966 995 yrcinden.
1041 928 1395 995 Summa-inq,
1442 929 1532 980 der
1576 928 1871 995 morsm-ioht
1912 928 2028 979 und
2066 928 2215 979 nicht
2258 928 2385 991 halt,
2441 928 2514 980 ist
2569 929 2653 981 als

384 995 532 1049 Ootio
567 1012 640 1048 κα
659 996 994 1059 ὁοκενίσήηεὼκ
1031 1014 1088 1049 cr
1119 997 1213 1049 hat
1231 996 1479 1049 Illutians
1516 996 1862 1049 vertrauliche
1896 994 2199 1063 Mitteiluny
2234 996 2653 1063 amyeplaudert.

794 1064 1057 1132 Pyrrhus
1091 1081 1244 1117 met-ss
1277 1080 1410 1117 xwm
1442 1064 1687 1117 Romule
1715 1064 1956 1131 yemaeht
1987 1064 2191 1117 werden
2194 1066 2227 1131 .)

584 1176 1000 1227 Limatissimo
1055 1180 1119 1228 et
1167 1176 1370 1230 literis
1425 1179 1490 1227 et
1541 1177 1819 1227 moribus
1876 1170 2173 1237 mag-istro
2226 1174 2309 1225 Η.
2361 1176 2617 1225 Urbano

869 1274 1222 1321 oeconomo,
1259 1262 1456 1312 arnico
1489 1262 1788 1323 primario
1823 1263 1912 1312 M.
1946 1260 2170 1311 Rufus.

593 1369 776 1451 „Tibi
809 1370 916 1449 dii,
951 1392 1371 1453 quaecunque
1417 1372 1689 1454 preceris
1737 1369 2101 1448 Commoda,
2136 1368 2377 1433 dent.“'
2428 1370 2527 1433 Ita
2559 1370 2655 1433 vir

391 1456 600 1521 bonus
648 1478 714 1517 es
761 1460 826 1518 et
871 1458 1071 1520 comis
1117 1462 1312 1538 atque
1373 1458 1675 1520 urbanus.
1765 1457 2053 1521 Excusas
2097 1456 2337 1537 ingenii
2383 1477 2654 1537 pauper-

387 1546 610 1655 tatem‘²
681 1543 866 1622 quasi
924 1545 1108 1605 tuum
1171 1544 1448 1608 nesciam
1525 1542 1783 1624 „rapido
1836 1542 2185 1605 ferventius
2236 1543 2409 1604 amni
2467 1540 2653 1621 Inge-

391 1625 609 1688 nium“
623 1624 749 1689 ²et
779 1626 1041 1689 divitem
1069 1628 1439 1691 intellectus
1472 1648 1719 1702 venam,
1766 1631 1831 1690 et
1860 1648 2001 1689 cum
2034 1626 2293 1707 longam
2340 1625 2655 1689 detrectas

393 1710 700 1789 fabulam,
754 1712 944 1775 offers
977 1714 1342 1810 maximam,
1375 1732 1743 1795 quanquam
1790 1712 2093 1789 laconice,
2131 1717 2449 1792 tanquam·
2473 1710 2656 1775 Bruti

387 1796 692 1860 imitator.
781 1795 972 1861 Nunc
1015 1799 1186 1861 enim
1231 1798 1365 1862 scio
1409 1797 1760 1861 rediturum
1821 1818 2034 1861 senem
2093 1796 2405 1861 tabidum.
2414 1793 2437 1827 ⁸
2528 1794 2653 1859 Sed

390 1882 568 1962 quod
615 1903 694 1945 ex
739 1881 912 1945 Lotii
957 1882 1185 1946 habitu
1231 1884 1504 1946 salutem
1549 1881 1706 1945 mihi
1751 1881 2084 1964 polliceris,
2117 1902 2339 1962 parum
2372 1880 2653 1962 adjuvat.

385 1966 634 2030 Memor
695 1965 866 2029 illius
927 1968 1322 2049 paraenesis:
1391 1968 1698 2050 „Mortem
1743 1969 1810 2031 in
1852 1966 2115 2031 alterius
2174 1988 2350 2048 spem
2417 1970 2655 2030 certam

385 2071 623 2133 ponere
691 2050 918 2114 noli.“⁴
1025 2050 1340 2117 Credibile
1407 2059 1623 2116 tamen
1691 2058 1977 2135 potorem
2045 2052 2373 2115 assiduum
2448 2052 2657 2114 vivere

392 2136 501 2199 diu
551 2157 677 2200 non
725 2155 930 2216 posse.
1020 2137 1249 2201 Verum
1285 2137 1453 2201 enim
1502 2159 1649 2201 vero
1696 2138 2020 2218 excogitat
2049 2137 2308 2209 modum
2342 2136 2658 2213 eludendi,

394 2222 544 2283 dare
609 2222 745 2285 vult
786 2220 1164 2286 domestico
1232 2222 1631 2286 beneficium.
1720 2223 1791 2285 Id
1860 2244 2001 2286 curn
2072 2228 2242 2285 esset
2302 2222 2655 2303 vulgatum,

398 2306 529 2369 adii
607 2307 928 2370 consulem
999 2312 1063 2371 et
1127 2329 1310 2389 spero
1387 2328 1514 2371 non
1591 2308 1977 2390 impetrabit.
2094 2306 2367 2372 Multum
2442 2309 2657 2370 arcani

393 2390 704 2474 Pyrrhus⁵
768 2393 924 2456 mihi
971 2394 1216 2458 detexit
1267 2393 1598 2458 adhibitus
1660 2415 1870 2470 cenae.
1961 2391 2224 2457 Videtur
2267 2414 2406 2457 esse
2452 2394 2653 2458 nostri

395 2477 639 2541 ordinis
684 2482 820 2542 tum
869 2501 1112 2543 morum
1159 2480 1571 2562 simplicitate
1616 2485 1752 2543 tum
1798 2500 2011 2543 amore
2064 2479 2263 2543 studii
2321 2479 2655 2560 politioris.

394 2563 546 2641 Nos,
591 2564 679 2626 mi
725 2563 998 2643 Urbane,
1041 2587 1364 2629 servemus
1393 2565 1795 2646 gravitatem.
1871 2565 2185 2641 Quoniam
2216 2563 2378 2628 nihil
2409 2563 2658 2628 futilius

395 2653 498 2712 est
541 2647 828 2727 Cotione,
874 2649 997 2713 hoc
1039 2651 1296 2714 nornine
1341 2651 1631 2732 signetur
1675 2673 1714 2713 a
1756 2650 1943 2723 nobis
1987 2649 2177 2713 herus
2223 2647 2321 2713 S.⁶
2394 2649 2455 2712 Is
2485 2649 2655 2712 enim

400 2734 586 2797 Cotio
633 2733 887 2813 dicitur,
933 2735 1045 2818 qui
1086 2737 1232 2818 plus
1275 2737 1598 2818 promittit
1642 2756 1831 2816 quarn
1877 2739 2179 2818 praestat.
2270 2734 2462 2798 Amat
2514 2734 2658 2798 offi-

402 2819 647 2896 cialem,
678 2819 780 2882 cui
810 2821 1116 2902 patefacit
1158 2822 1390 2884 omnia.
1481 2821 1647 2884 Hinc
1682 2821 1981 2886 demanat
2009 2842 2110 2884 res
2140 2819 2221 2884 ad
2250 2818 2657 2893 Frontonem,

403 2905 482 2967 de
529 2904 850 2968 Frontone
895 2906 975 2968 ad
1022 2911 1277 2970 nostros
1324 2905 1740 2985 adversariOS,
1774 2909 1884 2989 qui
1919 2928 2102 2970 nosse
2134 2907 2361 2970 volunt
2390 2905 2653 2969 omnia.⁷

542 3159 554 3188 ¹
591 3156 716 3209 Hor.
758 3155 864 3210 Sat.
901 3156 972 3225 H,
989 3156 1040 3224 8,
1062 3159 1144 3224 75,
1251 3159 1272 3191 ²
1309 3157 1433 3211 Hor.
1470 3157 1577 3212 Sat.
1614 3157 1656 3226 1,
1697 3157 1778 3224 10,
1798 3158 1879 3212 62.
1988 3158 2009 3189 ³
2041 3159 2155 3210 Aus
2190 3159 2284 3212 der
2314 3157 2655 3212 lakonischen

401 3226 656 3292 Meidung
679 3224 888 3278 Urbans
907 3197 1158 3278 eritnahm
1177 3226 1265 3292 M„
1285 3227 1408 3280 dass
1430 3227 1523 3278 der
1539 3199 2023 3294 schwindsiichtige
2044 3226 2192 3280 Greis
2214 3225 2657 3280 wieder-kommen

400 3295 591 3348 werde.
647 3293 768 3370 Vgl.
802 3293 891 3346 Br.
913 3293 1014 3346 226
1044 3295 1138 3347 des
1164 3267 1313 3349 Cod..
1348 3294 1528 3347 »Pauli
1556 3295 1734 3348 literas
1768 3310 1873 3348 non
1907 3295 2091 3362 redde,
2126 3309 2335 3362 possem
2370 3293 2471 3347 alio
2508 3300 2656 3349 aceto

401 3364 586 3416 fricare
623 3361 814 3415 senis
849 3377 1019 3428 aureS,
1056 3363 1104 3416 si
1139 3362 1383 3429 vellemq
1421 3364 1558 3416 dazu
1591 3362 1678 3418 ΒΥ.
1703 3364 1799 3415 17*
1777 3382 1793 3415 ι
1826 3362 1910 3441 (8.
1932 3363 2083 3431 227);
2118 3366 2204 3415 »ut
2236 3379 2331 3430 per
2363 3362 2654 3418 Henricum

403 3433 562 3484 hasce
596 3430 777 3483 literas
811 3430 880 3483 ad
913 3429 1142 3484 Paulum
1175 3431 1270 3499 My
1271 3447 1465 3498 ssener,
1515 3447 1707 3510 quam
1742 3430 2025 3498 'primum
2071 3431 2445 3497 advenerit,
2484 3435 2655 3486 trans-

403 3501 627 3553 mittas«
695 3497 963 3552 Hiemach
996 3497 1068 3551 ist
1113 3501 1207 3552 der
1240 3500 1345 3553 alte
1379 3499 1689 3553 Kanonikus
1734 3499 1935 3552 Paulus
1978 3499 2253 3567 Myssener
2288 3517 2356 3552 zu
2388 3502 2654 3568 verstehn,

405 3570 499 3620 der
545 3567 676 3620 oster
722 3582 828 3619 von
877 3565 1056 3618 Erfurt
1101 3567 1216 3620 sich
1261 3568 1532 3622 entfernte.
1589 3567 1707 3636 vgl.
1752 3567 1803 3621 S.
1839 3568 1909 3620 86
1956 3570 2018 3622 A.
2057 3567 2103 3622 2.
2222 3570 2243 3600 ⁴
2277 3567 2432 3622 Nach
2474 3569 2654 3626 Caton.

404 3637 536 3688 Dist.
574 3651 701 3688 mor.
739 3633 781 3700 I,
822 3635 900 3688 19.
1028 3637 1050 3667 ⁶
1082 3635 1298 3689 Tubero.
1336 3636 1387 3688 8.
1426 3636 1528 3689 210
1562 3638 1625 3689 A.
1666 3639 1711 3690 1.
1833 3635 1857 3668 ⁶
1890 3635 2234 3704 Sommering,
2270 3636 2364 3689 der
2398 3637 2499 3690 seit
2533 3638 2655 3690 dem

403 3703 777 3757 Lotianischen
811 3702 1021 3757 Handel
1054 3719 1158 3756 von
1197 3703 1402 3756 Mutian
1435 3705 1585 3756 nicht
1619 3703 1772 3756 mehr
1804 3703 1905 3756 mit
1950 3705 2042 3757 der
2087 3704 2229 3758 alten
2273 3705 2657 3774 Ehrerbietung

405 3772 699 3825 betrachtet
744 3770 896 3837 wird,
950 3773 1052 3825 wie
1087 3787 1146 3824 er
1179 3772 1274 3824 11111
1321 3772 1484 3825 3011011
1530 3772 1589 3824 111
1634 3773 1735 3825 (1011
1786 3773 1980 3825 letzten
2030 3772 2240 3825 Briefen
2285 3774 2446 3828 herus
2489 3774 2657 3828 futilis

407 3842 586 3892 nennt.
660 3837 807 3892 Cotio
842 3843 1004 3893 nennt
1037 3839 1132 3892 ihn
1166 3857 1270 3894 von
1305 3857 1414 3893 nun
1449 3857 1518 3893 an
1559 3841 1694 3892 doch
1730 3840 1878 3893 nicht
1929 3842 2214 3909 durchweg
2263 3841 2468 3896 Mutian
2519 3845 2657 3896 nach

405 3909 624 3962 Festus:
660 3907 959 3961 »Coctiones
995 3907 1124 3961 dicti
1158 3909 1406 3961 videntur
1440 3925 1472 3961 a
1507 3908 1852 3975 cunctatione,
1890 3910 2028 3977 quod
2063 3910 2116 3961 in
2154 3912 2389 3964 emendis
2421 3912 2653 3964 venden-

407 3978 592 4044 disque
629 3975 892 4027 mercibus
936 3977 1085 4030 tarde
1133 3977 1442 4044 perveniant
1478 3977 1545 4030 ad
1575 3977 1707 4044 justi
1741 3978 1895 4044 pretii
1929 3979 2130 4031 finem«
2199 3981 2282 4031 An
2318 3981 2463 4032 einer
2496 3996 2541 4034 a.
2580 3980 2654 4034 St.

407 4045 551 4112 giebt
584 4043 772 4096 Festus
808 4043 886 4096 als
921 4044 1194 4122 Synonym
1231 4045 1456 4100 arilator.
1527 3994 1646 4113 Vng.
1684 4045 1815 4098 oben
1852 4046 2040 4098 8.14’7
2080 4050 2141 4100 A.
2178 4047 2225 4102 6.
2332 4048 2533 4100 Gellius
2574 4051 2654 4117 16,

408 4117 436 4166 ’7
477 4115 570 4166 hat
605 4112 689 4164 die
724 4111 879 4164 For-ni
915 4113 1073 4168 cocio,
1144 4112 1346 4167 Mutian
1395 4112 1673 4166 verbindet
1706 4113 1804 4166 mit
1838 4115 1959 4167 dem
2006 4115 2190 4169 Worte
2226 4116 2310 4168 die
2346 4089 2660 4185 Bedeutung

407 4184 552 4234 eines
605 4181 1065 4257 unzuverlassigen
1119 4182 1352 4237 Mannes.
1499 4183 1518 4215 ‘¹
1555 4181 1760 4234 Mutian
1794 4182 2004 4234 bezieht
2038 4184 2151 4236 sich
2188 4185 2281 4236 auf
2312 4185 2482 4236 dieses
2517 4189 2657 4237 Aus-

407 4249 662 4318 plaudern
699 4248 872 4301 seiner
905 4249 1270 4302 Geheimnisse
1305 4251 1359 4302 in
1397 4251 1482 4304 ΒΓ.
1525 4249 1639 4313 181,
1677 4251 1837 4302 sowie
1872 4251 1927 4302 in
1964 4267 2136 4303 einem
2183 4258 2391 4319 spatern
2427 4253 2528 4304 292
2565 4254 2658 4306 (103

409 4320 532 4373 Cod.
574 4317 652 4370 18.
690 4315 832 4369 Min-z
872 4319 1032 4371 1513:
1068 4319 1276 4372 »Lotius
1328 4333 1519 4372 arcana
1573 4319 1757 4370 didicit
1806 4317 2061 4372 Frontone
2115 4321 2396 4374 revelante.
2468 4321 2659 4376 Fronto

409 4386 685 4440 officialem
722 4385 908 4439 habuit
943 4389 1224 4444 auctorem.
1297 4387 1549 4441 Officialis
1584 4387 1713 4456 legit
1747 4403 1893 4441 meas
1912 4389 1980 4442 ad
2004 4389 2272 4442 Cotionem
2305 4389 2500 4443 literas.
2572 4389 2659 4442 Sic
