3084 4895
1302 404 1509 458 Mutian
1551 420 1616 457 au
1655 404 1824 472 Lang.
2229 466 2234 472 ,
2557 400 2679 467 651

438 580 743 655 moribuS‚
815 580 1231 655 humanitate,
1292 578 1493 641 lite-ris
1561 578 1885 642 studiosus
1931 582 2027 641 est
2082 582 2146 639 et
2201 579 2384 661 plane
2451 580 2681 660 dignus

438 689 624 748 quem
698 668 759 729 in
824 667 953 730 tuis
1021 665 1277 739 habeaS,
1347 666 1437 727 ita
1502 670 1683 727 tuum
1755 664 2173 745 Anglicanum
2240 665 2483 729 Zoilum
2554 666 2678 728 imo

437 753 761 817 Timonem
812 752 1311 829 Lovaniensem,¹
1364 774 1479 814 sua
1526 752 1648 813 sibi
1693 751 1990 832 opinione
2036 752 2389 814 sanctulum
2438 751 2680 815 Erasmi

435 841 833 914 monitorem,
896 839 1193 903 indoctae
1254 838 1455 919 plebis
1524 842 1879 917 patronum,
1945 837 2338 917 theologicae
2405 838 2682 901 cohortis

434 948 596 1008 quae
628 949 667 989 a
700 926 1010 999 diatribis‚
1043 926 1106 989 in
1144 925 1376 1006 quibus
1421 925 1646 1005 incipit
1691 924 1992 996 occidere,
2041 922 2419 987 scholastica
2451 925 2682 988 dicitur

436 1017 811 1076 assertorem
862 1017 927 1075 et
974 1012 1303 1086 vindicem,
1350 1032 1463 1074 sua
1510 1011 1660 1073 item
1710 1009 1868 1073 falsa
1915 1011 2320 1091 persuasione
2351 1012 2416 1073 in
2449 1032 2682 1093 aequa-

440 1099 551 1163 bili
623 1098 870 1161 dicendi
941 1120 1165 1179 genere
1233 1098 1611 1161 instructum
1682 1120 1756 1159 ac
1825 1102 2132 1177 paratum,
2201 1118 2340 1160 meo
2408 1118 2553 1160 vero
2619 1100 2687 1160 et

438 1185 825 1247 eruditorum
868 1184 1106 1265 judicio
1155 1206 1532 1266 perversum,
1581 1182 1892 1264 iniquum,
1938 1182 2198 1264 impium
2250 1187 2330 1258 et,
2378 1184 2432 1247 si
2476 1182 2684 1246 aliena

428 1271 517 1333 ab
587 1292 657 1333 eo
730 1276 1127 1352 extorqueas,
1210 1268 1535 1341 infantem,
1613 1268 1958 1349 stupidum,
2027 1270 2375 1332 excordem.
2447 1292 2678 1332 merum

440 1360 803 1439 portentum
853 1378 927 1419 ac
974 1356 1419 1419 simulachrum
1469 1352 1815 1419 sacerdotis
1860 1357 2202 1436 personati,
2249 1356 2418 1419 hunc
2451 1378 2680 1418 novum

427 1445 695 1527 ⁸inquam
746 1442 1216 1505 Christianismi
1245 1454 1273 1482 ⁸
1318 1448 1844 1517 conservatorem,
1894 1442 2082 1505 alieni
2129 1440 2357 1506 furoris
2395 1441 2686 1514 faculam,

440 1530 741 1610 magister
802 1529 1077 1592 Adamas
1124 1550 1367 1591 summa.
1411 1529 1533 1592 fide
1581 1527 2014 1611 perferendum
2063 1528 2142 1591 ad
2189 1550 2286 1591 me
2333 1530 2578 1592 curavit
2623 1533 2687 1592 et

438 1615 769 1696 epistolam
840 1616 1091 1697 pariter,
1154 1617 1215 1677 in
1280 1638 1405 1697 qua
1471 1615 1838 1680 mandatum
1911 1623 2063 1689 erat,
2130 1615 2300 1679 brevi
2350 1620 2422 1678 ut
2467 1619 2686 1679 tantus

434 1701 668 1765 author
731 1707 1093 1774 recurreret,
1160 1708 1313 1784 puto
1370 1702 1537 1783 quod
1595 1723 1782 1781 aegre
1828 1702 1934 1765 diu
1981 1722 2195 1765 careas
2250 1702 2566 1765 suavitate
2611 1723 2684 1765 ac

436 1788 679 1851 deliciis
746 1789 1114 1851 annotandi.
1208 1788 1397 1851 Video
1445 1789 1610 1852 enim
1659 1789 1720 1850 in
1771 1787 1906 1869 ipso
1952 1788 2484 1870 limbu10,quam
2549 1788 2687 1851 dili-

439 1882 661 1951 genter
707 1875 1013 1956 inquiras,
1061 1896 1248 1980 quam
1298 1881 1481 1937 acute
1527 1875 1821 1955 corrigas
1914 1873 2056 1969 Ego
2108 1874 2388 1938 mandati
2454 1896 2687 1938 memor

437 1961 581 2025 dedi
626 1982 899 2042 operam,
951 1984 1027 2023 ne
1074 1983 1197 2041 quo
1215 1966 1425 2023 extra
1470 1960 1652 2025 fineis
1712 1960 1956 2023 Erasmi
2015 1947 2486 2047 ἀνταγωνιστής
2548 1981 2688 2044 pro-

434 2048 816 2128 grederetur,
896 2053 968 2111 ut
1040 2052 1344 2111 remearet
1416 2048 1542 2111 cito
1612 2048 1692 2110 ad
1760 2047 2103 2112 dominum.
2221 2047 2427 2111 Habes
2494 2049 2689 2130 igitur

436 2140 616 2197 tuum
688 2134 1001 2209 volumen,
1050 2134 1126 2197 de
1172 2133 1351 2214 cujus
1415 2140 1676 2216 parente
1741 2133 1992 2216 qualern
2064 2133 2410 2198 Rhenanus
2482 2131 2685 2199 meus²

443 2220 753 2285 calculum
802 2222 862 2285 in
915 2242 1131 2285 urnam
1182 2220 1539 2302 conjecerit,
1589 2242 1712 2283 non
1762 2227 1858 2283 est
1906 2226 1976 2283 ut
2022 2220 2141 2285 tibi
2189 2243 2688 2285 commemorem.

438 2306 685 2369 Testem
760 2307 955 2369 habes
1021 2307 1373 2389 epistolam.
1389 2304 1411 2337 ³
1502 2307 1670 2369 Deus
1733 2307 2128 2385 immortaliS,
2176 2313 2246 2371 ut
2285 2307 2462 2389 justa
2527 2308 2688 2372 libra

442 2393 917 2476 philobarbaros
964 2394 1299 2492 expendit!
1390 2392 1562 2457 Nihil
1635 2394 1868 2458 rectius
1929 2393 2052 2460 dici
2117 2400 2343 2476 potest.
2437 2385 2688 2461 Scimus

442 2503 555 2544 nos
600 2503 837 2558 omneS,
886 2482 996 2563 qui
1042 2483 1373 2545 restitutae
1420 2481 1501 2544 ab
1548 2481 1808 2544 Erasmo
1856 2481 2216 2563 theologiae
2278 2483 2688 2564 gratulamur,

438 2574 746 2648 quantum
815 2569 1057 2650 'prosint
1118 2567 1365 2632 Erasmi
1412 2568 1629 2632 divina
1674 2569 1736 2631 in
1785 2590 1914 2632 rem
1961 2567 2370 2633 christianam
2444 2571 2686 2634 merita.

440 2655 535 2716 Ab
570 2654 688 2718 hoc
720 2656 902 2736 quasi
950 2655 1126 2718 fonte
1172 2656 1538 2720 derivantur
1585 2653 2108 2737 Oecolampadii,‘
2153 2655 2480 2738 Philippi‚⁵
2527 2655 2692 2719 Mar-

440 2737 611 2810 tini,⁸
656 2763 693 2803 o
741 2742 966 2820 quanti
1011 2762 1297 2823 proceres
1336 2741 1696 2806 literarum!
1788 2741 1950 2819 Quid
1983 2742 2241 2805 omnino
2276 2749 2446 2807 recta
2478 2743 2690 2809 studia

439 2830 671 2905 essent,
743 2828 795 2888 si
861 2827 1159 2891 Erasmus
1234 2829 1564 2908 utriusque
1641 2827 1898 2910 linguae
1971 2829 2395 2911 principatum
2465 2835 2692 2894 tenens
2757 2833 2762 2840 '

444 2934 649 2995 neque
694 2913 1009 2976 cornicum
1058 2914 1275 2977 oculos
1322 2914 1737 2996 confregisset
1781 2937 1986 2998 neque
2037 2917 2496 2995 praetexuisset
2549 2916 2693 2980 uni-

441 3021 639 3075 versa,
716 3020 879 3079 quae
952 3001 1015 3062 in
1087 3001 1354 3080 singulis
1428 3001 1812 3082 splendent?
1923 3000 2190 3076 Profuit,
2257 3026 2336 3066 ne
2405 3004 2690 3080 mentiar,

438 3085 641 3160 ltalia,
709 3086 815 3148 sed
888 3085 1231 3168 prophanis
1299 3086 1570 3150 demum.
1661 3087 1778 3150 Hic
1852 3109 1995 3151 vero
2065 3094 2278 3152 noster
2345 3088 2692 3152 Mercurius

440 3172 783 3254 prophanis
830 3178 894 3234 et.
938 3174 1133 3236 sacris
1180 3173 1377 3237 literis
1421 3173 1782 3236 incredibili
1827 3173 2192 3255 adjumento
2239 3179 2430 3238 estet
2462 3176 2693 3256 dignus

439 3259 664 3322 merita
710 3259 913 3322 laude.
1005 3259 1210 3335 Quare
1259 3259 1413 3322 mihi
1459 3260 1875 3341 ingratissimi
1923 3260 2235 3334 videntur,
2293 3263 2402 3344 qui
2448 3261 2691 3326 Erasmi

439 3346 703 3425 gloriam
754 3346 829 3408 de
875 3346 1073 3426 gradu
1124 3352 1436 3409 conantur
1483 3347 1764 3428 dejicere.
1857 3345 2098 3423 Errare,
2131 3347 2279 3420 labi,
2315 3349 2444 3411 falli
2480 3352 2693 3430 potest

441 3436 513 3494 ut
559 3431 786 3510 hom03
834 3431 941 3494 sed
988 3433 1405 3514 arrogantior,
1452 3454 1640 3514 quam
1675 3437 1748 3495 ut
1778 3433 2101 3497 admoneri
2137 3433 2336 3498 velit?
2411 3433 2691 3501 Minime.

446 3518 824 3581 Admonitus
893 3519 954 3580 in
1030 3519 1384 3583 Proverbiis
1463 3519 1872 3599 graecanicae
1949 3519 2394 3602 negligentiae,
2470 3522 2580 3585 sed
2653 3545 2691 3586 a

440 3604 644 3666 doctis
692 3610 755 3666 et
799 3604 1013 3685 probis
1059 3605 1227 3669 viriS.
1320 3605 1533 3681 Quid?
1600 3627 1809 3668 nonne
1879 3608 2249 3670 retractavit
2312 3609 2686 3672 monitorem

438 3691 503 3755 in
582 3689 992 3770 Evangeliis‘?
1102 3690 1532 3755 Tunstallum⁷
1609 3692 1881 3754 libenter
1947 3696 2010 3755 et
2075 3693 2348 3772 ingenue
2421 3695 2686 3759 audivit.

576 3893 602 3920 a
630 3878 960 3930 Chrianismi.

582 3948 727 3999 ¹E.d
765 3948 885 4000 Lee.
993 3950 1012 3978 ²
1048 3947 1243 4000 Beatus
1266 3947 1564 4000 Rhenanus.
1622 3947 1670 3996 V
1673 3946 1739 4014 gL
1779 3947 1831 4000 S.
1870 3948 1972 4001 620
2008 3950 2068 3999 A.
2105 3947 2154 3999 8.
2247 3949 2267 3978 ³
2301 3947 2503 4002 Mutian
2527 3951 2692 4004 meint

438 4015 554 4067 hiel
608 4016 754 4067 nicht
809 4017 901 4067 des
954 4016 1239 4068 Rhenanus
1276 4016 1360 4068 Br.
1400 4033 1465 4068 an
1502 4016 1711 4083 Spiegel
1747 4016 1799 4068 in
1835 4016 2098 4083 Epistolae
2136 4016 2332 4085 aliquot
2367 4019 2690 4073 eruditorum

439 4083 687 4148 vir·,oium
726 4101 791 4136 ex
830 4085 1021 4152 quibus
1061 4086 1407 4152 perspicuum,
1446 4090 1641 4151 quanta
1675 4086 1745 4138 sit
1779 4085 2010 4138 Eduardi
2045 4085 2138 4138 Lei
2175 4087 2472 4139 virulentia
2527 4087 2686 4141 Basil.

444 4153 576 4205 15‘20
610 4153 665 4204 X
706 4156 724 4204 1
754 4155 785 4207 b
822 4171 951 4221 sqq.
989 4155 1209 4207 sondern
1232 4154 1315 4206 die
1339 4155 1485 4206 nicht
1504 4154 1769 4222 erhaltene
1796 4158 1950 4206 ΑΜ
1954 4159 2033 4208 ort
2052 4155 2144 4206 des
2164 4155 2447 4208 Rhenanus
2472 4158 2565 4208 auf
2589 4158 2690 4210 den

442 4221 527 4273 ΒΓ.
570 4239 614 4274 v,
660 4224 735 4276 11.
774 4224 906 4290 Aug.
951 4225 1082 4275 1510
1130 4224 1222 4277 ΝΥ.
1274 4225 1389 4275 553.
1531 4225 1552 4254 ⁴
1585 4214 1732 4276 Uber
1783 4223 1900 4276 Joh.
1959 4223 2392 4292 Oecolampadius
2446 4226 2549 4293 v.gl
2605 4227 2688 4279 die

440 4289 756 4357 Biographie
794 4308 896 4342 von
936 4292 1207 4359 Herzog,
1244 4292 1363 4344 Bas.
1406 4292 1552 4344 1843.
1696 4296 1716 4324 ⁵
1751 4291 2138 4346 Melanchthon.
2279 4296 2300 4326 ⁶
2336 4294 2549 4348 Luther.

512 4359 530 4389 ⁷
568 4358 786 4412 Cutbert
841 4361 1085 4423 Tonstall,
1142 4361 1436 4429 englischer
1491 4360 1778 4427 Gelehrter,
1834 4367 2007 4430 spater
2053 4361 2270 4416 Bischof
2311 4379 2414 4416 von
2457 4363 2686 4433 Londou,

441 4427 648 4480 schrieb
684 4428 1054 4483 Kommentare
1089 4430 1221 4483 iiber
1255 4431 1349 4483 das
1384 4430 1535 4483 Neue
1571 4429 1706 4483 Test.
