3084 4895
498 393 624 458 426
1333 398 1508 452 Briefe
1544 396 1637 452 des
1672 397 1721 453 J.
1762 397 1908 452 1514.

401 562 406 568 ’
499 565 634 620 rei-w
671 565 934 620 Her-borda
967 568 1082 620 und
1125 567 1371 637 Utxberqs
1405 568 1629 622 handau.
1701 567 1940 624 Herbord
1970 568 2101 636 kofft
2135 568 2407 623 Bobexans
2440 569 2772 638 Naehfolqer

1458 654 1534 690 zu
1568 637 1807 705 werden.)

1227 750 1307 800 H.
1345 750 1601 802 Urbano
1638 747 1747 818 (Π.
1783 748 2027 816 Rufus).

709 857 773 922 S.
865 859 1066 924 Verba
1111 861 1285 942 prius
1339 881 1421 925 an
1485 860 1722 925 factum
1799 863 2145 934 aestimem,
2210 863 2445 926 nescio,
2536 861 2771 926 Verbis

504 947 674 1010 inest
715 945 910 1011 robur
955 945 1200 1010 forense
1244 947 1498 1031 plenum
1564 947 1940 1012 altitudinis.
2032 947 2294 1013 Factum
2364 952 2436 1013 ut
2490 952 2587 1012 est
2652 947 2773 1010 ad-

505 1032 811 1106 mirabile,
859 1033 949 1095 ita
994 1034 1222 1114 partim
1269 1033 1478 1116 pravis
1537 1035 1764 1116 partim
1834 1034 2170 1116 sagacibus
2236 1033 2533 1098 refertum
2606 1055 2773 1097 con-

507 1119 684 1182 siliis.
777 1117 855 1180 Et
900 1119 1024 1181 nisi
1070 1119 1298 1183 Hassia
1362 1120 1701 1184 lacerasset
1768 1119 2149 1184 Hartmanni
2209 1143 2382 1204 spem
2434 1125 2497 1183 et
2543 1141 2769 1184 curam

508 1204 1020 1287 praesumptam,¹
1094 1204 1312 1269 datum
1382 1205 1678 1270 videlicet
1738 1205 1964 1271 fuisset
2029 1211 2165 1270 toto
2234 1207 2384 1270 orbe
2452 1213 2768 1270 terrarum

504 1291 781 1372 inclytae
842 1292 1292 1372 providentiae.
1386 1291 1508 1356 Sed
1566 1293 1641 1355 fit
1699 1314 1871 1357 more
1931 1293 2225 1374 quodam,
2273 1291 2586 1371 utillum,
2662 1293 2773 1356 cui

506 1377 671 1443 male
737 1377 1035 1455 succedit,
1109 1379 1314 1441 minus
1390 1379 1737 1460 providisse
1806 1378 2183 1461 judicatum,
2259 1380 2550 1460 quamvis
2618 1377 2771 1460 jure

511 1465 770 1530 nit-atur.
865 1463 980 1527 Hic
1043 1469 1140 1527 est
1207 1464 1311 1528 ille
1384 1462 1707 1543 Schallis,²
1779 1487 1965 1547 quem
2012 1466 2079 1528 in
2124 1465 2324 1528 literis
2369 1465 2448 1528 ad
2495 1469 2558 1528 te
2603 1464 2769 1538 olim

505 1551 743 1622 notavi,
811 1549 1087 1632 perfidus
1133 1554 1196 1613 et
1241 1571 1561 1632 arrogans,
1617 1556 1689 1615 ut
1742 1551 1869 1616 fere
1932 1555 2085 1614 sunt
2140 1551 2636 1615 Hersfeldienses
2703 1555 2772 1614 et

509 1636 782 1701 Lotiani.
875 1635 1086 1700 Ausus
1154 1641 1250 1700 est
1310 1637 1560 1700 cuidam
1628 1637 1899 1720 Georgio
1968 1637 2362 1701 subscribere
2428 1659 2557 1700 non
2621 1637 2770 1701 sine

504 1720 768 1786 infamia
813 1723 878 1786 in
927 1729 1167 1804 patrem
1213 1723 1705 1788 Hartmannum:
1753 1723 1947 1798 excid)
1996 1745 2057 1784 ευ
2104 1743 2247 1790 metu
2305 1725 2392 1784 bic
2447 1722 2615 1798 sinet
2662 1729 2765 1782 lits

505 1807 702 1886 Stiffte
749 1808 1054 1882 unbiuidyrr
1113 1813 1312 1882 gestant
1357 1813 1657 1884 uberat-ben.
1745 1809 1927 1872 Hanc
1982 1808 2205 1872 falsam
2266 1815 2330 1872 et
2388 1809 2765 1872 ementitam

511 1893 1006 1978 publicat-ionem
1053 1895 1302 1961 invadit
1343 1895 1800 1971 HartmannuS,
1848 1897 2115 1958 veritate
2160 1897 2222 1959 in
2270 1897 2547 1960 medium
2608 1916 2763 1977 pro-

514 1977 694 2044 lata.³
783 1979 979 2062 Urget
1025 1981 1182 2044 duos
1214 1981 1613 2047 monachus!
1700 1981 2058 2046 Prosternit
2092 1982 2421 2046 mendacia
2454 1981 2765 2059 Schallis;

511 2071 574 2130 et
619 2069 773 2150 puto
805 2067 871 2132 in
902 2066 1022 2133 hoc
1067 2087 1292 2148 genere
1337 2068 1497 2132 nihil
1541 2068 1734 2132 scribi
1776 2091 1959 2152 posse
1998 2068 2326 2134 nervosius
2372 2073 2437 2134 et
2477 2068 2764 2149 gravius,

507 2153 581 2218 In
625 2153 824 2218 altera
869 2152 1187 2234 epistola,⁵
1254 2155 1412 2218 duas
1457 2155 1624 2220 enim
1672 2153 1941 2220 exhibeo
2006 2155 2326 2237 legendaS,
2394 2155 2768 2220 continetur

511 2239 882 2322 simplicitas
948 2239 1349 2324 legatorum,⁶
1416 2242 1501 2302 tic
1568 2261 1633 2305 nu
1706 2243 1869 2316 acuit
1943 2261 2041 2315 atu
2109 2240 2293 2319 sulita
2366 2244 2551 2304 humen
2620 2242 2761 2304 stin.

508 2325 712 2390 Multa
757 2326 876 2390 scit
921 2325 1338 2404 Herebordus‚
1401 2331 1694 2391 versutus
1740 2332 1804 2391 et
1848 2327 2116 2392 callidus
2162 2331 2258 2390 est
2303 2324 2763 2408 Utisbergius.⁷

509 2413 674 2480 Novi
722 2412 913 2497 probe
957 2420 1316 2499 utrumque,
1363 2411 1488 2479 non
1523 2419 1735 2479 tamen
1769 2415 1983 2481 omnia
2016 2413 2246 2480 sciunt.
2324 2413 2766 2479 Perdidissent

509 2522 575 2565 se
639 2504 703 2563 et
752 2500 1036 2563 civitatis
1103 2500 1395 2577 salutem,
1452 2502 1505 2563 si
1559 2502 1623 2563 in
1693 2524 1919 2566 manus
1989 2500 2298 2567 nobilium
2360 2501 2760 2565 incidissent.

512 2586 835 2669 Aspiravit
877 2586 1222 2651 temeritati
1267 2588 1536 2651 coeleste
1599 2588 1980 2669 praesidium
2028 2591 2093 2650 et
2136 2587 2409 2651 instanti
2477 2587 2762 2668 periculo

511 2672 744 2737 Crotus
788 2674 1190 2737 securitatem
1237 2674 1528 2737 reddidit.
1620 2674 1717 2737 Ita
1764 2674 1973 2737 fraudi
2018 2694 2143 2737 non
2192 2673 2315 2737 fuit
2359 2673 2576 2737 stult-is
2622 2695 2764 2736 ora-

511 2759 759 2824 toribus
807 2759 900 2821 ira
945 2758 1321 2825 nobilitatis,
1411 2758 1583 2823 Haec
1628 2760 1852 2824 melius
1899 2763 2233 2824 narrantur
2279 2782 2316 2823 a
2362 2758 2573 2824 Croto.
2664 2754 2762 2825 Tu

513 2845 866 2912 o‹.·cultabis
912 2867 1062 2923 rem,
1111 2868 1190 2909 ne
1236 2846 1459 2911 civitas
1504 2846 1625 2911 tibi
1670 2851 1740 2911 et¹
1778 2846 1907 2910 tuis
1952 2846 2106 2911 velit
2152 2868 2289 2910 esse
2332 2845 2614 2921 inimica,
2648 2846 2761 2911 sed

513 2933 601 2997 sit
645 2933 858 3015 potius
919 2932 1198 3014 propitia
1241 2937 1304 2996 et
1349 2931 1611 2997 fautrix.
1702 2930 2029 2997 Promittit
2074 2938 2287 2995 noster
2333 2929 2761 3015 illelegatus⁸

512 3018 779 3101 grandia
837 3022 900 3081 et
959 3019 1166 3081 locum
1227 3018 1496 3083 infelicis
1564 3018 1889 3083 Bubezani
1959 3019 2326 3101 praesumit,
2392 3018 2513 3081 hoc
2582 3040 2762 3100 prae—

515 3106 706 3182 fatus,
752 3104 806 3168 si
853 3103 1021 3183 velit,
1069 3103 1198 3168 fore
1243 3109 1316 3169 ut
1359 3106 1471 3169 fiat
1517 3126 1862 3169 successor.
1951 3102 2187 3167 Eadem
2254 3103 2479 3169 frater⁹
2537 3104 2760 3186 jactat.

517 3192 773 3269 Quanta
801 3190 957 3255 haec
987 3191 1260 3255 insania!
1359 3190 1526 3255 Ante
1557 3192 1859 3275 proelium
1896 3192 2069 3255 canit
2099 3190 2401 3273 hymnum
2435 3191 2757 3255 victoriae.

514 3279 676 3342 Illud
742 3282 1064 3360 exspecto,
1125 3278 1374 3361 qualem
1443 3277 1522 3342 lis
1586 3278 1672 3341 sit
1736 3278 1977 3341 exitum
2030 3276 2360 3361 habitura.
2473 3276 2764 3358 Litigant

655 3552 673 3582 ¹
707 3550 818 3602 Abt
849 3549 1142 3603 Hartmann
1177 3550 1323 3603 hatte
1361 3550 1444 3603 die
1480 3550 1637 3603 Abtei
1671 3549 1839 3601 Fulda
1883 3548 1981 3601 mit
2026 3547 2222 3601 seinem
2279 3547 2430 3601 suste
2486 3547 2761 3617 vereinigtq

516 3620 697 3672 wurde
733 3619 857 3671 aber
892 3619 1060 3671 durch
1096 3619 1180 3671 die
1215 3619 1524 3687 Landgrafin
1560 3635 1665 3671 von
1700 3618 1903 3671 Hessen
1939 3630 2275 3685 gezwungen,
2313 3616 2543 3670 dieselbe
2570 3617 2762 3669 wieder

511 3688 608 3741 frei
645 3705 712 3741 zu
747 3688 926 3755 geben.
998 3688 1306 3754 RommeL
1362 3688 1500 3741 Phil.
1556 3689 1605 3741 d.
1658 3688 1887 3740 Grossm.
1936 3686 1977 3750 Ι,
2029 3686 2247 3739 49-55.
2406 3688 2426 3717 ²
2461 3685 2762 3739 Hersfelder

513 3756 904 3811 Schuhneister.
961 3756 1152 3825 Vg1.S.
1175 3758 1277 3810 364
1294 3760 1355 3810 A.
1380 3759 1424 3811 7.
1480 3757 1611 3809 Hier
1630 3756 1760 3808 wird
1790 3757 1903 3807 ihm
1942 3755 2057 3807 eine
2092 3754 2290 3807 falsche
2326 3754 2560 3823 Anklage
2597 3771 2759 3823 gegen

515 3827 621 3879 Abt
653 3826 946 3878 Hartmann
982 3843 1074 3878 zur
1108 3826 1236 3879 Last
1276 3826 1462 3895 gelegt,
1498 3826 1553 3877 in
1588 3825 1931 3893 Verbindung
1982 3824 2080 3875 mit
2128 3824 2295 3891 Georg
2348 3840 2449 3876 von
2503 3824 2758 3877 W*eiters-

514 3896 732 3960 hausen,
769 3896 890 3948 dem
925 3894 1144 3948 Probste
1179 3912 1284 3948 von
1317 3895 1627 3948 Frauensee.
1736 3895 1756 3925 ³
1789 3893 2118 3958 Donneistag
2137 3909 2185 3945 n.
2208 3892 2483 3945 Invocavit
2504 3892 2571 3961 (9.
2598 3893 2758 3955 Min-z)

515 3965 660 4017 hatte
714 3963 1007 4017 Hartmann
1058 3964 1173 4017 eine
1226 3964 1659 4031 Rechtfeitigung
1702 3979 1768 4015 an
1818 3963 1902 4014 die
1949 3961 2329 4014 Reiohsstiinde
2380 3978 2545 4029 gegen
2598 3962 2762 4027 Georg

517 4051 566 4084 v.
604 4033 1039 4085 Weitershausen
1075 4034 1319 4085 erlassen.
1462 4034 1482 4064 ⁴
1517 4034 1622 4084 Der
1657 4032 1846 4085 Probst
1880 4048 1985 4083 von
2022 4030 2315 4083 Frauensce
2339 4030 2441 4082 den
2462 4030 2571 4083 Abt
2605 4030 2759 4083 Hart-

516 4118 674 4154 mann
710 4102 818 4153 und
856 4102 954 4153 den
993 4102 1288 4171 bisherigen
1325 4102 1431 4153 Abt
1465 4120 1514 4154 v.
1553 4101 1813 4165 Hei-sfeld‚
1851 4098 2414 4166 Volpe1·tv.Riedesol.
2523 4102 2544 4133 ὅ
2578 4099 2762 4152 Crotus

516 4172 660 4223 hatte
695 4187 790 4223 aus
825 4170 993 4225 Fulda
1025 4172 1157 4223 iiber
1193 4172 1293 4225 den
1327 4170 1532 4223 Handel
1570 4169 1848 4230 berichtet,
1884 4169 1934 4220 in
1974 4168 2143 4222 einem
2181 4169 2229 4222 2.
2266 4168 2351 4221 Br.
2388 4168 2521 4221 iiber
2548 4169 2635 4220 die
2662 4168 2759 4219 Ge-

515 4240 840 4293 sandtschaft
893 4240 985 4292 der
1036 4240 1273 4293 Erfurter
1326 4240 1460 4292 nach
1516 4238 1699 4292 Fulda.
1839 4240 1860 4270 ⁶
1896 4238 2133 4290 Herbord
2176 4254 2227 4289 v.
2266 4239 2313 4289 d.
2350 4236 2601 4290 Marthen
2656 4236 2759 4288 und

517 4309 760 4376 Utzberg.
808 4308 925 4377 Vgl.
964 4309 1015 4362 S.
1052 4309 1150 4362 421
1188 4313 1250 4362 A.
1287 4310 1337 4363 4.
1451 4310 1469 4341 ⁷
1504 4308 1555 4363 S.
1594 4308 1691 4361 257
1730 4310 1790 4359 A.
1828 4308 1875 4361 4.
1984 4308 2005 4338 ⁸
2038 4306 2291 4371 Herbord,
2326 4307 2421 4359 der
2452 4307 2591 4359 noch
2631 4306 2760 4357 1514

517 4394 586 4437 an
623 4377 784 4431 Stelle
820 4378 912 4431 des
946 4378 1352 4446 ungliicklichen
1387 4378 1629 4431 Bobezan
1664 4376 2071 4444 Stadtsyndikus
2106 4390 2209 4428 von
2244 4376 2421 4429 Erfurt
2455 4375 2649 4429 wurde.

590 4449 613 4488 ⁹
649 4446 874 4501 Gerlach
908 4465 959 4502 v.
998 4449 1045 4502 d.
1082 4447 1152 4501 Μ.
1225 4447 1276 4501 S.
1315 4448 1416 4500 260
1450 4448 1512 4501 A.
1550 4447 1598 4499 4.
