3084 4895
1225 408 1437 462 Mutian
1471 423 1544 461 an
1582 406 1829 462 Werlich.
2535 404 2660 471 249

395 584 614 648 literas
660 606 787 649 non
835 583 1040 646 redde.
1134 580 1205 645 Si
1252 580 1618 657 reddideriS,
1682 579 1836 643 nihil
1899 580 2018 643 erit
2077 583 2309 644 actum.
2404 579 2660 644 Possem

395 670 520 734 alio
567 675 748 733 aceto
797 668 1021 731 fricare
1077 666 1250 731 senis
1293 688 1496 744 aures,
1544 666 1595 727 si
1642 666 1887 729 vellem.
1980 665 2107 729 Sed
2151 666 2365 729 omnia
2409 669 2661 747 tempus

397 756 658 819 habent.
753 753 920 817 Vale.
1012 753 1227 817 Natali
1278 752 1642 833 Hieronymi
1692 752 1912 828 nostri,
1960 751 2069 831 qui
2103 750 2255 814 mihi
2289 772 2416 814 non
2448 751 2660 815 minus

396 841 600 905 festus
673 845 788 917 est,
860 861 1050 922 quam
1120 838 1413 907 Michaeli
1483 837 1617 899 sive
1688 836 2030 912 Michaelis),
2098 836 2269 900 docti
2345 836 2659 917 siqnidem

395 926 644 990 faciunt
689 920 1154 989 nominativum
1201 922 1571 987 Michaelus
1600 934 1629 963 ⁸

708 1025 832 1079 Cod.
868 1026 1004 1079 Frof.
1042 1024 1160 1079 226.

396 1228 630 1299 (Gotha.)
1458 1215 1599 1278 196.
2305 1229 2444 1297 (Okt.
2484 1228 2657 1298 1512.)

1111 1341 1398 1411 Mutian
1445 1361 1545 1409 an
1589 1340 1969 1411 Werlich.'

499 1471 526 1537 (
535 1468 896 1539 Empfehluny
930 1470 1193 1524 Herbords
1227 1470 1312 1525 bei
1341 1470 1516 1523 seiner
1548 1470 1867 1539 Bou-erbuny
1900 1486 1999 1522 um
2030 1468 2117 1521 die
2150 1468 2556 1528 Doktorwibrde.)

763 1584 1088 1636 mutianus
1123 1583 1327 1637 Rufus
1363 1586 1662 1649 mag-istro
1697 1585 1741 1637 J
1742 1584 1930 1636 oanni
1964 1582 2263 1635 werlich.

603 1693 668 1759 S.
762 1695 1012 1778 Accepi,
1047 1698 1395 1761 clarissime
1427 1704 1652 1775 rector,
1689 1698 2120 1761 Herebordum
2149 1694 2653 1777 jureconsultum

393 1800 431 1841 a
477 1783 540 1842 te
587 1785 650 1844 et
693 1781 790 1845 tui
837 1782 1175 1861 similibuS,
1241 1785 1633 1866 gravissimis
1679 1790 1743 1847 et
1789 1782 2177 1848 doctissimis
2243 1780 2413 1855 viris,
2484 1801 2656 1843 com-

393 1864 734 1946 probatum
783 1867 878 1931 iri.
968 1869 1037 1931 Id
1084 1869 1241 1932 mihi
1288 1892 1430 1933 cum
1480 1871 1662 1935 multi
1698 1870 1961 1935 cottidie
1996 1868 2170 1932 velut
2200 1864 2655 1949 gratulabundi

391 1972 503 2032 per
547 1952 850 2034 epistolas
895 1955 1277 2037 significent,
1340 1957 1599 2036 gavisus
1646 1978 1786 2020 sum
1834 1976 1944 2037 pro
1993 1976 2133 2018 mea
2176 1974 2325 2033 erga
2382 1952 2654 2033 patriam

393 2040 571 2099 tuam
646 2039 931 2117 caritate,
1009 2042 1178 2123 quod
1252 2042 1512 2105 tandem
1594 2048 1857 2106 senatus
1946 2040 2383 2105 consultorum
2460 2035 2655 2101 talem

393 2123 718 2187 studiosae
763 2124 973 2205 legum
1015 2126 1340 2207 juventuti
1384 2126 1779 2211 praefecerit,
1824 2126 2071 2209 qualem
2121 2125 2431 2189 hactenus
2462 2121 2655 2187 isthic

392 2206 458 2269 in
504 2209 875 2291 paraphrasi
922 2212 1210 2293 legitima
1256 2235 1383 2277 non
1430 2214 1595 2277 vidit
1638 2218 1815 2279 aetas
1861 2216 2096 2277 nostra.
2188 2210 2407 2292 Neque
2465 2208 2653 2285 enim,

393 2294 562 2374 quod
609 2296 886 2360 sordium
936 2302 1052 2374 est,
1099 2298 1392 2362 addictus
1437 2300 1612 2363 lucro
1660 2299 1902 2363 furnum
1951 2297 2173 2362 vendit
2203 2299 2275 2360 ut
2306 2293 2655 2377 importuni

394 2379 671 2456 rabulae,
721 2382 832 2444 sed
878 2380 1167 2447 fastidita
1215 2383 1510 2450 barbaria
1556 2389 1622 2449 et
1667 2383 2076 2450 cavillatoriis
2121 2381 2371 2446 technis
2416 2401 2651 2463 susque

393 2465 597 2547 deque
665 2468 904 2531 habitis
973 2469 1184 2534 fontes
1247 2471 1458 2553 legum
1530 2473 1855 2553 eleganter
1916 2468 2225 2554 patefacit
2268 2471 2333 2532 et
2378 2466 2650 2531 evolutis

390 2551 637 2616 idoneis
702 2555 1139 2636 scriptoribuS,
1200 2579 1362 2639 quae
1423 2558 1667 2621 nodosa
1712 2561 1865 2622 sunt
1924 2562 1989 2621 et
2044 2558 2469 2631 controversa,
2541 2573 2652 2635 pro

392 2637 559 2700 virili
627 2645 807 2703 curat
873 2641 1188 2722 explicare
1257 2664 1401 2705 cum
1474 2645 1753 2706 maxima
1827 2642 2279 2726 discipulorum
2350 2637 2649 2702 utilitate.

389 2722 616 2787 Verum
687 2748 828 2788 cum
897 2737 1102 2790 novae
1153 2727 1391 2810 gloriae
1451 2730 1821 2811 plerumque
1882 2750 2093 2792 comes
2151 2727 2239 2790 sit
2283 2724 2541 2802 invidia,
2590 2729 2653 2787 et

391 2813 681 2890 spectata
726 2812 948 2889 virtuS,
998 2813 1118 2875 nisi
1163 2813 1473 2878 clarorum
1519 2816 1903 2878 auctoritate
1949 2813 2291 2886 muniatur,
2326 2832 2511 2892 aegre
2543 2809 2652 2873 diu

391 2895 720 2974 consistat,
792 2918 980 2979 perge
1050 2919 1288 2980 quaeso
1353 2899 1564 2964 favere
1632 2901 1753 2963 civi
1821 2919 2129 2981 generoso
2176 2901 2239 2960 et
2286 2896 2521 2959 diserto
2588 2899 2655 2959 et

389 2979 832 3061 amplitudinis
896 2987 1046 3046 tuae
1111 2985 1400 3048 studioso
1463 2989 1528 3048 et
1589 2986 1744 3049 mihi
1789 2986 1957 3050 inter
2024 2982 2445 3048 amicissimos
2513 2984 2649 3044 tum

391 3085 535 3128 caro
593 3069 731 3130 tum
795 3067 1097 3148 jucundo.
1188 3070 1573 3135 Praesedisti
1618 3075 1688 3134 tu
1735 3072 1830 3134 vir
1874 3071 2111 3154 optime
2178 3068 2399 3131 multis
2464 3065 2651 3130 annis

395 3149 460 3212 in
507 3149 763 3215 theatro
811 3153 1118 3217 bonarum
1168 3156 1400 3219 artium
1449 3161 1521 3218 ut
1570 3157 2017 3238 magistrorum
2066 3153 2541 3218 literatissimus
2587 3155 2652 3215 et

390 3257 561 3299 nunc
603 3238 808 3300 totius
876 3240 964 3301 rei
1027 3239 1344 3304 literariae
1411 3242 1637 3305 merito
1707 3243 1955 3306 clavum
2023 3247 2249 3320 teneS„
2292 3243 2364 3301 ut
2426 3237 2648 3319 juvare

391 3321 597 3400 possis
650 3343 1000 3404 ornateque
1047 3329 1227 3388 tuum
1273 3326 1708 3390 Herebordum
1758 3327 1851 3391 vel
1900 3327 2034 3391 solo
2082 3328 2263 3397 nutu,
2325 3323 2648 3403 suffragiO,

392 3405 853 3472 benevolentia.
955 3409 1180 3493 Itaque
1247 3412 1300 3474 si
1366 3411 1783 3495 professionis
1848 3412 2121 3477 honores
2187 3414 2250 3474 et
2317 3408 2650 3472 commoda

389 3491 661 3573 petierit,
723 3494 934 3576 plures
983 3496 1150 3558 enim
1197 3496 1490 3562 ambiunt
1538 3518 1665 3570 non
1710 3499 1970 3581 perinde
2030 3496 2203 3561 docti
2249 3498 2312 3558 et
2356 3494 2649 3571 modesti,

389 3598 514 3640 non
563 3579 818 3642 recedas
865 3581 946 3644 ab
994 3603 1205 3645 amore
1270 3584 1531 3666 patriae.
1626 3582 1840 3647 Civem
1913 3584 2255 3666 egregium,
2324 3580 2647 3643 doctorem

388 3660 917 3728 humanissimum
967 3668 1288 3739 ‚studiosis
1347 3669 1521 3732 omni
1583 3673 1865 3752 tempore
1924 3691 2172 3733 summa
2219 3666 2457 3746 pietate
2503 3685 2647 3746 pro-

387 3749 782 3828 sequendum
843 3752 1368 3832 competitoribus
1425 3759 1762 3837 antepone,
1813 3759 1882 3818 ut
1926 3753 2182 3836 gloriari
2228 3750 2488 3814 tandem
2534 3749 2649 3814 ali-

388 3833 644 3913 quando
693 3835 878 3898 nobis
921 3836 1110 3901 liceat
1139 3842 1253 3902 tuo
1289 3838 1614 3915 beneficio,
1661 3840 1923 3918 auxilio,
1972 3839 2284 3922 praesidio
2328 3837 2647 3899 firmatam

387 3922 770 4000 auctamque
846 3920 1042 3985 fuisse
1113 3923 1459 3988 Herebordi
1550 3925 1877 4008 Margariti
1965 3924 2365 4006 dignitatem.
2474 3920 2647 3999 Vale,

387 4005 858 4085 spectatissime
903 4010 1404 4089 gymnasiarcha.

700 4104 826 4158 Cod.
862 4105 996 4159 Frcf.
1036 4107 1151 4160 237.

521 4236 550 4264 ⁸
581 4222 719 4276 Stati
754 4223 904 4278 sive.
930 4265 940 4276 .
964 4266 974 4277 .
994 4225 1288 4281 Michaelus
1322 4228 1558 4282 omer..-
1597 4247 1720 4283 nam
1744 4231 1875 4284 haec
1896 4231 2063 4283 forma
2084 4228 2252 4282 doctis
2271 4228 2457 4295 placet.
2494 4225 2643 4279 Vale.

523 4293 541 4322 ¹
576 4290 679 4344 Joh
733 4292 968 4346 Werlich
1011 4293 1316 4364 (Gwerlich)
1354 4297 1557 4350 Erfurd.
1596 4298 1837 4352 Bacular.
1868 4297 2017 4363 1487,
2044 4297 2179 4365 Mag.
2211 4298 2360 4350 1493.
2422 4294 2645 4348 Zweiter

382 4356 578 4412 Rektor
613 4360 708 4412 der
740 4360 1071 4414 Universitiit
1107 4364 1267 4416 1512:
1304 4365 1383 4418 J0.
1423 4365 1674 4418 Guerlich
1708 4365 1967 4433 Erphurd.
2006 4365 2134 4433 phil.
2172 4367 2226 4418 et
2258 4364 2436 4432 theol.,
2462 4365 2642 4432 portae

383 4425 516 4479 coeli
551 4427 766 4497 collega.
841 4429 966 4498 (Ei-f.
1005 4429 1182 4501 Matr.)
