3084 4895
485 421 616 487 342'
1310 420 1482 474 Briefe
1517 420 1609 475 des
1646 422 1696 476 J.
1736 413 1883 474 1513.

495 599 750 679 propter
796 595 1144 659 cottidiana
1189 593 1479 676 quamvis
1525 595 1909 658 mercenaria
1954 593 2282 657 sacrificia.
2376 591 2501 655 Sed
2546 592 2737 674 longe

495 681 678 746 aliter
721 703 820 744 res
877 681 1196 745 suecessit.
1287 679 1500 761 Nuper
1555 681 1632 742 ad
1680 702 1777 743 me
1836 678 2049 742 Morus
2086 680 2293 750 dixit.
2348 678 2515 760 quod
2572 678 2739 742 alias

485 767 566 832 ad
608 771 674 830 te
733 766 972 848 scripsi,
1030 770 1125 828 mie
1181 765 1388 845 {itum
1431 767 1669 840 mathiu*
1730 766 1852 840 nod)
1909 767 2011 826 mit
2070 766 2291 846 gestant,
2349 767 2511 844 batuf
2553 765 2638 839 brt
2684 785 2741 826 tt

497 863 818 928 gtnntmntt:
867 853 986 923 ,βε
1031 853 1382 931 philosophia
1426 852 1524 913 mic
1558 851 1663 928 [tin
1696 855 1775 912 alt
1810 853 2030 913 meistss‘
2076 850 2278 914 Hodie
2308 854 2518 914 autem
2552 871 2737 914 secus

484 939 686 1003 fuisse
728 958 1098 1019 responsum
1160 933 1687 1018 Schindecopius²
1746 935 1899 999 mihi
1953 937 2250 1000 narravit.
2339 937 2401 999 Is
2444 935 2738 999 interfuit

490 1021 754 1106 prandio
801 1023 1063 1087 fratrum
1112 1022 1455 1103 Augustini
1503 1027 1567 1084 et
1612 1023 1841 1092 Morus,
1909 1023 2055 1086 dum
2100 1021 2341 1086 Nathin
2396 1021 2499 1084 hic
2546 1027 2731 1085 esset.

494 1108 591 1172 Ah
637 1109 908 1187 Urbane,
966 1113 1205 1192 quanta
1267 1108 1423 1170 mihi
1467 1107 1544 1170 fit
1588 1107 1853 1190 injuria!
1945 1107 2097 1183 Quis
2141 1109 2440 1172 toleraret
2483 1111 2727 1170 tantam

485 1195 940 1278 iniquitatem‘.>
1028 1193 1190 1268 §.Risu
1238 1195 1326 1270 ljnt
1357 1194 1569 1266 mathiu
1616 1204 1831 1268 gestiet:
1876 1188 2023 1275 ,ῥῶ
2056 1195 2148 1254 bin
2177 1213 2268 1254 not
2303 1193 2581 1270 emutiani
2612 1196 2731 1269 tim

486 1290 696 1356 gement,
744 1300 796 1340 tt
843 1282 931 1357 lJat
977 1281 1091 1340 sein
1138 1281 1320 1338 lusam
1366 1277 1737 1340 netleuthen.·¹
1780 1277 1955 1342 Tunc
2000 1277 2243 1342 Morus:
2292 1272 2414 1360 ,βα
2462 1297 2513 1336 rt
2560 1283 2731 1339 lasset

488 1367 608 1426 htin
651 1367 852 1444 frumen
897 1384 1014 1425 mun
1043 1383 1132 1435 ,πη
1165 1365 1251 1432 im,
1297 1369 1402 1424 bon
1443 1363 1528 1422 bic
1560 1373 1763 1440 putten.
1811 1367 1893 1428 &a
1926 1367 2001 1425 ist
2032 1367 2116 1426 tin
2145 1366 2543 1444 philosophus&
2590 1385 2730 1426 oum

487 1451 618 1514 risu
667 1449 1124 1514 contumelioso
1171 1453 1235 1510 et
1279 1449 1589 1530 applausu
1634 1448 1813 1512 Mori.
1902 1449 2070 1513 Proh
2104 1451 2286 1514 deum
2320 1449 2505 1512 fidem
2540 1452 2732 1532 atque

489 1536 847 1600 hominum!
937 1534 1077 1600 Non
1125 1533 1255 1620 vidi
1300 1540 1414 1598 aut
1459 1534 1672 1598 audivi
1716 1537 1909 1599 istum
1942 1535 2308 1617 theologum
2342 1537 2419 1598 ad
2448 1535 2727 1616 januam.

485 1621 682 1686 Crede
723 1621 897 1696 mihi,
949 1625 1032 1682 als
1079 1621 1178 1680 mit
1221 1630 1311 1696 gut
1344 1620 1489 1700 Ιμιπ,
1537 1641 1749 1684 verum
1798 1622 2037 1704 loquor.
2130 1621 2252 1686 Sed
2288 1622 2411 1684 ista
2442 1625 2733 1685 monstra

484 1707 906 1772 humilitatem
965 1705 1246 1787 professa
1319 1705 1695 1787 superbiunt
1748 1708 2146 1772 intrinsecus,
2237 1707 2399 1784 Quid
2462 1706 2731 1770 faciam?

484 1795 848 1860 Scribamne
893 1793 975 1856 ad
1020 1791 1306 1856 Nathin‘?
1385 1792 1700 1856 Barbarus
1746 1799 1843 1858 est
1886 1798 1950 1858 et
1980 1815 2283 1858 morosus,
2358 1793 2493 1874 Ego
2528 1793 2732 1856 bonos

483 1882 650 1947 viros
693 1880 963 1944 libenter
1027 1879 1294 1942 admitto
1343 1883 1404 1943 et
1447 1899 1632 1941 nemo
1693 1879 1796 1943 hio
1844 1885 1941 1943 est
1984 1903 2081 1944 me
2126 1900 2255 1944 uno
2302 1879 2620 1944 liberalior
2667 1883 2733 1946 et

486 1965 838 2031 humanior.
916 1964 1017 2028 Dii
1063 1965 1339 2047 deaeque
1382 1965 1651 2046 perdant
1696 1969 1760 2029 et
1803 1965 2048 2030 Morum
2095 1971 2158 2029 et
2202 1965 2485 2030 Lotium!
2563 1965 2731 2029 Audi

487 2053 686 2136 plura,
757 2051 907 2134 quia
970 2053 1171 2114 vacat.
1260 2049 1420 2114 Nam
1490 2049 1755 2116 absente
1808 2050 2002 2116 Jano³
2058 2052 2307 2116 studere
2362 2072 2491 2116 non
2551 2052 2729 2116 valeo

482 2141 768 2204 intentus
859 2136 1122 2202 culinae.
1219 2136 1381 2200 Audi
1448 2136 1726 2219 inquam.
1831 2137 1956 2203 Iste
2024 2139 2323 2220 magister
2383 2135 2731 2220 Carspach⁴

481 2225 658 2290 venit
687 2225 751 2288 in
784 2224 970 2290 aedes
1005 2223 1181 2287 Mori.
1232 2223 1471 2286 ·Jussus
1504 2224 1771 2304 primum
1807 2229 2192 2307 exspectare.
2237 2225 2483 2289 Interea
2515 2223 2730 2289 Morus

489 2311 686 2376 libros
733 2311 1036 2392 plurimos
1081 2309 1348 2390 aperuit.
1439 2307 1596 2372 Tum
1644 2311 1919 2375 admisso
1965 2311 2219 2374 homine
2264 2311 2619 2375 studiosum
2662 2331 2732 2373 se

485 2397 763 2463 ostendit
809 2401 872 2461 et
917 2395 1197 2479 apprime
1245 2395 1524 2459 dedit-um
1566 2395 1710 2479 juri.
1792 2397 1924 2461 Hoc
1956 2402 2177 2480 postea
2209 2397 2374 2462 dixit
2409 2395 2730 2480 Carspaoh

488 2484 968 2565 Sohindecopio.
1039 2482 1243 2546 Audio
1275 2487 1597 2563 praeterea
1626 2482 1869 2548 Morum
1906 2486 2110 2549 dicere
2142 2486 2337 2549 solere
2368 2484 2731 2547 Mutianum

491 2593 626 2635 esse
669 2568 1134 2654 philosophum,
1181 2590 1309 2632 non
1349 2568 1803 2651 jurisperitum,
1864 2572 2044 2653 quasi
2108 2572 2387 2653 patiatur
2442 2592 2539 2634 me
2584 2569 2728 2651 phi-

481 2657 826 2741 losophari,
859 2661 933 2719 ut
963 2654 1086 2719 sibi
1114 2654 1277 2737 juris
1310 2655 1575 2719 titulum·
1603 2655 1853 2721 habeat.
1925 2657 1979 2723 O
2004 2657 2244 2739 judicia
2274 2679 2415 2720 vere
2448 2655 2733 2720 asinina!

485 2744 652 2821 Quid
697 2740 974 2807 faciam?
1060 2739 1132 2804 Si
1178 2741 1404 2823 placet,
1464 2746 1725 2806 excuset
1770 2765 1868 2806 me
1912 2742 2225 2825 Petrejus⁵
2272 2742 2439 2825 apud
2485 2741 2727 2806 Nathin

485 2833 550 2894 et
591 2850 765 2895 meos
811 2826 1118 2891 Catilinas
1165 2832 1436 2891 accuset.
1512 2827 1771 2892 Utinam
1838 2830 2159 2894 cerebrum
2216 2830 2477 2893 haberet
2536 2829 2730 2893 Here-

486 2916 738 2982 bordus.
812 2914 953 2986 Non
1000 2913 1235 2978 sineret
1277 2936 1377 2978 me
1421 2917 1606 2979 tanta
1650 2915 1817 2979 affici
1863 2916 2113 2999 injuria.
2205 2916 2373 2980 Vale.

790 3016 911 3071 eod.
949 3014 1080 3069 Frof.
1117 3014 1233 3070 326.
1269 3002 1274 3009 '

485 3205 713 3276 (Gotha.)
1047 3152 1052 3158 ⁵
1523 3188 1667 3253 280.
2318 3208 2365 3259 5.
2402 3207 2535 3277 Aug.
2574 3208 2726 3261 1513.

1233 3316 1515 3387 Mutian
1564 3337 1659 3386 an
1704 3315 1979 3388 Urban.

485 3451 508 3513 (
516 3446 798 3515 Verteidiqt
831 3446 947 3500 sich
975 3462 1132 3515 yeyen
1177 3445 1386 3499 Urbane
1433 3445 1690 3513 Vorwurs}
1729 3448 1853 3500 dass
1888 3464 1945 3499 er
1978 3464 2079 3501 aus
2099 3446 2240 3499 Neid
2271 3448 2397 3501 icber
2431 3448 2728 3503 Musardzae

487 3516 784 3585 unqio'nstiq
817 3514 1016 3584 wlede,
1053 3515 1168 3589 und
1198 3514 1368 3581 beruft
1389 3514 1504 3567 sich
1537 3515 1642 3583 aus
1669 3516 1810 3569 aeine
1842 3515 1958 3569 ihm
1992 3532 2095 3569 aus
2112 3516 2313 3569 Anlass
2344 3516 2513 3570 ,se-ines
2541 3517 2729 3585 Opfers

1227 3584 1631 3651 darqebraohten
1674 3585 1993 3653 Gesohenlce.)

1127 3696 1230 3747 Ad
1262 3698 1344 3748 H.
1381 3698 1703 3749 Urbanum
1736 3699 1825 3748 M.
1859 3697 2079 3748 Rufum

688 3788 753 3853 S.
843 3790 1179 3854 Familiare
1239 3794 1336 3855 est
1379 3792 1518 3870 tibi,
1579 3791 1829 3856 Urbane
1892 3797 2088 3875 pater,
2150 3793 2447 3875 adjuvare
2505 3794 2729 3859 doctos

488 3878 552 3939 et
596 3875 780 3940 laude
828 3876 1071 3958 dignos.
1148 3877 1391 3941 Fovisti
1435 3878 1499 3941 in
1544 3880 1655 3941 tuo
1688 3879 1832 3942 sinu
1877 3879 2295 3961 Spalatinum,
2330 3878 2727 3944 Musardum⁶

624 4029 641 4059 ¹
676 4028 1006 4095 Augustiner.
1055 4028 1104 4082 S.
1127 4046 1233 4081 vor.
1254 4028 1338 4081 Br.
1447 4031 1466 4061 ²
1503 4029 1847 4082 Gothaisoher
1880 4030 2184 4084 Kanonikus
2220 4031 2343 4085 Joh.
2381 4031 2501 4085 Soh.
2545 4032 2595 4085 S.
2624 4032 2721 4085 241

483 4098 545 4150 A.
584 4096 629 4151 2.
773 4099 794 4129 ³
826 4096 1017 4149 Diener
1047 4097 1214 4151 Janus
1250 4098 1476 4151 Urbicus
1514 4098 1584 4167 (S.
1612 4098 1711 4151 284
1746 4100 1807 4152 A.
1837 4098 1887 4167 1)
1926 4100 2017 4151 auf
2047 4099 2190 4151 einer
2228 4100 2635 4155 Gesohiiftsreise
2670 4101 2725 4153 in

484 4166 688 4219 Hessen
724 4165 1014 4219 abwesend.
1070 4166 1186 4235 Vgl.
1221 4166 1308 4221 ΒΓ.
1347 4167 1446 4220 296
1480 4182 1604 4219 vom
1640 4167 1719 4221 26.
1758 4170 1918 4235 Augu:
1962 4167 2089 4221 »Sed
2137 4169 2171 4221 J
2174 4184 2333 4221 anum
2377 4172 2503 4222 tunc
2552 4169 2723 4223 infeli-

485 4234 698 4287 cissima
729 4234 922 4289 Hassia
955 4234 1180 4288 habuit«
1317 4236 1454 4288 4Eiu
1487 4235 1694 4288 Freund
1727 4235 1971 4292 MutianS.
2010 4237 2102 4289 der
2136 4238 2191 4289 in
2226 4238 2313 4289 ΒΥ.
2336 4239 2436 4292 202
2474 4238 2719 4307 (a.1512)

485 4304 564 4357 als
601 4320 704 4357 von
737 4304 851 4355 ihm
887 4304 1242 4372 begiinstigter
1275 4304 1553 4357 Bewerber
1587 4321 1679 4357 um
1716 4305 1831 4358 eine
1866 4305 2183 4359 Gothaisohe
2233 4305 2463 4359 Pfriinde
2499 4312 2727 4375 genannt
2758 4356 2767 4364 .

484 4372 631 4425 wird.
691 4372 742 4427 S.
780 4372 878 4426 257
914 4376 976 4427 A.
1012 4372 1060 4426 8.
1202 4374 1223 4405 ⁵
1256 4373 1338 4426 Da
1370 4372 1507 4426 Petr.
1556 4374 1631 4425 im
1666 4377 1797 4441 Aug.
1836 4374 2074 4441 abreiste‚
2129 4391 2185 4428 so
2220 4375 2365 4443 giebt
2410 4376 2522 4429 dies
2572 4376 2725 4429 einen

483 4440 680 4497 Anhalt
713 4458 808 4496 zur
830 4441 1295 4511 Zeitbestimmung
1329 4443 1422 4497 des
1438 4442 1522 4497 ΒΓ.
1630 4443 1652 4475 ⁰
1668 4442 1865 4496 Lehrer
1897 4442 1953 4496 in
1972 4443 2331 4514 Georgenthal.
2352 4444 2468 4513 Vgl.
2496 4444 2583 4499 Bt.
2605 4444 2723 4501 272.

2977 4816 3021 4895 L„
