3084 4895
1209 397 1394 455 Urban
1429 414 1496 453 an
1533 398 1793 467 PetrejuS.
2488 396 2613 463 265

369 534 571 643 Erfum'
1429 573 1570 638 210.
2247 586 2400 655 (Nov.
2440 588 2611 653 1512.)

1070 684 1324 755 Urban
1369 704 1466 753 an
1511 682 1914 770 Petrejusst

373 795 784 863 (Glaelowunsek
817 813 922 848 zur
957 796 1332 865 Verlzeiratuny
1357 797 1446 849 der
1471 796 1750 849 Schwester
1771 795 1874 847 mit
1903 794 2123 873 Gerlach
2144 810 2242 845 von
2259 793 2349 845 der
2372 792 2616 846 Mar-then

473 864 588 917 und
619 881 723 917 zur
757 864 1177 919 beverstehenden
1209 866 1296 919 des
1331 865 1565 919 Bruders
1612 864 1871 917 Heinrich
1901 864 2004 917 mit
2038 862 2181 917 θύων
2213 860 2475 915 Paradies
2478 865 2511 929 .)

477 963 723 1023 Petrejo
761 963 1188 1023 Aper-baceho,
1222 964 1516 1025 mag-istro
1553 976 1679 1013 non
1713 963 1977 1023 vulgari,
2006 962 2327 1020 utriusque
2357 960 2513 1019 juris

556 1035 619 1082 et
653 1032 904 1095 ling-uae
943 1032 1407 1091 studiosissimO,
1443 1034 1640 1083 amieo
1677 1032 1969 1091 primario
2003 1030 2085 1080 H.
2121 1030 2431 1080 Urbanus.

580 1125 809 1190 Salvus
841 1127 927 1190 sis
961 1130 1025 1189 et
1055 1130 1379 1189 aeternum
1425 1126 1598 1205 felix,
1631 1127 1715 1189 mi
1746 1126 2119 1192 suavissime
2151 1129 2343 1206 atque
2376 1123 2612 1204 optime

374 1211 603 1274 Petrei.
691 1212 835 1275 Non
897 1233 1153 1293 possum
1212 1214 1447 1276 tacitus
1507 1213 1843 1296 praeterire
1898 1233 2127 1275 novum
2186 1214 2335 1273 tuae
2389 1210 2613 1272 domus

374 1302 833 1362 ornamentum.
923 1297 1166 1363 Tantus
1211 1304 1308 1363 est
1351 1321 1530 1363 meus
1586 1320 1733 1379 erga
1776 1304 1841 1363 te
1884 1318 2077 1373 amor,
2151 1300 2333 1359 tanta
2400 1295 2613 1359 obser-

377 1384 614 1447 vantia.
704 1382 975 1448 Multum
1038 1385 1390 1467 splendoris
1456 1406 1656 1467 nuper
1724 1382 2145 1467 Aperbacchis
2212 1383 2479 1446 accessit
2534 1405 2612 1445 ex

375 1469 577 1533 nobili
622 1468 1104 1551 Margaritorum
1152 1471 1408 1547 familia,
1457 1494 1600 1536 cum
1637 1472 1867 1553 pudica
1896 1474 1961 1534 et
1990 1469 2155 1533 bene
2187 1470 2407 1533 dotata
2438 1490 2611 1531 soror

373 1560 486 1619 tua
530 1555 858 1639 splendido
911 1557 1132 1638 juveni
1187 1556 1450 1622 Gerlaco
1507 1558 1771 1622 solemni
1815 1558 1941 1622 ritu
1988 1557 2369 1637 denupserit.
2460 1555 2611 1620 Fuit

375 1646 620 1706 ecastor
686 1643 812 1707 tale
879 1644 1305 1726 spectaculum
1361 1644 1426 1707 in
1477 1644 1868 1709 celebrandis
1936 1643 2330 1723 nuptialibus
2396 1642 2609 1717 sacriS‚

374 1729 561 1811 quale
607 1728 893 1810 pluribus
940 1734 1104 1794 retro
1153 1732 1337 1794 annis
1383 1732 1595 1797 nescio
1640 1753 1723 1795 an
1770 1730 2000 1795 viderit
2065 1728 2373 1793 Erfordia.
2462 1728 2612 1792 Dixi

374 1830 511 1879 tum
558 1814 823 1879 feliciter
867 1819 932 1879 et
976 1817 1290 1880 exsultavi
1355 1840 1504 1900 prae
1570 1817 1803 1899 gaudio
1869 1820 2287 1900 precatusque
2356 1837 2614 1897 superos

373 1923 534 1979 sum,
583 1904 655 1964 ut
697 1902 1062 1984 conjugium
1108 1903 1262 1966 illud
1309 1904 1500 1967 etiam
1549 1904 1717 1968 natis
1750 1928 1826 1967 ex
1862 1924 1933 1966 eo
1964 1902 2237 1966 filiorum
2279 1902 2614 1985 nepotibus

372 1986 752 2056 inviolatum.
815 1988 1221 2070 faustumque
1288 1996 1628 2055 servarent.
1721 1991 1804 2053 At
1870 2010 2079 2053 sorore
2142 1989 2337 2071 probe
2402 1989 2611 2052 locata

371 2072 591 2137 frater²
667 2096 918 2157 quoque
989 2080 1168 2158 pater
1241 2076 1376 2139 fieri
1448 2082 1511 2139 et
1585 2076 1934 2159 legitimam
2008 2074 2239 2138 babere
2312 2074 2613 2138 Venerem

372 2160 636 2243 optavit.
730 2160 808 2224 Et
853 2161 1124 2244 contigit
1167 2162 1419 2226 Junone
1464 2164 1755 2246 propitia.
1845 2162 2006 2226 Nam
2042 2162 2345 2243 proximis
2390 2161 2614 2225 diebus

373 2247 814 2328 virgunculam
860 2248 1044 2312 claris
1077 2249 1416 2328 natalibus,
1465 2251 1706 2314 sanctis
1738 2253 1801 2313 et
1834 2249 2201 2333 compositis
2246 2247 2546 2325 moribuS,
2582 2271 2614 2313 e

376 2333 728 2399 clarissima
771 2338 963 2417 gente
1007 2334 1450 2400 Paradisorum
1520 2337 1644 2401 sibi
1713 2336 2088 2419 desponsam
2156 2356 2270 2399 suo
2333 2339 2616 2417 tempore

377 2420 634 2485 domum
707 2420 912 2486 ducet.
1033 2420 1137 2486 Sic
1212 2423 1547 2506 multiplici
1636 2421 1861 2507 copula
1949 2421 2309 2487 Herebordo
2400 2426 2615 2486 nostro

374 2508 760 2590 astringeris
853 2507 1044 2572 Soror
1082 2509 1205 2573 tibi
1236 2509 1611 2592 Margaritos
1658 2515 1720 2574 et
1767 2509 2115 2574 honoribus
2147 2515 2209 2572 et
2241 2531 2614 2592 proavorum

379 2597 714 2657 stemmate
759 2595 1060 2677 insignes,
1108 2595 1299 2660 frater
1343 2597 1656 2660 Henricus
1700 2601 2048 2660 maternam
2098 2596 2441 2660 Herebordi
2472 2617 2617 2678 pro-

374 2680 618 2763 sapiam
685 2682 1039 2746 arctissima
1105 2683 1402 2747 conciliat
1475 2683 1807 2747 affinitate.
1920 2680 2207 2756 Salvebis
2274 2682 2469 2764 igitur
2534 2682 2615 2746 ab

374 2767 564 2831 affine
641 2766 1030 2844 Herebordo‚
1108 2768 1288 2850 cujus
1361 2769 1599 2833 inclitis
1675 2767 1971 2833 laudibus
2046 2769 2305 2832 cottidie
2378 2769 2632 2850 aliquid·

375 2852 638 2917 accedit.
721 2853 913 2917 Juvat
957 2855 1124 2918 enim
1173 2859 1481 2938 ornatque
1522 2856 1917 2937 juventutem
1970 2855 2289 2936 eleganter
2334 2855 2615 2919 docendo

375 2942 755 3021 tantumque
820 2941 992 3004 valet
1057 2941 1224 3023 apud
1298 2942 1618 3007 auditores
1685 2942 2063 3006 auctoritate
2130 2946 2194 3004 et
2259 2942 2484 3022 gratia,
2545 2945 2619 3004 ut

374 3025 524 3089 inde
568 3025 831 3107 gloriam
879 3027 933 3090 si
981 3049 1106 3090 non
1152 3027 1572 3092 immortalem
1620 3027 1709 3107 (id
1754 3028 2014 3091 arduum
2070 3027 2300 3100 nimis),
2352 3032 2419 3090 at
2450 3033 2617 3091 certe

378 3133 671 3192 magnam
720 3117 783 3175 et
831 3135 954 3176 non
1001 3114 1203 3177 solum
1271 3115 1563 3195 angustis
1633 3115 1870 3196 patriae
1935 3114 2220 3176 terminis
2286 3113 2617 3187 inclusam,

376 3198 486 3262 sed
534 3197 724 3262 etiam
779 3198 964 3281 longe
1025 3199 1277 3281 lateque
1342 3205 1682 3282 vagantem
1729 3201 1813 3263 sit
1857 3200 2218 3282 adepturus
2309 3201 2463 3281 Ego,
2533 3200 2617 3262 mi

377 3283 607 3360 Petrei,
673 3284 974 3365 reliquias
1043 3287 1368 3366 Arpinatis
1434 3290 1793 3350 contractas
1839 3286 1904 3348 in
1952 3283 2207 3363 Gallia,³
2273 3308 2429 3367 quas
2496 3286 2617 3349 huc

377 3370 632 3446 misisti,
680 3370 822 3434 dedi
869 3371 947 3435 ad
995 3371 1351 3435 Mutianum
1422 3377 1729 3436 nostrum.
1818 3371 1879 3433 Is
1924 3375 2070 3454 post
2112 3370 2259 3435 Jani
2308 3371 2617 3435 Calendas

379 3456 696 3520 consulari
760 3457 894 3520 viro
961 3457 1202 3521 Jodoco
1268 3457 1618 3538 Brengbiro
1690 3456 2016 3522 Gothano⁴
2074 3459 2345 3539 pretium
2412 3459 2489 3521 ad
2555 3462 2618 3520 te

377 3541 548 3606 bona
614 3542 738 3606 fide
799 3543 977 3608 dabit
1023 3549 1087 3608 et
1131 3543 1398 3608 fortasse
1465 3545 1792 3626 negotium
1863 3543 2263 3606 emendorum
2332 3545 2615 3608 codicum

378 3628 807 3710 procurationi
877 3633 1026 3693 tuae
1102 3630 1500 3712 delegaverit.
1622 3628 1787 3694 Cura
1853 3634 1926 3692 ut
1995 3629 2171 3705 bene,
2242 3630 2325 3692 mi
2390 3630 2618 3707 Petrei,

377 3713 591 3777 valeas
637 3718 700 3778 et
746 3737 844 3777 me
888 3716 1132 3778 doctori
1194 3714 1678 3800 Christophoro⁵
1740 3721 1822 3792 et,
1872 3716 1925 3777 si
1971 3715 2195 3797 placet,
2264 3713 2617 3780 Matianum

383 3801 770 3864 commenda.
861 3801 958 3863 Ex
1003 3800 1309 3865 Erfordia.

685 3883 807 3936 Cod.
843 3883 974 3937 Frcf.
1013 3885 1128 3938 239.

515 4006 536 4036 ²
561 3975 727 4058 Uber
757 4005 858 4056 den
893 4002 1164 4071 Leipziger
1214 4002 1523 4056 Aufenthalt
1559 4004 1651 4055 des
1686 4003 1854 4070 Petrej
1860 4021 1924 4056 us
1974 4003 2076 4070 vgl.
2115 4004 2216 4056 den
2249 4019 2357 4056 vor.
2395 4002 2480 4054 ΒΓ.

382 4075 403 4106 ²
436 4073 616 4127 Heinr.
671 4072 959 4132 Eberbach
1014 4073 1105 4124 der
1157 4072 1270 4124 sich
1318 4072 1416 4124 mit
1452 4072 1596 4124 einer
1629 4072 1917 4124 Erfurterin
1951 4088 2046 4125 aus
2082 4073 2173 4124 der
2205 4071 2423 4124 Familie
2459 4072 2618 4125 Para-

385 4141 500 4194 dies
551 4141 756 4194 verlobt
807 4141 966 4195 hatte.
1038 4141 1105 4194 So
1140 4142 1320 4193 wurde
1374 4141 1458 4192 die
1512 4140 1966 4194 Verwandtschaft
2017 4141 2109 4192 der
2160 4141 2458 4193 Eberbachs
2512 4143 2620 4194 und

387 4227 492 4264 von
529 4212 623 4263 der
654 4209 897 4262 Marthen
933 4210 1048 4262 eine
1085 4210 1340 4278 doppelte
1378 4211 1444 4262 da
1479 4211 1618 4272 auch
1669 4209 1934 4262 Herbords
1984 4209 2180 4261 Mutter
2232 4211 2346 4261 eine
2398 4209 2619 4277 geborne

387 4279 636 4333 Paradies
682 4295 804 4333 war.
877 4279 992 4348 Vgl.
1030 4279 1387 4345 K1·ause,E.
1426 4263 1629 4331 Hessus
1664 4279 1705 4344 I,
1742 4279 1808 4331 65
1846 4279 1947 4347 (wo
1994 4274 2085 4330 der
2132 4278 2301 4331 Name
2352 4278 2621 4332 Elisabeth

381 4364 484 4402 von
517 4348 949 4424 Paradiesgarten
999 4363 1242 4417 ungenau
1287 4349 1414 4401 statt
1459 4319 1729 4401 Elisabetli
1764 4347 2011 4400 Paradies
2048 4363 2177 4415 ange
2214 4348 2343 4401 eben
2377 4347 2484 4416 ist).

381 4417 403 4448 ⁸
437 4417 536 4470 Die
571 4416 781 4470 Pariser
821 4417 982 4486 Ausg.
1031 4419 1124 4470 des
1159 4417 1353 4483 Cicer0,
1399 4417 1486 4470 bei
1531 4418 1747 4471 Ascens.
1798 4417 1945 4469 1511.
2016 4416 2101 4484 Vg
2099 4417 2137 4470 1.
2220 4416 2371 4472 ,240
2404 4415 2466 4471 Α.
2502 4417 2549 4469 6.

387 4486 409 4517 ⁴
443 4486 558 4558 Vgl.
596 4485 647 4542 S.
685 4485 786 4543 222
818 4488 881 4540 A.
917 4487 966 4544 4.
1110 4487 1132 4522 ⁵
1167 4485 1448 4556 christoph
1481 4485 1705 4542 Sonfeld.
1776 4485 1893 4555 Vgl.
1930 4501 2038 4541 vor.
2074 4485 2167 4539 Br.
