3084 4895
1251 367 1463 465 Mutian
1499 427 1570 464 an
1606 408 1804 465 Urban.
2512 409 2637 476 313

454 584 827 638 Praestabssi
861 589 926 636 et
958 587 1397 638 humanissimo
1431 587 1601 647 patri
1634 587 1715 637 Η.
1751 586 2005 638 Urbano
2040 585 2355 646 magistro,
2390 596 2565 636 oeco-

899 667 1100 715 nom0,
1135 657 1330 705 amico
1365 657 1702 716 praecipuo
1740 653 1855 728 (M.
1883 651 2127 721 Rufus).

597 749 660 815 S.
752 749 937 814 Nunc
983 772 1181 832 nuper
1225 751 1305 814 ad
1351 773 1450 815 me
1492 751 1731 828 literae,
1780 771 1941 833 quas
1971 747 2166 828 videS‚
2200 751 2353 811 sunt
2382 747 2630 812 missae.

391 836 612 902 Placet
682 835 839 899 mihi
910 836 1142 900 titulus
1214 841 1280 900 et
1350 837 1685 900 emendata
1759 833 2082 902 brevitas.¹
2177 834 2635 916 Argumentum

391 927 600 988 totum
674 922 1071 988 humanitate
1144 927 1209 986 et
1280 923 1486 1004 gratia
1561 922 1859 987 refertum
1932 926 2047 1000 est,
2124 920 2233 984 sed
2306 925 2636 1002 excerptor

393 1009 628 1073 erravit
689 1009 769 1072 ab
846 1009 1205 1092 archetypo,
1281 1001 1462 1091 quod'
1519 1014 1589 1073 tu
1659 1008 1841 1074 facile
1908 1007 2243 1090 judicabis,
2354 1006 2635 1071 Joannes

391 1095 699 1160 Reuchlin
746 1094 1018 1159 dicando
1062 1094 1504 1159 Defensionem
1552 1095 1804 1160 Caesari
1868 1093 2069 1159 multa
2126 1092 2351 1157 tribuit
2409 1093 2635 1157 titulo-

390 1187 600 1260 tenus,
642 1202 805 1263 quae
853 1185 1002 1244 ante
1063 1182 1405 1268 non·legi;
1467 1203 1851 1264 quamquam
1911 1179 2247 1244 vernacula
2303 1179 2635 1260 inscriptio

381 1259 580 1350 longe
652 1267 739 1330 sit
811 1266 1172 1332 mirabilior.
1290 1268 1462 1333 Inter
1533 1269 1661 1332 alia
1736 1267 1957 1332 mundi
2032 1266 2353 1331 dominum
2429 1269 2630 1329 vocat.

392 1353 609 1418 Utitur
679 1358 936 1419 auctore
1007 1354 1230 1436 prisco.
1343 1354 1504 1418 Nam
1582 1354 1944 1418 Antoninus
2011 1353 2351 1435 imperator
2418 1351 2633 1414 eadem

391 1439 812 1522 appellatione
878 1439 1214 1522 gaudebat.
1305 1439 1619 1520 Latinius,
1690 1444 1763 1504 ut
1826 1439 1980 1502 mihi
2043 1438 2294 1522 quidem
2365 1437 2632 1516 videtur,

391 1526 714 1590 Vitruvius
760 1526 1117 1608 Augustum
1175 1527 1434 1606 salutat,
1495 1548 1624 1590 non
1670 1526 1890 1592 mundi
1935 1525 2045 1590 sed
2098 1525 2269 1590 orbis
2325 1527 2629 1588 terrarum

390 1613 830 1696 imperatorem
898 1613 1154 1677 faciens,
1246 1613 1366 1690 Qui
1432 1613 1600 1677 enim
1662 1613 1797 1676 fieri
1862 1615 2091 1694 potest,
2158 1616 2231 1676 ut
2293 1611 2480 1675 homo
2548 1611 2634 1674 sit

390 1700 609 1763 mundi
662 1699 782 1763 hoc
838 1704 935 1762 est
993 1698 1170 1774 coeli,
1232 1699 1410 1782 cujus
1471 1699 1897 1776 circumflexu,
1944 1704 2017 1762 ut
2062 1699 2304 1762 Plinius
2371 1693 2630 1780 inquit,²

387 1789 699 1869 teguntur
743 1786 975 1864 omnia,
1021 1786 1360 1850 dominus?
1447 1786 1754 1868 Exempla
1783 1783 2039 1850 Maruli²
2074 1785 2266 1868 probe
2297 1808 2334 1849 a
2364 1783 2633 1867 pedibus

390 1873 471 1936 ad
535 1894 782 1949 coxam,
829 1873 956 1936 imo
1001 1895 1039 1935 a
1084 1873 1291 1956 capite
1345 1873 1423 1936 ad
1485 1873 1676 1955 pedes
1738 1893 1938 1953 usque
1998 1871 2372 1936 convestiaS.
2464 1869 2633 1936 Utile

389 1981 550 2041 opus
595 1963 708 2023 est.
800 1957 1068 2041 Scripsit
1111 1959 1193 2024 ad
1237 1981 1335 2023 me
1381 1957 1693 2024 Purrhus⁴
1738 1959 1816 2023 de
1860 1957 2041 2022 libris
2084 1959 2406 2022 teutonice
2466 1978 2633 2020 com-

389 2045 636 2129 positis,
714 2061 874 2127 quos
946 2046 1080 2128 ipse
1153 2045 1458 2127 proximis
1519 2045 1825 2109 nundinis
1892 2046 2167 2110 emisset.
2279 2043 2631 2125 Scriptores

393 2154 520 2196 non
565 2131 936 2196 nominavit.
1028 2131 1143 2196 Dic
1197 2154 1344 2216 ergo
1404 2136 1478 2197 tu
1535 2131 1711 2206 mihi,
1769 2154 1851 2195 an
1906 2131 2209 2197 Brantus⁵
2273 2131 2358 2196 sit
2408 2134 2631 2194 auctor

388 2217 706 2283 Historiae
762 2217 1107 2283 Turcarum
1175 2223 1240 2283 et
1304 2217 1561 2300 Speculi
1625 2217 1901 2284 moralis.
1992 2219 2327 2283 Praeterea
2386 2221 2453 2282 te
2516 2237 2629 2300 pro

388 2306 512 2370 fide
551 2306 618 2369 in
661 2327 760 2368 me
805 2309 918 2368 tua
961 2305 1267 2382 obtestor,
1327 2310 1402 2370 ut
1462 2305 1621 2370 nihil
1686 2305 2045 2375 dissimules
2104 2306 2169 2371 in
2226 2327 2293 2368 re
2353 2303 2628 2368 libraria.

390 2391 552 2457 Nam
599 2390 898 2475 majorem
945 2413 1024 2455 ex
1069 2391 1244 2457 nulla
1287 2392 1412 2458 alia
1455 2392 1847 2476 voluptatem
1910 2391 2187 2478 percipio
2251 2396 2315 2457 et
2378 2390 2628 2455 exsulto

392 2501 542 2562 prae
594 2478 846 2561 gaudio,
901 2478 1152 2561 quoties
1210 2480 1359 2544 novi
1419 2480 1661 2563 aliquid
1721 2480 1979 2546 affertur
2040 2481 2172 2544 sive
2215 2479 2450 2543 bonum
2498 2478 2631 2541 sive

391 2565 650 2629 malum.
740 2564 1166 2649 Nepotianus⁸
1235 2565 1400 2631 dixit
1463 2570 1530 2630 te
1593 2566 1818 2631 emisse
1892 2566 2239 2633 maximum
2308 2565 2632 2629 cumulum

389 2652 712 2716 librorum.
801 2651 960 2715 Hem
1007 2674 1118 2715 cur
1160 2651 1315 2716 mihi
1377 2652 1618 2735 negas?
1677 2675 1787 2717 cur
1839 2653 2164 2720 occultas?
2252 2652 2418 2717 Puto
2477 2650 2631 2715 visi-

387 2738 560 2803 tabis
614 2737 1044 2820 Neoburgium
1101 2738 1200 2803 die
1256 2739 1426 2803 Petri
1471 2745 1538 2804 et
1582 2739 1782 2803 Pauli.
1874 2741 2114 2818 Quaere
2165 2735 2628 2804 Justinianum⁷

389 2830 456 2889 et
509 2829 734 2889 cetera.
827 2824 1140 2906 Petrejum
1207 2825 1585 2909 increpabiS,
1650 2827 1818 2909 quod
1886 2827 2150 2892 Vuldam
2218 2826 2309 2890 ire
2374 2821 2639 2893 noluit.⁸.

312 2909 317 2914 ’
389 2911 442 2977 Ο
511 2932 699 2994 quam
763 2909 1082 2992 jucundus
1146 2911 1388 2989 fuisset,
1456 2934 1648 2997 quam
1714 2918 2012 2998 acceptus
2078 2912 2358 2977 antistiti
2425 2933 2464 2975 a
2533 2931 2631 2973 me

387 2997 900 3062 commendatus!
994 2997 1212 3062 Frater
1258 2998 1392 3081 ejus
1437 2999 1593 3063 mihi
1647 3021 1771 3063 non
1826 2998 2215 3083 respondet.⁹
2301 2996 2630 3063 Postulavi

387 3084 618 3168 pilulas
663 3087 727 3147 et
772 3084 1163 3166 purgamina,
1209 3085 1318 3148 sed
1366 3085 1607 3149 nullum
1666 3086 1840 3150 misit
1892 3074 2307 3168 καθαρισμὸν
2359 3083 2630 3168 pituosis

387 3174 454 3235 et
498 3169 802 3252 improbis
847 3168 1219 3234 humoribus
1262 3170 1591 3236 medendo.
1621 3183 1649 3212 ⁸
1736 3171 1959 3238 Scribo
1999 3172 2245 3249 iterum,
2277 3172 2429 3253 quia
2458 3169 2631 3234 sanis

387 3256 845 3340 providendum
917 3261 1032 3333 est,
1099 3280 1180 3321 ne
1243 3258 1524 3322 cruditas
1599 3262 1843 3323 noceat.
1957 3258 2119 3335 Quid
2188 3257 2409 3322 dicunt
2476 3254 2631 3319 muli

387 3340 780 3407 MarianiP¹⁰
868 3342 1186 3407 Duronius
1227 3341 1476 3408 Bibas¹¹
1536 3343 1708 3408 haud
1773 3344 1965 3410 dubie
2028 3344 2229 3408 stabit
2287 3342 2610 3425 promissis

388 3429 445 3494 si
488 3428 877 3511 flagitavere
969 3428 1250 3494 Vicarius
1296 3428 1761 3514 Spalatineus¹²
1822 3431 2070 3495 videtur
2128 3451 2337 3494 moros
2395 3428 2630 3493 imitari

522 3579 552 3666 ῗ
577 3565 937 3689 ffifflaelilldgber
971 3633 1056 3685 ein
1089 3636 1464 3703 ungenanntes,
1514 3634 1629 3687 ihm
1665 3652 1759 3688 zur
1792 3636 2017 3689 Ansicht
2066 3634 2409 3703 zugesandtes
2460 3634 2627 3688 Buch.

386 3704 407 3736 ²
443 3702 578 3758 Hist.
617 3705 722 3757 nat.
759 3702 826 3756 H.
863 3702 980 3756 Ans.
1034 3702 1286 3757 Dasselbe
1323 3704 1462 3757 citat
1495 3704 1551 3756 in
1585 3704 1673 3759 ΒΥ.
1711 3704 1757 3759 2.
1899 3705 1919 3737 ³
1951 3704 2159 3758 Urbans
2194 3702 2401 3756 Schrift.
2439 3702 2489 3757 S.
2527 3704 2629 3758 308

293 3814 298 3818 .
383 3775 447 3825 A.
487 3774 534 3825 5.
676 3772 697 3803 ⁴
732 3772 947 3824 Gelehrt
980 3773 1087 3824 und
1135 3772 1491 3826 alter-tiimlieh
1538 3775 1667 3827 statt
1712 3773 1965 3842 Pyrrhus,
2002 3774 2105 3827 -der
2148 3772 2381 3825 Erfurter
2431 3773 2627 3841 Scriba,

383 3840 524 3894 auch
545 3840 710 3893 Janus
736 3840 1028 3909 Campegus
1052 3844 1290 3907 genannt.
1328 3840 1378 3895 S.
1417 3843 1518 3895 210
1553 3845 1615 3895 A.
1654 3844 1699 3895 1.
1806 3844 1827 3875 ὃ
1860 3842 2132 3896 Sebastian
2155 3841 2352 3895 Brandt
2378 3844 2435 3910 (†
2457 3842 2629 3911 1521),

385 3911 480 3962 der
514 3909 786 3963 Verfasser
821 3910 913 3963 des
947 3909 1348 3963 Narrenschiffs.
1420 3912 1527 3963 Der
1576 3910 1943 3991 Sittenspiegel
1986 3912 2095 3964 und
2131 3912 2224 3963 der
2255 3910 2627 3981 Turkenkrieg,

383 3977 706 4031 vermutlich
761 3978 1012 4031 deutsche
1065 3993 1322 4046 anonyme
1371 3979 1647 4045 Schriften,
1685 3980 1803 4034 sind.
1836 3982 1985 4034 mcht
2017 3997 2122 4033 von
2153 3980 2283 4032 ihm.
2354 3980 2455 4033 Mit
2507 3982 2627 4033 dem

383 4047 672 4119 Speculum
705 4047 901 4100 morale
937 4048 1144 4099 scheint
1211 4049 1432 4102 emeint:
1485 4048 1771 4116 Speculum
1822 4050 2085 4103 humanae
2140 4049 2457 4103 salvationis.
2528 4050 2629 4103 Ein

384 4116 596 4185 Spiegel
619 4115 1007 4169 menschlicher
1039 4065 1372 4170 Behzfftnuss,
1410 4118 1517 4188 (lat.
1556 4134 1607 4171 u.
1646 4118 1887 4187 deutsch)
1926 4135 1971 4172 o.
2010 4117 2068 4171 Ο.
2104 4135 2155 4173 u.
2192 4119 2240 4171 J.
2282 4120 2499 4188 (Augsb.
2537 4135 2628 4171 um

386 4185 524 4238 1472
556 4201 609 4237 u.
647 4185 715 4253 ὃ.)
837 4186 860 4217 ⁶
894 4185 1128 4238 Andreas
1162 4185 1245 4249 N„
1270 4186 1490 4240 ‘Urbans
1524 4187 1677 4240 Neffe
1711 4188 1819 4239 und
1858 4187 2217 4241 Amanuensis'.
2255 4189 2305 4243 S.
2343 4190 2438 4241 211
2478 4190 2539 4241 A.
2578 4191 2627 4242 5.

383 4253 504 4322 Vgl.
541 4252 626 4307 Br.
667 4254 782 4307 235.
924 4254 943 4285 ⁷
976 4253 1304 4307 Justinianus
1339 4256 1591 4309 Venetus,
1649 4255 1700 4308 S.
1738 4256 1836 4308 301
1873 4258 1935 4312 A.
1972 4258 2019 4309 5.
2159 4258 2180 4289 ⁸
2216 4257 2318 4310 Zur
2368 4256 2627 4325 Begliick-

385 4322 718 4391 wiinschung
752 4322 1086 4377 Hartmanus,
1125 4322 1209 4376 Br.
1248 4324 1363 4377 244.
1491 4325 1513 4355 ⁹
1548 4324 1665 4392 Vgl.
1702 4323 1821 4391 folg.
1860 4325 1945 4378 Br.
2078 4327 2120 4357 ¹⁰
2150 4326 2249 4378 Die
2284 4327 2493 4389 Vikare,
2530 4326 2630 4379 mit

385 4394 556 4445 denen
576 4406 634 4443 er
649 4406 832 4460 wegen
866 4391 1038 4444 seinos
1073 4391 1280 4445 Hauses
1303 4393 1378 4445 im
1403 4392 1593 4447 Streite
1628 4393 1726 4461 lag.
1763 4394 1851 4447 Br.
1890 4394 2003 4447 250.
2114 4395 2153 4426 ¹¹
2187 4395 2294 4449 Der
2311 4396 2429 4449 Abt.
2466 4394 2627 4449 Bibas

385 4460 642 4533 (Ti-inker)
679 4461 818 4515 auch
851 4460 906 4515 in
941 4459 1027 4514 ΒΥ.
1066 4461 1181 4516 240.
1220 4462 1334 4516 261.
1476 4464 1518 4495 ²²
1552 4462 1669 4516 Von
1704 4462 2125 4517 Hohenkirchen.
2161 4462 2211 4517 S.
2250 4467 2312 4518 71
2351 4467 2411 4521 A.
2454 4466 2499 4517 1.
