3084 4895
1237 371 1448 425 Mutian
1483 386 1552 423 an
1579 368 1758 437 Lang.
2506 367 2585 430 61
2600 366 2637 429 ’7

377 544 607 609 diebus
654 542 737 607 Et
778 546 989 607 tecum
1052 544 1209 607 totis
1270 541 1569 606 noctibus
1625 563 1762 605 esse
1820 536 2098 604 velim.“¹
2191 535 2442 601 Placuit
2502 535 2638 618 ipsa

371 630 532 695 mihi
604 628 855 710 phrasis
923 631 987 691 et
1052 629 1238 693 stilus
1304 628 1777 710 objurgatorius
1845 624 2267 689 exstimulans
2329 621 2410 686 ad
2479 620 2638 683 bene

374 715 634 780 vivendi
678 714 1011 778 rationem.
1100 714 1325 797 Itaque
1356 714 1541 777 salsis
1578 714 1701 778 illis
1749 709 2319 776 declamationibus
2363 707 2636 790 elogium

371 800 745 883 hujusmodi
789 800 1072 863 attexui:

598 886 927 967 Quemque
972 884 1183 947 colore
1226 904 1364 962 suo,
1411 885 1679 949 mordax
1719 873 2076 969 Ἱερώνυμε,
2105 894 2133 922 ⁸
2177 879 2408 963 pingiS,

599 992 727 1035 non
775 974 991 1033 tamen
1037 968 1352 1034 illecebris
1396 992 1722 1034 murmura
1767 974 1990 1033 sancta
2036 971 2270 1032 carent.

598 1056 770 1121 Utile
816 1055 1037 1136 defigit
1082 1076 1392 1137 generosa
1436 1056 1696 1120 lice'ntia
1741 1055 1948 1119 calcar

598 1146 664 1205 et
710 1140 990 1205 stimulis
1036 1140 1275 1221 gaudet
1318 1164 1498 1205 mens
1544 1141 1716 1205 bona
1760 1143 2000 1224 puncta
2047 1139 2193 1203 tuis.

581 1227 716 1291 Hoc
764 1247 881 1307 ego
928 1227 1367 1291 testimonium
1417 1227 1495 1290 de
1540 1230 1742 1310 primo
1805 1226 2208 1308 potissimum
2270 1227 2440 1287 tomo
2496 1246 2638 1306 per-

376 1311 577 1376 hibui.
669 1312 741 1375 ln
787 1313 1137 1375 secundum
1183 1333 1329 1376 vero
1376 1313 1564 1376 retuli
1612 1312 1786 1376 aliud
1834 1312 2240 1394 epigramma,
2286 1308 2638 1373 delectatus

373 1398 668 1461 videlicet
716 1401 868 1461 nota
901 1398 1203 1461 censoria.
1295 1398 1367 1460 ln
1401 1399 1602 1479 primo
1649 1384 2079 1480 παραινετικοῖ
2129 1391 2236 1457 καὶ
2280 1391 2634 1477 παραδειγ-

378 1472 622 1563 ματικιέ
656 1505 781 1547 non
810 1484 946 1546 sine
971 1484 1244 1565 satyrica
1278 1484 1695 1549 mordacitate
1727 1484 2186 1565 complectitur.
2255 1480 2327 1543 In
2361 1482 2638 1545 secundo

378 1570 699 1633 mordicus
744 1570 970 1650 arripit
1014 1570 1315 1633 Erasmus
1360 1572 1574 1635 nescio
1621 1592 1806 1652 quern
1877 1568 2274 1652 plagiarium.
2368 1564 2636 1632 Carmen

374 1659 660 1719 nostrum
710 1676 823 1737 pro
870 1655 1245 1718 Erasmiana
1290 1677 1560 1719 censura
1602 1657 1696 1719 sic
1740 1655 1968 1719 habet:

681 1740 847 1806 Fixa
890 1740 1072 1822 probi
1120 1740 1513 1824 celebrisque
1561 1741 1736 1805 dedit
1782 1762 2048 1805 censura
2094 1737 2322 1803 Batavi

770 1826 975 1890 multa
1020 1827 1172 1891 viris
1218 1827 1425 1891 doctis
1471 1827 1822 1904 commoda,
1868 1828 2070 1891 multa
2116 1826 2256 1907 piis.

684 1910 979 1995 Turpiter
1024 1913 1277 1977 errabat
1321 1912 1548 1978 titulos
1592 1914 1900 1977 mentitus
1946 1912 2250 1977 honestos

772 1998 1163 2063 Dalmaticae
1208 1999 1373 2062 inter
1417 2020 1575 2080 grex
1619 1998 1866 2064 alienus
1910 2019 2080 2063 oves.

687 2081 1003 2149 Exactum
1052 2105 1243 2166 pecus
1289 2088 1620 2149 externum
1671 2106 1785 2163 ceu
1831 2083 2090 2165 sepibus
2134 2081 2303 2159 altis,

773 2191 855 2233 ne
897 2173 1147 2251 repetat
1188 2170 1458 2250 caulam,
1504 2170 1729 2253 cingiS,
1783 2170 2060 2247 Erasme,
2108 2172 2302 2233 tomo.

581 2272 653 2337 In
702 2272 862 2338 duos
904 2261 1152 2353 τόμους
1190 2273 1461 2356 junctim
1507 2274 1630 2338 hoc
1675 2274 1864 2339 modo
1909 2273 2062 2338 lusi:

688 2358 864 2423 Alter
908 2359 1105 2425 habet
1150 2381 1357 2425 mores
1402 2364 1682 2438 sanctos,
1727 2380 1940 2425 moros
1984 2363 2197 2425 tomus
2241 2358 2420 2439 alter,

772 2467 915 2510 cum
962 2469 1080 2511 sua
1124 2446 1211 2513 sit
1256 2446 1486 2530 Cyprio
1533 2446 1746 2512 danda.
1791 2447 2090 2511 merenda
2132 2442 2333 2512 bovi.²

583 2529 799 2596 Voluit
854 2532 1259 2597 Aristarchus
1314 2537 1549 2612 noster,
1597 2537 1670 2598 ut
1714 2532 2024 2599 haberent
2067 2533 2133 2596 in
2178 2533 2375 2596 tertia.
2442 2533 2644 2598 classe

377 2616 645 2680 secundi
688 2617 849 2682 tomi
894 2619 1132 2684 similes
1178 2619 1357 2683 labra
1401 2617 1740 2684 lactucas.⁸
1829 2617 2089 2697 Scribis,
2134 2620 2374 2699 optime
2405 2619 2644 2701 Lange,

379 2699 796 2783 Calpurnium
869 2704 1211 2770 Lanarium
1280 2705 1403 2770 tibi
1471 2727 1600 2770 non
1669 2705 2054 2770 satisfacere.
2161 2703 2412 2783 NesciO,
2488 2705 2644 2787 quid
2725 2709 2731 2716 “

374 2787 551 2852 dicat
594 2789 661 2852 in
708 2789 971 2871 scholiis
1016 2791 1379 2855 Desiderius
1425 2795 1659 2856 noster.
1751 2789 1973 2873 Neque
2019 2791 2186 2854 enim
2221 2791 2352 2856 vidi
2383 2791 2642 2855 tertium

378 2876 643 2937 tomum.
751 2875 823 2938 ln
891 2896 1020 2959 quo
1081 2877 1320 2958 legitur
1391 2877 1664 2958 epistola
1739 2877 2107 2958 Hieronymi
2181 2876 2262 2940 ad
2335 2898 2639 2959 magnum

378 2964 693 3023 oratorem
740 2960 917 3025 urbis
967 2963 1221 3026 Rornae.
1315 2961 1494 3027 Solet
1538 2965 1801 3026 sanctus
1833 2968 2014 3045 pater
2043 2963 2212 3027 fictis
2243 2964 2338 3026 uti
2373 2964 2646 3028 nomini-

380 3043 517 3107 bus,
635 3046 802 3110 Hinc
879 3049 1011 3112 nati
1089 3053 1241 3112 sunt
1315 3048 1786 3124 Abundantiu3‚
1857 3049 2224 3132 Lupicinus,
2293 3047 2646 3126 Grunnius,

382 3129 724 3195 Corocotta
802 3138 866 3196 et
933 3134 1176 3214 reliqua
1250 3135 1501 3214 generis
1575 3135 1874 3216 ejusdem.
1987 3134 2262 3197 Habitus
2335 3134 2644 3198 orationis

380 3215 790 3281 Erasmianae
836 3219 1079 3283 nitidus
1126 3224 1225 3284 est
1269 3225 1334 3283 et
1380 3220 1791 3300 composituS‚
1840 3219 2000 3282 satis
2047 3241 2378 3283 nervorum
2427 3219 2642 3292 habet,

378 3301 539 3365 satis
607 3303 759 3367 item
823 3302 1139 3369 libertatis
1187 3327 1267 3368 ne
1308 3305 1513 3368 dicam
1585 3305 1982 3369 austeritatis
2025 3310 2090 3367 et
2134 3305 2319 3368 aceti.
2413 3305 2641 3368 Verum

381 3393 629 3450 amator
690 3389 981 3454 veritatis
1040 3395 1104 3455 et
1162 3390 1401 3454 Christi
1464 3390 1816 3474 discipulus
1877 3390 2114 3454 offendi
2157 3411 2286 3452 non
2335 3389 2542 3468 debet,
2590 3390 2644 3454 si

383 3473 535 3553 quid
574 3475 805 3538 acriter
835 3480 947 3538 aut
980 3476 1257 3540 severius
1291 3476 1528 3540 dictum
1580 3477 1920 3558 aspexerit.
1998 3474 2158 3538 Amo
2191 3475 2642 3556 Hieronymum

382 3561 455 3620 ut
502 3558 942 3623 doctissimum
1012 3583 1355 3638 censorem,
1422 3582 1568 3624 amo
1635 3563 1963 3625 Erasmum
2032 3564 2105 3624 ut
2164 3561 2450 3624 criticum
2520 3560 2646 3623 elo-

384 3645 896 3723 quentissimum.
1004 3647 1283 3727 Uterque
1352 3647 1453 3728 pie
1518 3655 1583 3710 et
1649 3647 1931 3710 officiose
1991 3645 2388 3708 venerandus
2434 3650 2531 3708 est
2575 3651 2648 3709 ut

384 3728 767 3815 θαυμαστῆς
832 3720 1246 3804 παιδεύσεως
1311 3721 1550 3816 ἇι·ἡρ.ἲ’
1651 3733 2031 3812 Hieronymo
2099 3731 2370 3812 contigit
2438 3753 2647 3793 emen-

383 3814 567 3877 dator
615 3819 679 3878 et
726 3816 1017 3881 laudator
1057 3817 1521 3892 oi·natissimuS‚
1555 3831 1580 3857 0
1635 3819 1762 3881 imo
1812 3823 2116 3898 patronus
2161 3817 2464 3879 adversus
2509 3815 2645 3880 Cri-

518 4049 546 4077 a
572 4033 836 4099 ᾗριιῖνυμ».
977 4041 1006 4080 b
1033 4030 1175 4099 ιῗνηρ.
1316 4053 1341 4079 0
1368 4038 1722 4092 onatissimuS.

526 4106 541 4134 ¹
577 4104 801 4159 Martial.
840 4105 908 4164 11.
947 4108 995 4164 5.
1036 4108 1061 4158 1
1104 4123 1179 4172 sq.
1287 4107 1307 4137 ‘²
1344 4106 1532 4173 Cyprio
1569 4107 1692 4159 bovi
1727 4107 2048 4170 merendam,
2084 4106 2331 4172 sprichw.
2371 4122 2475 4158 von
2504 4105 2648 4157 einer

382 4170 750 4242 schmutzigen
804 4173 1073 4240 Mahlzeit,
1129 4174 1213 4226 die
1262 4174 1431 4226 einem
1486 4175 1852 4243 schmutzigen
1908 4175 2066 4227 Gaste
2119 4174 2446 4242 angeriohtet
2499 4173 2646 4226 wird.

381 4239 550 4315 Adag.
590 4242 639 4295 d.
678 4242 882 4296 Erasm.
969 4262 973 4267 ·
1026 4245 1047 4274 ³
1085 4242 1220 4295 Vom
1271 4241 1732 4296 distelfressenden
1777 4242 1919 4308 Esel,
1964 4243 2152 4296 dessen
2203 4243 2406 4310 Lippen
2443 4260 2509 4295 zu
2546 4243 2648 4294 den

382 4305 589 4361 Drsteln
623 4326 827 4376 passeu.
898 4309 1171 4363 »Gleiches
1209 4310 1396 4376 gesellt
1446 4311 1563 4364 sich
1614 4328 1738 4366 zum
1785 4311 2082 4364 Gleichen.«
2149 4311 2344 4365 Hieron
2385 4327 2504 4363 mus
2553 4325 2646 4377 ge-

382 4374 607 4431 braucht
641 4380 743 4432 den
778 4379 1059 4434 Ausdruck
1092 4379 1169 4432 im
1203 4377 1379 4432 Briefe
1415 4395 1482 4434 an
1518 4380 1866 4435 Chromatius.
1938 4379 2176 4450 Adagien
2211 4381 2305 4434 des
2385 4394 2608 4434 rasmus,
