3084 4895
487 408 614 476 334
1315 403 1490 458 Bricfe
1525 401 1618 456 des
1650 402 1705 456 J.
1744 399 1891 458 1513.

496 581 650 646 ordo
694 577 1008 643 literatius
1053 579 1118 642 et
1161 576 1464 641 accrescit
1520 575 1813 659 publicae
1870 575 2217 640 calamitati
2274 573 2727 642 scholasticum

491 667 748 731 malum.
839 657 1160 735 Πολίταις
1212 651 1303 746 μή
1359 651 1711 744 θρασύνου,
1768 661 1889 725 nisi
1942 683 2199 725 necesse
2250 667 2365 740 est,
2425 667 2499 727 ut
2548 665 2729 728 nulla

495 755 579 816 sit.
623 751 758 815 sola
799 750 906 814 sed
953 769 1194 832 semper
1239 748 1561 830 duplicata
1604 747 1951 824 calamitae,
1998 749 2098 811 cui
2142 749 2494 814 sententiae
2522 771 2725 833 popu-

493 839 642 902 laris
687 835 1069 919 astipulatur
1120 835 1351 916 opinio.
1441 833 1583 898 Non
1651 834 1996 915 graecissat
2059 835 2178 896 iste
2244 834 2545 912 literator,
2610 837 2721 900 sed

498 922 887 1008 pergraecari
933 921 1198 983 videtur.
1287 919 1370 982 Et
1400 919 1548 1002 quid
1582 919 1777 982 habet
1804 924 2049 1002 praeter
2101 920 2327 1001 „verba
2370 923 2669 986 cinctutis
2695 933 2723 962 ⁸

497 1009 796 1074 exaudita
867 1004 1289 1086 Cethegis?“¹
1411 1005 1577 1068 Cave
1649 1009 1883 1082 tamen,
1950 1027 2029 1068 ne
2097 1006 2395 1071 resciscat
2457 1029 2575 1072 nos
2638 1008 2721 1072 ab

497 1097 668 1160 illius
714 1095 938 1157 insana
983 1092 1353 1174 garrulitate
1411 1091 1763 1154 dissentire.
1854 1091 2127 1155 Fruatur
2169 1113 2285 1156 sua
2326 1093 2721 1174 gloriatione,

498 1182 741 1246 colatur
784 1178 865 1242 ab
910 1177 1070 1255 aliis,
1117 1179 1247 1240 sint
1291 1177 1607 1260 patientes
1650 1176 2026 1259 philosophi.
2116 1177 2279 1253 Quid
2330 1179 2723 1243 tolerantia*

498 1267 719 1330 melius
783 1271 894 1328 aut
954 1265 1224 1346 sapienti
1293 1263 1787 1344 congruentius?
1875 1262 2007 1326 Suo
2070 1266 2351 1345 tempore
2416 1265 2725 1330 ridebitur

502 1352 729 1434 Aesopi
785 1348 1102 1414 cornicula
1171 1349 1395 1431 plumis
1454 1347 1704 1412 ablatis.
1816 1347 2001 1412 Certa
2060 1349 2291 1413 vindex
2346 1353 2724 1416 temeritatis

497 1444 594 1502 est
662 1437 929 1514 occasi0‚
996 1435 1099 1498 cui
1166 1432 1591 1516 cistophorus²
1668 1438 1880 1498 noster
1949 1433 2233 1498 tabulam
2306 1436 2480 1501 velut
2550 1459 2721 1502 aram

499 1523 745 1589 numini
791 1522 1122 1587 dedicavit.
1213 1518 1559 1585 Stratocles
1606 1519 1871 1584 devictis
1914 1519 2409 1586 Atheniensibus
2448 1529 2721 1588 ceterum

502 1608 947 1694 ignorantibus
979 1628 1191 1671 casum
1239 1606 1482 1670 civibus
1528 1607 1855 1671 victoriam
1900 1607 2238 1670 nuntiavit.
2312 1607 2721 1674 Postmodum

499 1697 766 1760 veritate
831 1696 1150 1775 comperta
1221 1692 1583 1773 indignanti
1656 1692 1900 1756 civitati
1974 1693 2325 1776 respondit:
2400 1695 2489 1776 „O
2537 1697 2723 1773 civeS‚

500 1782 679 1846 bidui
742 1780 1048 1843 laetitiam
1110 1800 1206 1840 me
1250 1784 1507 1841 auctore
1575 1779 1895 1842 consecuti
1963 1777 2211 1841 estiS.“³
2300 1777 2726 1844 Consimiliter

503 1867 816 1949 voluptati
863 1867 947 1929 sit
991 1864 1294 1947 plagiario
1325 1863 1484 1927 falsa
1515 1864 1817 1927 scientiae
1848 1866 2188 1946 persuasiO,
2222 1865 2418 1928 donec
2450 1873 2727 1949 emergat

501 1954 733 2017 veritas
807 1951 937 2014 filia
1009 1950 1307 2033 temporis
1371 1956 1435 2013 et
1502 1949 1742 2014 inculto
1809 1955 2031 2032 poetae
2098 1950 2371 2014 medium
2434 1955 2727 2016 ostendat

504 2036 831 2122 unguem.⁴
921 2036 1159 2100 Caecus
1218 2057 1391 2099 amor
1446 2036 1565 2113 sui,
1620 2037 1728 2116 qui
1792 2031 2121 2120 φιλαυτία,
2151 2047 2175 2076 ⁰
2240 2038 2473 2102 multos
2538 2043 2727 2102 vexat

499 2131 562 2190 et
585 2125 862 2201 Erasmo,
890 2121 1317 2202 condiscipulo
1348 2143 1506 2194 meo,
1532 2122 1773 2204 peperit
1803 2123 2283 2202 pulcherrimum
2322 2124 2721 2188 encomium.¹⁵

500 2211 584 2274 Et
628 2212 704 2275 de
747 2210 868 2272 hac
909 2230 975 2271 re
1019 2208 1346 2270 hactenus.
1436 2207 1617 2282 Novi,
1673 2228 1863 2288 quam
1910 2210 1996 2273 sit
2039 2231 2219 2272 carus
2274 2207 2525 2273 Cotioni
2580 2211 2727 2273 Hal-

499 2298 712 2361 lensiS.
803 2295 1047 2358 Dicitur
1091 2315 1226 2356 esse
1283 2292 1593 2357 formosus
1638 2298 1701 2356 et
1742 2314 2011 2375 magnus
2064 2299 2325 2368 amator,
2382 2296 2592 2360 nescio
2645 2319 2723 2359 an

502 2390 651 2446 tuus
696 2404 775 2446 an
823 2379 1166 2443 Herebordi
1235 2379 1573 2443 corrivalis.
1662 2377 1808 2442 Ideo
1878 2380 2176 2444 subtexui
2245 2402 2492 2444 carmen
2560 2382 2727 2465 ithy-

499 2468 861 2553 phallicum,
929 2467 1037 2530 sed
1108 2487 1232 2529 non
1303 2466 1580 2529 alienum
1636 2488 1672 2528 a
1732 2468 2073 2547 proposito.
2162 2466 2492 2531 Petrucius
2562 2469 2727 2532 enim

500 2555 713 2636 Priapi
776 2554 980 2617 locum
1051 2556 1335 2632 occupat.
1427 2551 1694 2633 Priapus
1760 2558 1855 2615 est
1917 2557 2096 2634 pater
2158 2557 2219 2616 et
2286 2552 2463 2635 origo
2527 2555 2729 2618 totius

505 2641 732 2725 gentis
821 2639 1042 2721 Itaque
1085 2638 1288 2702 facete
1329 2637 1795 2701 nominavimus
1840 2639 2093 2701 arbores
2139 2637 2279 2701 illas
2324 2639 2520 2719 legem
2554 2640 2729 2704 futu-

508 2728 725 2803 ariam‚
800 2745 1182 2806 quamquam
1262 2746 1359 2787 me
1420 2743 1548 2787 non
1623 2722 1837 2799 lateat,
1922 2744 2083 2807 quae
2156 2724 2306 2787 olim
2366 2725 2557 2789 fuerit
2628 2726 2732 2789 lex

509 2812 804 2888 futuaria,
863 2810 938 2873 de
991 2832 1117 2892 qua
1171 2832 1308 2873 cum
1367 2808 1475 2872 alii
1535 2813 1669 2872 tum
1734 2808 2045 2873 Crinitus-³⁶
2112 2810 2493 2873 mentionem
2558 2811 2728 2875 facit.

507 2899 625 2977 Qui
671 2896 1093 2961 urbanitatem
1143 2916 1268 2960 non
1315 2894 1635 2977 intelligit,
1692 2894 1938 2959 hebetis
1984 2899 2083 2959 est
2126 2900 2191 2960 et
2232 2896 2445 2959 obtusi
2504 2897 2728 2961 cordia.

506 2983 620 3065 Tu,
659 2984 846 3047 homo
891 2982 1136 3063 sagacis
1168 2986 1232 3046 et
1255 2981 1632 3063 perspicacis
1662 2980 1918 3062 ingenii,
1954 2987 2017 3045 et
2046 2980 2293 3060 CrotuS,
2328 2983 2421 3045 vir
2448 2984 2729 3046 omnium

504 3072 795 3135 horarum
843 3075 908 3132 et
949 3067 1130 3132 valde
1193 3067 1456 3150 lepidus,
1521 3067 1757 3130 auditis
1824 3073 1887 3129 et.
1944 3067 2221 3132 scribitis
2288 3068 2727 3145 urbanissime,

509 3155 932 3230 festivissime,
979 3153 1359 3217 facetissime
1392 3156 1456 3216 et
1487 3154 1711 3215 vestris
1744 3153 1985 3216 cavillis
2016 3176 2113 3217 me
2140 3154 2267 3235 jam
2303 3158 2729 3217 senescentem

506 3242 800 3307 excitatis
845 3244 909 3304 et
951 3240 1286 3304 restituitis
1341 3238 1496 3302 mihi
1550 3238 1889 3320 juvenilem
1945 3239 2341 3303 dicacitatem
2390 3245 2455 3303 et
2497 3241 2730 3304 laetum

507 3333 698 3411 atque
743 3347 1030 3391 serenum
1079 3326 1350 3406 genium.
1439 3324 1538 3387 Dii
1590 3325 1745 3388 bene
1792 3326 2066 3388 vertant!
2158 3324 2348 3389 Salva
2388 3348 2507 3401 reS‚
2541 3327 2733 3390 saltat

509 3412 752 3493 senex,⁷
819 3412 872 3477 si
924 3411 1112 3475 XLlI.
1169 3432 1374 3475 annus
1431 3430 1642 3474 senem
1689 3408 1891 3474 facit.⁸
1989 3410 2129 3473 Rufi
2197 3412 2322 3475 cito
2390 3415 2735 3476 canescunt

643 3616 671 3646 α
702 3602 841 3656 Statt
883 3599 1128 3654 cinctutis
1169 3598 1283 3651 eine
1328 3596 1510 3651 Diocles.
1582 3596 1909 3667 Eryu'many
1940 3598 2080 3651 nach
2114 3598 2299 3653 Horat.
2335 3598 2443 3651 Ars
2469 3603 2602 3667 poet.
2640 3598 2730 3652 50.

507 3676 536 3715 b
565 3670 871 3725 tollerantia.
1010 3685 1034 3713 ο
1065 3669 1149 3722 So.
1229 3665 1463 3733 Erycinae
1497 3666 1701 3721 dicitur.

647 3744 664 3775 ²
701 3738 1100 3793 Altertiimliche
1134 3738 1332 3793 Worte.
1391 3735 1595 3789 Tilonin
1630 3734 1782 3804 gefiel
1804 3734 1920 3789 sich
1954 3736 2009 3787 in
2044 3734 2403 3789 Archaismen.
2456 3734 2565 3789 Das
2582 3735 2735 3788 Wort

514 3810 758 3863 cinctutis
792 3810 885 3862 hat
919 3808 1011 3860 der
1044 3806 1392 3861 Abschreiber
1426 3804 1575 3857 nicht
1607 3804 1919 3857 verstanden
1954 3804 2061 3856 und
2097 3804 2247 3857 dafiir
2280 3804 2395 3857 eine
2429 3803 2607 3856 Liicke
2644 3820 2732 3871 ge-

511 3878 699 3933 lassen.
839 3878 858 3909 ⁹
894 3876 1264 3945 Kistentffiger.
1334 3874 1462 3927 Hier
1514 3872 1651 3925 wohl
1701 3873 1792 3926 der
1840 3872 2241 3940 Tempeldiener‚
2280 3874 2370 3925 der
2404 3872 2489 3925 die
2523 3872 2595 3926 hl.
2634 3872 2733 3924 Ge-

507 3950 618 3999 1·.³ite
665 3962 786 3999 zum
825 3945 1201 4013 jedesmaligen
1255 3942 1559 3997 Gebrauche
1613 3941 1791 3994 her-bei
1834 3941 2019 4009 bringt,
2068 3940 2177 3995 also
2216 3942 2424 3994 Kiister.
2542 3942 2563 3972 ³
2596 3940 2731 3995 Plut.

511 4016 661 4068 Dem.
687 4018 762 4069 11.
871 4017 890 4047 ⁴
924 4014 1154 4067 Medium
1193 4014 1461 4067 ostendere
1499 4010 1719 4078 digitum
1756 4010 2045 4078 (unguem),
2082 4011 2301 4063 Zeichen
2328 4012 2418 4063 der
2442 4014 2733 4063 {iussersten

511 4086 863 4151 Verachtung.
921 4084 1150 4151 Adagien
1195 4084 1286 4135 des
1333 4082 1595 4133 Erasmus
1736 4082 1756 4111 ⁶
1788 4079 2097 4131 Encomium
2142 4080 2351 4133 moriae.
2488 4080 2513 4111 ⁸
2552 4080 2735 4131 Petrus

511 4154 739 4206 Crinitus
789 4168 882 4205 aus
936 4152 1166 4209 Florenz,
1213 4152 1302 4205 lat.
1339 4150 1558 4202 Dichter
1604 4149 1695 4199 des
1734 4150 1811 4200 15.
1848 4148 1933 4199 Jh.
2004 4148 2223 4200 Schrieb
2259 4148 2323 4200 de
2360 4148 2577 4200 honesta
2610 4148 2733 4200 vita.

509 4222 627 4277 Bas,
656 4223 800 4276 1505.
839 4221 986 4273 Paris
1025 4222 1170 4273 1513.
1279 4222 1296 4252 ²
1319 4223 1426 4273 Aus
1463 4219 1560 4270 den
1581 4216 1813 4284 Adagien
1854 4218 1946 4269 des
1980 4218 2250 4269 Erasmus:
2290 4218 2373 4269 die
2394 4217 2561 4269 Sache
2596 4216 2736 4268 steht

516 4291 794 4359 gliicklich.
849 4288 917 4342 M.
945 4288 1282 4341 scheinthier
1300 4288 1390 4341 auf
1404 4286 1643 4355 geplantc
1679 4286 1952 4337 satirische
1974 4286 2248 4351 Schriften,
2284 4285 2381 4337 wie
2402 4286 2485 4337 die
2504 4284 2734 4337 Dunkel-

513 4360 904 4421 lnannerbriefc,
945 4358 1314 4410 hinzudeuten.
1455 4358 1475 4387 ⁸
1507 4354 1723 4423 Einzige
1761 4354 1920 4407 Stelle
1957 4372 2049 4407 zur
2084 4354 2446 4421 Bestimmung
2478 4369 2581 4407 von
2618 4352 2735 4406 Mu-

509 4429 652 4482 tians
689 4428 1027 4495 Gehurtsjaha·
1064 4428 1208 4478 1471.
2614 4444 2623 4451 ·
