3084 4895
879 378 1090 444 Mutian
1125 405 1193 442 an
1233 375 1518 444 Tritbeim.
1556 374 1765 442 Mutian
1802 405 1867 442 an
1906 373 2105 444 Urban.
2486 374 2614 458 349

364 562 719 625 relaturum
767 560 1112 643 aliquando
1156 560 1479 642 gratiam,a
1520 563 1585 624 et
1623 561 1922 643 quoniam
1954 562 1983 600 ¹>
2028 562 2104 624 de
2134 582 2233 624 me
2278 561 2415 643 ipso
2447 560 2609 625 facio

371 649 776 723 mentionem,
825 669 949 710 non
997 647 1270 711 alienum
1319 669 1456 710 esse
1501 647 1749 711 videtur
1779 647 1997 730 paucis
2043 652 2412 724 monstrare,
2460 647 2612 728 quid

369 735 450 797 de
493 738 557 797 te
603 733 834 814 egerim
883 733 1049 814 apud
1097 733 1324 795 abbam
1360 732 1765 797 Fuldanum¹.
1827 733 2137 812 Persuasi‚
2170 737 2243 797 ut
2274 733 2349 796 ad
2386 738 2607 796 nutum
2717 801 2725 808 ,

366 820 889 901 voluntatemque
933 821 1110 883 tuam
1157 819 1436 884 facturus
1465 822 1550 883 sit
1580 819 1809 888 omnia.
1851 839 2013 900 quae
2048 819 2318 901 petieris,
2367 817 2609 883 Tantus

369 907 537 968 enim
587 905 854 970 antistes
901 909 966 968 et
1009 911 1140 968 tam
1187 905 1411 968 doctus
1457 906 1629 969 favet
1683 910 1757 968 ut
1800 905 1910 986 qui
1955 906 2229 970 maxime
2293 905 2610 969 TritemiO.

367 991 540 1055 Vale.
633 991 699 1053 V.
749 990 942 1054 Eidus
988 989 1268 1054 Sextilis,

680 1091 801 1145 Cod.
838 1090 972 1144 Frcf.
1010 1091 1126 1144 341.

364 1279 598 1349 (Gotha.)
1407 1263 1551 1326 286.
2065 1278 2134 1347 (n.
2175 1280 2221 1334 7.
2258 1279 2393 1348 Aug.
2439 1279 2612 1349 1513.)

1057 1423 1062 1428 ·
1116 1389 1404 1459 Mutian
1448 1409 1546 1458 an
1589 1388 1867 1460 Urban.

369 1517 686 1583 (Musardus
718 1518 811 1571 hat
846 1535 948 1571 aus
991 1518 1528 1571 Geudssmwbedenkm
1560 1510 1678 1570 scin
1703 1517 1861 1585 Opfer
1894 1517 2279 1584 aufyeschoben,
2316 1519 2399 1570 als
2432 1517 2517 1570 ch‘e
2543 1518 2612 1574 hc.

369 1586 663 1654 Handluny
695 1587 857 1640 sehon
890 1587 1044 1640 ihren
1080 1587 1298 1667 Anfqny
1329 1603 1637 1666 yenommen
1669 1587 1822 1640 hatte.
1894 1585 1981 1638 Da
2014 1586 2231 1639 Freund
2252 1586 2519 1639 Emanuel
2550 1586 2615 1638 in

367 1654 509 1707 Rom
544 1653 628 1715 ἰ’,ςτζ
665 1673 723 1707 so
757 1656 856 1708 soll
871 1656 1104 1724 Petreius
1137 1673 1278 1708 smne
1311 1655 1466 1708 Recse
1497 1655 1818 1722 scklcuniqst
1856 1660 2105 1707 antreten.
2159 1655 2259 1707 Die
2282 1655 2615 1722 sanati-§chen

424 1723 619 1776 Kaine·
650 1725 870 1782 macheu
901 1725 1163 1777 Reuchlin
1196 1742 1270 1776 xa
1303 1725 1550 1792 sckaffen.
1622 1723 1855 1791 Austray
1889 1724 1953 1775 in
1989 1724 2191 1776 Sachen
2224 1725 2311 1776 des
2343 1724 2555 1790 JanuS.)

522 1837 624 1887 Ad
659 1839 994 1888 amicorum
1029 1839 1332 1898 columen,
1369 1839 1574 1888 virum
1610 1837 2028 1888 doctissimum
2062 1838 2143 1887 Η.
2181 1836 2502 1888 Urbanum

1289 1922 1396 1992 (M.
1432 1921 1677 1988 Rufus).

578 2033 640 2098 S.
731 2035 870 2098 Jam
919 2059 1028 2099 ara
1083 2035 1338 2099 lucebat
1382 2040 1445 2099 et
1489 2057 1692 2099 novus
1736 2033 1973 2098 Aaron²
2022 2033 2317 2116 pocillum
2363 2031 2506 2096 Jovi
2553 2036 2615 2095 et

371 2120 571 2184 libum
621 2121 884 2184 daturus
943 2121 1245 2185 tractavit
1310 2122 1430 2204 piis
1482 2122 1779 2204 manibus
1834 2121 2121 2184 habitum
2188 2118 2613 2196 sacrificalem,

372 2228 515 2270 cum
561 2213 816 2290 repente
889 2207 1090 2271 latens
1143 2209 1414 2294 pupugit
1469 2207 1919 2274 conscientiam
1986 2205 2259 2270 aculeus,
2350 2205 2653 2268 Deserto·

372 2293 571 2374 igitur
615 2293 941 2372 sacrificio,
981 2301 1219 2357 'corona
1264 2295 1492 2376 posita,
1538 2294 1759 2356 relicta
1820 2314 2049 2375 pompa
2092 2292 2169 2354 ad
2220 2290 2611 2373 largiendum

371 2383 596 2462 parata
641 2379 873 2463 (solent
932 2381 1096 2443 enim
1145 2380 1417 2463 primum
1483 2379 1829 2443 sacerdotis
1895 2378 2257 2460 mysterium
2317 2376 2503 2440 amici
2550 2381 2614 2440 et

373 2464 600 2529 affines
668 2488 892 2530 ornare
955 2464 1346 2549 muneribus)
1413 2466 1777 2530 retrocessit
1840 2465 2218 2529 venerabilis
2270 2463 2613 2527 -Musardus

375 2552 626 2634 culpam
673 2552 965 2636 episcopo
1012 2554 1393 2630 detecturuS,
1439 2554 1492 2615 si
1539 2553 1725 2635 culpa
1768 2554 1864 2615 est
1909 2552 2131 2615 timere
2174 2571 2452 2614 morsum
2496 2570 2613 2630 pu-

372 2638 529 2702 licis.
604 2636 1007 2703 Herebordus
1051 2639 1115 2701 in
1151 2639 1480 2703 scribendo
1528 2639 1705 2719 piger
1748 2642 1848 2701 tot
1878 2635 2261 2701 fidelissimis
2296 2641 2359 2700 et
2390 2640 2601 2699 aman-

379 2724 647 2789 tissimis
709 2724 988 2788 consiliis
1052 2746 1175 2787 non
1237 2725 1650 2807 obtemperat.
1742 2720 2097 2797 Emanuel³‚
2164 2744 2348 2804 quem
2412 2722 2611 2797 novit,

377 2810 617 2873 Romae
663 2814 778 2887 est,
848 2810 958 2874 ubi
1003 2811 1380 2874 industriam
1451 2814 1701 2873 exercet
1768 2830 1893 2872 non
1948 2809 2237 2873 sordidus
2297 2812 2369 2871 ut
2422 2809 2613 2871 ceteri

377 2897 566 2959 nimis
607 2896 806 2977 jejuni
854 2902 917 2960 et
961 2898 1219 2977 angusti
1264 2899 1456 2960 animi
1503 2898 1566 2959 in
1618 2896 1895 2959 emendis
1940 2901 2002 2959 et
2036 2895 2377 2958 vendendis
2422 2894 2609 2957 bene-

375 2981 554 3044 ficiis,
647 2982 850 3045 Homo
911 2991 1006 3045 est
1073 2984 1510 3049 sanctissimus
1566 2989 1629 3044 et
1688 2983 1947 3062 integer.
2041 2982 2213 3057 Quae
2275 2980 2487 3043 omnia
2542 3000 2613 3043 eo

380 3073 690 3150 spectant,
737 3075 810 3130 ut
853 3075 1075 3132 auctor
1121 3072 1207 3133 sis
1239 3068 1486 3149 Petrejo
1519 3069 1882 3131 maturandi
1914 3067 2143 3129 abitus,
2208 3066 2365 3129 Nam
2400 3069 2615 3129 noster

380 3160 477 3216 est
523 3154 844 3217 Emanuel.
951 3154 1178 3218 Vellem
1248 3156 1460 3218 omnia
1527 3155 1719 3218 saluti
1778 3175 1852 3216 ac
1907 3153 2205 3233 dignitati
2272 3152 2616 3214 amicorum

381 3244 739 3321 opportuna
809 3241 1123 3303 adessent.
1231 3241 1350 3304 Sed
1419 3240 1576 3323 proh
1644 3244 1861 3303 sancte
1926 3238 2195 3319 Jupiter,
2262 3238 2490 3319 impuri
2552 3242 2617 3300 et

319 3322 326 3331 ’
385 3325 556 3388 bruti
605 3325 1132 3408 Peperiphrones⁴
1165 3328 1485 3407 negotium
1521 3326 1830 3408 Capnioni
1861 3322 2231 3388 facessunt.⁵
2278 3322 2615 3404 Nunquam

512 3474 539 3560 ἴ
566 3460 1377 3599 ἓξὲῗῐΐέῐὶιηΤῗχΪζὶτοὴῖἐὲῗῃέ
1406 3462 1553 3583 {en}-
1575 3530 1619 3583 1.
1760 3530 1779 3562 ²
1797 3529 2091 3582 Musardus
2129 3528 2220 3579 der
2249 3526 2384 3579 nach
2405 3524 2491 3578 Br.
2514 3525 2615 3579 272

378 3613 462 3650 am
486 3598 580 3666 21.
617 3600 750 3667 Aug.
789 3599 900 3651 scin
937 3598 1094 3666 Opfer
1129 3598 1436 3667 darbringen
1470 3598 1658 3651 wollte.
1768 3598 1788 3630 ⁸
1820 3597 1937 3665 Vgl.
1976 3597 2025 3651 S.
2067 3595 2164 3649 138
2198 3597 2259 3648 A.
2298 3595 2346 3649 4.
2383 3594 2614 3662 Kamp-

378 3666 664 3731 schulte‚
713 3666 812 3721 Un.
867 3666 969 3722 Erf.
1023 3668 1064 3729 I,
1105 3670 1199 3719 177
1260 3668 1418 3720 denkt
1459 3669 1547 3731 bei
1598 3667 1768 3719 dieser
1820 3666 1979 3719 Stelle
2036 3663 2498 3733 grundloserweise
2548 3679 2615 3715 an

377 3734 594 3787 Hutten.
703 3736 724 3767 4
740 3736 1204 3789 Pfefferkomianer
1263 3745 1437 3799 πέπερι
1456 3766 1522 3784 =
1541 3735 1767 3802 Pfeffer).
1877 3738 1897 3767 5
1917 3734 2014 3787 Die
2050 3733 2245 3786 Kolner
2278 3734 2457 3785 hatten
2492 3748 2615 3785 vom

341 3842 346 3847 .
380 3802 568 3855 Kaiscr
601 3820 684 3856 am
723 3806 770 3859 9.
807 3804 917 3857 Juli
956 3807 1086 3858 1513
1123 3806 1207 3857 ein
1287 3805 1398 3857 dikt
1432 3820 1595 3871 gegen
1631 3803 1918 3856 Reuchlins
1953 3803 2196 3856 Defensio
2234 3802 2295 3869 (G
2316 3802 2458 3869 sige
2473 3817 2513 3866 r,
2550 3800 2611 3853 R.

380 3872 427 3925 S.
446 3870 566 3938 281)
585 3874 792 3926 erwirkt
816 3875 923 3926 und
942 3890 1114 3925 waren
1131 3874 1206 3925 im
1225 3873 1434 3941 Begriffi
1455 3873 1747 3925 Gutachten
1769 3888 1867 3925 von
1890 3873 1991 3923 den
2002 3870 2303 3923 Fakulttiten
2324 3887 2389 3921 zu
2408 3871 2613 3937 Lowen‚

379 3941 570 4006 MainZ,
607 3942 796 4008 Erfun,
833 3942 982 3995 Paris
1019 3942 1371 4009 einzuzielien.
1445 3943 1629 3994 Crotus
1664 3942 1809 3993 teilte
1835 3940 2033 3993 Mutian
2060 3956 2154 3991 aus
2174 3938 2338 3991 Fulda
2371 3939 2485 3998 mit.
2508 3954 2617 3992 was

379 4025 482 4062 von
519 4010 695 4062 diesen
732 4012 1001 4063 Anstalten
1042 4011 1096 4063 in
1133 4012 1215 4079 die
1252 4010 1641 4063 Offentlichkeit
1676 4011 1975 4077 gedrungen
2011 4025 2132 4062 war.
2190 4007 2306 4074 Vgl.
2344 4023 2385 4062 s.
2420 4007 2616 4059 Mittei-

380 4079 508 4146 lung
542 4080 616 4130 im
635 4078 742 4131 Mai
779 4079 886 4148 (ΒΓ.
909 4081 1044 4149 239).
1117 4080 1262 4132 Uber
1285 4079 1368 4131 ein
1387 4080 1642 4136 Geriicht.
1679 4081 1771 4131 das
1790 4079 1991 4131 Mutian
2028 4095 2093 4129 zu
2113 4077 2284 4130 Ohren
2310 4076 2638 4144 gekommen.

383 4164 504 4213 war,
542 4147 800 4200 Reuchlin
836 4149 912 4200 sei
947 4148 1120 4201 laesae
1158 4148 1420 4217 religionis
1470 4148 1759 4215 angeklagt,
1814 4149 1975 4215 fragte
2012 4164 2067 4199 er
2104 4145 2339 4197 bricfiich
2375 4145 2458 4197 bei
2494 4145 2614 4197 dem

379 4216 772 4283 Reuchlinisten
809 4217 954 4272 Conr.
995 4218 1276 4286 Peutinger
1313 4218 1364 4268 in
1405 4218 1683 4284 Augsburg
1719 4216 1801 4282 an,
1846 4220 1919 4268 17.
1957 4217 1983 4267 J
1993 4216 2079 4267 uli.
2136 4214 2444 4280 Poutingers
2479 4215 2610 4265 Ant-

382 4291 515 4339 woit
551 4286 749 4353 Augsb.
789 4287 870 4339 25.
906 4287 1029 4340 Juli.
1103 4288 1293 4339 lllustr.
1333 4287 1427 4339 vir.
1467 4303 1581 4353 epp.
1621 4288 1681 4337 ad
1720 4285 1938 4337 Reuchl.
1975 4285 2172 4351 Hagan.
2214 4284 2344 4335 1519
2380 4283 2428 4335 A
2464 4282 2611 4333 1-3,

380 4359 491 4408 Aus
527 4354 838 4423 Peutingers
877 4360 1109 4408 Antwort
1144 4356 1345 4409 erhellt.
1383 4357 1502 4408 dass
1539 4356 1633 4407 das
1658 4355 1851 4407 Datum
1889 4369 1990 4407 von
2026 4352 2254 4408 Mutians
2289 4351 2434 4404 Brief
2465 4350 2611 4405 XVI.

390 4424 518 4477 Sext
572 4425 852 4477 verdruckt
886 4424 955 4477 ist
987 4428 1116 4478 statt
1147 4425 1293 4477 XVI.
1331 4424 1436 4477 Cal.
1473 4423 1615 4478 Sext.
