3084 4895
436 377 519 451 68
1208 373 1382 432 Briefe
1422 395 1523 432 von
1563 365 1918 432 1505-1508.

438 641 675 710 (eotha.)
1140 597 1149 608 ’
1518 623 1618 686 64.
2404 635 2701 705 (1506-7.)

1198 748 1489 819 Mutian
1534 769 1630 818 an
1677 748 1948 817 Urban.

441 877 756 945 (Bievwzosts
804 876 1219 944 Ver-weehselmzq
1267 877 1476 930 Urbans
1512 877 1627 929 und
1661 876 1873 928 Eobans
1909 876 1970 927 ‘in
2005 875 2198 927 seinem
2237 874 2428 941 Briefe.
2501 874 2700 926 Besueh

508 947 596 998 des
633 945 801 998 Abtes.
874 945 1092 998 Mutian
1128 951 1302 999 trb'stet
1336 947 1449 998 sich
1486 947 1551 998 in
1585 946 1759 997 seiuer
1806 944 2226 1012 Lffzpdssle'ehlceit
2259 945 2362 996 mit
2405 943 2620 1005 Cicero.)

526 1060 926 1110 Sanctissimo
963 1061 1132 1121 patri
1168 1061 1423 1110 Urbano
1460 1073 1794 1112 oeconomo
1827 1059 2189 1117 monastice,
2227 1071 2406 1117 quem
2441 1071 2621 1108 nemo

782 1146 971 1207 paulo
1009 1146 1252 1197 doctior
1288 1160 1414 1197 non
1450 1147 1627 1196 novit
1662 1148 1726 1197 et
1761 1148 1928 1196 amat
1966 1143 2075 1210 (M.
2111 1141 2358 1206 Rufus).

651 1257 713 1321 S.
810 1258 912 1322 Vir
960 1258 1166 1320 clarus
1214 1263 1277 1321 et
1323 1259 1533 1340 gravis
1579 1258 1858 1320 Joannes
1905 1255 2322 1319 Biermostus¹
2375 1255 2702 1337 pollicetur

445 1347 509 1408 in
558 1345 756 1407 literis
802 1345 883 1407 ad
930 1342 1329 1425 Spalatinum
1402 1341 1694 1408 Eobano²
1757 1365 1938 1406 suum
2004 1342 2304 1419 studium,
2378 1341 2699 1406 Urbanum

445 1430 830 1512 intelligenS,
879 1430 1076 1493 falsus
1109 1442 1135 1469 ³²
1182 1431 1481 1512 opinione
1513 1431 1858 1493 nominum.
1953 1428 2072 1491 Fer
2104 1433 2166 1490 et
2197 1431 2472 1510 ignosce,
2507 1450 2698 1509 quum

443 1518 814 1581 alterutrum
865 1520 1143 1579 vestrum
1209 1539 1531 1598 nunquam
1581 1517 1666 1579 sit
1711 1515 2004 1589 intuitus,
2055 1515 2130 1577 de
2176 1515 2702 1596 occupationibus

446 1625 700 1685 quoque
748 1604 898 1679 suiS,
948 1603 1181 1682 quibus
1225 1604 1639 1684 immergitur,
1706 1623 1891 1683 saepe
1940 1601 2094 1664 mihi
2139 1606 2420 1684 questus.
2511 1600 2702 1664 Istius

443 1691 668 1752 erroris
738 1690 1162 1752 retractatiob
1230 1712 1370 1752 sera
1415 1698 1479 1753 et
1524 1689 1971 1770 intempestiva
2028 1693 2091 1750 et
2146 1693 2548 1769 praepostera
2613 1688 2703 1749 sie

442 1776 897 1850 emendabitur,
963 1776 1015 1837 si
1078 1777 1240 1838 inter
1292 1782 1357 1838 te
1419 1780 1483 1838 et
1528 1775 1858 1838 Eobanum
1920 1775 2220 1856 parietem
2291 1796 2563 1851 erexero,
2635 1782 2703 1835 ut

445 1861 813 1925 notabiliter
879 1861 1133 1924 discreti
1204 1862 1411 1943 qualis
1480 1867 1747 1941 uterque
1792 1862 1894 1938 sit,
1942 1860 2182 1941 liquido
2254 1866 2701 1940 cognoscatur.

444 1947 729 2011 Scribam
777 1948 990 2026 igitur,
1046 1951 1116 2010 ut
1162 1949 1433 2023 noveriS‚
1481 1947 1848 2024 Biermoste,
1896 1968 2080 2027 quem
2129 1946 2250 2008 tibi
2296 1946 2486 2009 toties
2532 1968 2703 2009 com-

446 2033 739 2097 mendavi
785 2032 1130 2110 Urbanum,
1178 2033 1459 2114 ingenie,
1505 2032 1677 2111 stile,
1724 2033 2059 2115 prudentia
2108 2033 2492 2114 primarium.
2589 2033 2705 2094 De-

444 2119 715 2183 scribam
761 2117 1079 2183 hominem
1126 2120 1532 2183 auctoritatis
1563 2131 1587 2158 0
1636 2120 1925 2196 eximiae,
1976 2120 2084 2200 qui
2130 2122 2437 2199 quantum
2503 2121 2703 2200 gradu

446 2213 508 2269 et
555 2205 829 2281 fortuna,
897 2210 1151 2269 tantum
1220 2206 1536 2286 dignitate
1601 2210 1664 2268 et
1719 2227 1921 2268 rerum
1991 2207 2407 2268 humanarum
2481 2206 2704 2287 peritia

450 2294 612 2356 inter
658 2296 983 2355 monastas
1030 2293 1383 2355 antecedit:
1439 2296 1722 2373 „statura
1767 2291 1957 2373 paulo
2002 2291 2318 2366 humilior,
2378 2291 2536 2353 facie
2583 2291 2704 2354 for-

449 2401 640 2451 mosa,
704 2379 883 2441 vultu
943 2378 1239 2459 ingenuo,
1308 2399 1595 2440 sermone
1665 2378 1918 2453 blande,
1992 2378 2239 2440 brevior
2303 2378 2364 2439 in
2417 2377 2701 2453 dicende,

444 2467 688 2529 cautior
734 2467 795 2527 in
844 2466 1110 2546 agendo.
1204 2467 1386 2551 Hunc
1442 2487 1558 2547 ego
1622 2487 1747 2529 non
1796 2472 1872 2529 ut
1914 2466 2120 2536 multi,
2185 2464 2290 2527 sed
2355 2467 2705 2527 arctissime

447 2553 661 2633 dilige.
756 2551 1114 2615 Amicitiam
1166 2573 1367 2615 meam
1414 2552 1724 2615 latissima
1792 2552 2258 2633 praedicatione
2325 2552 2702 2614 circumfert..

583 2771 609 2798 a
637 2755 807 2809 fulsus
846 2754 993 2808 Tem.
1132 2760 1161 2797 b
1189 2756 1511 2808 retractacio.
1654 2771 1678 2799 ο
1707 2755 2054 2809 authoritatis

590 2827 606 2856 ²
642 2824 811 2877 Jurist
846 2825 937 2876 der
970 2824 1207 2877 Erfurter
1250 2824 1577 2877 Universita‘it
1613 2826 1718 2878 und
1753 2825 2020 2881 kmsaehs.
2060 2823 2176 2877 Rat.
2249 2824 2482 2879 Immatr.
2521 2825 2572 2877 iu
2610 2826 2704 2877 Er-

445 2893 552 2946 furt
604 2892 711 2947 Ost.
770 2893 903 2945 1474
955 2892 1458 2960 (Weissenborn
1507 2894 1549 2957 I,
1597 2894 1736 2963 356),
1790 2894 1984 2945 Rektoi·
2039 2893 2183 2946 1492.
2279 2895 2340 2945 ln
2391 2894 2547 2961 Folge
2609 2896 2705 2947 der

446 2962 763 3015 stiidtischen
786 2960 1096 3015 Revolutien
1134 2963 1363 3013 entwieh
1393 2980 1450 3014 er
1476 2964 1608 3015 1509
1634 2979 1728 3015 aus
1747 2954 1924 3014 Erfiirt
1960 2962 2264 3030 (Falcken
2282 2964 2406 3013 stei
2424 2981 2471 3020 n,
2511 2964 2701 3017 Hister.

446 3032 716 3095 v.E1f.1,
756 3031 1035 3084 488:»·D1·.
1075 3031 1394 3088 Birrnmuss,
1448 3049 1567 3083 zum
1619 3032 1882 3099 Leopam)
1936 3032 2042 3082 und
2095 3032 2236 3092 starb
2286 3033 2418 3084 nach
2469 3032 2554 3085 ΒΓ.
2606 3034 2700 3084 201

454 3100 602 3154 1512.
675 3100 877 3152 Mutian
914 3101 1125 3151 riihmte
1144 3101 1258 3151 sich
1286 3101 1594 3152 wiederholt
1620 3102 1789 3152 seiucr
1817 3102 2126 3151 besondcreu
2157 3102 2325 3152 (iunst
2344 3103 2448 3153 und
2475 3102 2704 3153 Freund-

448 3171 628 3223 sebast.
738 3172 756 3201 ²
792 3170 1035 3221 Eebanus
1060 3168 1277 3230 HeSSUS,
1315 3170 1415 3221 scit
1456 3170 1587 3221 1504
1623 3171 1675 3221 in
1713 3170 1888 3221 Ersurt
1922 3170 2028 3221 und
2066 3168 2165 3220 seit.
2204 3171 2334 3222 1:306
2371 3172 2467 3222 mit
2504 3170 2552 3222 M
2564 3172 2703 3223 utian

452 3240 772 3299 befreuudet,
828 3238 1131 3290 beriihinter
1165 3238 1306 3291 Poet.
1386 3239 1725 3291 1509—1514
1760 3239 1814 3290 in
1851 3238 2188 3306 Riesenbuig,
2246 3238 2524 3292 Fraukfui·t
2562 3257 2604 3294 a.
2646 3242 2702 3293 (J.

448 3309 555 3360 und
615 3308 843 3375 Leipzig,
906 3307 1243 3360 1514—1526
1298 3308 1491 3359 wieder
1527 3308 1580 3359 in
1618 3308 1793 3359 Erfmt
1829 3308 1934 3359 und
1987 3308 2063 3359 als
2113 3308 2331 3373 »Kenig«
2382 3308 2559 3375 Haupt
2614 3311 2706 3361 des

449 3377 683 3444 dor-tigen
740 3376 1303 3430 Humanistenkreises.
1362 3377 1701 3430 1526-1533
1746 3377 1799 3428 in
1836 3377 2130 3443 Niirnberg,
2190 3378 2526 3430 15:330-1536
2586 3395 2704 3430 zum

449 3447 641 3498 dritten
675 3446 812 3498 Male
852 3446 905 3496 in
938 3445 1129 3501 Erfurt,
1171 3447 1509 3499 1536—1540
1544 3447 1599 3497 in
1636 3446 1893 3511 Mai-burg.
1955 3446 2221 3507 Krause,
2262 3446 2316 3499 E.
2363 3446 2512 3500 HesS.
2553 3448 2703 3500 Goth.

454 3515 597 3569 1879.
670 3513 1057 3582 Eigentiimlich
1106 3514 1190 3578 ist,
1243 3516 1363 3567 dass
1410 3515 1494 3567 die
1548 3515 1736 3581 Briefe,
1785 3516 1984 3567 welche
2037 3515 2152 3566 sich
2190 3515 2279 3566 auf
2313 3516 2396 3567 die
2433 3522 2569 3567 erste
2609 3518 2706 3569 Be-

456 3585 799 3661 kanntschaft
840 3582 1067 3635 Mutians
1104 3584 1203 3660 mit
1246 3584 1421 3635 Eoban
1477 3584 1746 3662 bezieben,
1783 3585 1836 3635 in
1873 3585 1965 3635 der
2001 3584 2308 3651 Sammlung
2368 3585 2558 3651 fehlen,
2616 3588 2706 3638 da-

450 3652 2149 3788 ἣῧὶῗὲεὲἓέὶξῗῖἑῖιωέἷεὲἒέἓῃζςῑὲοέηὲωέοῗίξέἓὝῃὲιῗῖῃᾷοἳῖϊ
2176 3654 2708 3776 ᾱῗὲἕῗὲξηῗῗέᾎὲἰὲἓς

450 3790 713 3843 Freundes
748 3790 856 3842 und.
891 3789 1222 3856 Biographen
1260 3790 1503 3842 Camerar
1538 3791 1682 3844 iiber.
1736 3789 1820 3842 Sic
1840 3790 2007 3858 folgen
2030 3790 2106 3842 als
2132 3790 2530 3855 N1·.:·›s5·2—:·›(5:·›,
2554 3796 2651 3845 5157
2674 3796 2704 3846 f.

450 3860 616 3912 Unter
651 3860 750 3910 den
788 3859 1059 3910 Freunden
1097 3858 1326 3910 Mutians
1382 3860 1688 3910 erscheinen
1747 3859 1937 3911 bei-eits
1992 3860 2128 3911 auch
2189 3859 2365 3913 Herm.
2422 3861 2708 3923 TrebeliuS,

450 3928 685 3981 Herbord
722 3946 823 3979 von
861 3928 953 3979 der
986 3926 1241 3987 Marthen‚
1285 3928 1436 3979 Peter
1481 3928 1768 3980 Eberbaeh.
1841 3928 2015 3980 Eoban
2074 3929 2452 3980 verberi-lichtc
2505 3931 2706 3983 Mutian

450 3999 503 4048 in
542 3998 737 4049 seinem
778 3996 1130 4064 Lobgedichte
1168 3997 1260 4049 auf
1292 3996 1375 4048 die
1413 3996 1570 4049 Univ.
1609 3998 1784 4050 Erfuit
1823 3999 1950 4050 1507
1992 3997 2035 4048 Β
2075 3999 2180 4048 la:

894 4064 1061 4117 »Haec
1099 4065 1242 4132 prius
1277 4065 1497 4132 insignis
1534 4066 1695 4118 coluit
1733 4066 1984 4119 subsellia
2021 4066 2202 4129 Rufus,

893 4134 981 4201 qui
1020 4150 1157 4185 nunc
1193 4134 1445 4187 finitimae
1480 4135 1733 4202 fulgentia
1769 4136 1974 4188 moenia
2011 4136 2209 4187 Gothae

892 4202 1073 4255 incolit
1108 4206 1159 4254 et
1194 4202 1425 4269 placidos
1464 4204 1603 4256 vitae
1639 4205 1966 4272 tranquillior
2000 4221 2160 4256 annes

894 4271 1071 4339 exigit,
1110 4272 1276 4324 insani
1313 4273 1486 4325 ridens
1522 4274 1749 4327 ludibria
1785 4274 1945 4340 vulgi,

894 4340 1107 4393 consilio
1145 4341 1366 4396 Atrides,
1406 4343 1580 4395 animo
1615 4360 1716 4396 non
1755 4345 1928 4395 victus
1967 4340 2216 4405 Achilles,

888 4410 1085 4476 judicie
1122 4410 1305 4477 MinoS,
1344 4411 1519 4463 Numa
1554 4414 1802 4481 religione
1839 4412 2108 4479 probatus«
2145 4414 2241 4461 etc.
