3084 4895
491 394 619 473 532
1329 391 1504 460 Briefe
1537 389 1635 459 des
1669 396 1718 460 J.
1760 392 1909 461 1515.

493 576 822 639 rudentes.
915 572 1219 649 Quatitur
1259 594 1452 655 prora
1493 577 1557 637 et
1605 574 1855 655 puppiS,
1902 594 2031 637 nox
2076 579 2218 637 atra
2260 573 2461 640 solem
2510 574 2775 657 eripuit.

495 658 700 737 Unde,
747 659 837 723 mi
885 658 1126 728 doctor,
1175 659 1324 721 talis
1355 657 1749 739 tempestas?
1836 659 1992 733 Quis
2021 658 2182 722 adeo
2210 658 2413 723 Musis
2444 661 2780 737 inimicu8,

497 752 568 809 ut
613 766 740 808 non
791 743 1002 807 doleat
1050 743 1217 807 male
1265 742 1409 805 vehi
1469 742 1774 825 poetam?
1862 742 1981 819 Ah,
2038 743 2593 826 Angeloburgum⁸
2654 766 2779 808 arx

496 830 670 893 facta
745 828 1148 894 daemonum.
1269 826 1391 890 Pro
1467 827 1759 908 angelica
1831 848 1985 908 pace
2059 829 2368 891 successit
2444 829 2781 893 diabolica

495 913 875 990 criminatiO,
913 913 1127 975 nescio
1161 912 1363 975 viriue
1391 922 1420 951 ⁸
1463 934 1546 974 an
1594 912 1813 975 uxoris
1845 911 2049 993 culpa.
2126 911 2267 975 Non
2303 919 2462 995 puto
2494 921 2779 997 nuptam

493 1017 814 1081 peccasse,
861 997 971 1060 sed
1018 996 1402 1079 impudicam
1449 1001 1733 1060 matrem.
1824 996 1993 1059 Vale.

805 1095 930 1149 eod.
965 1094 1099 1149 Fref.
1134 1094 1253 1149 460.

494 1280 679 1337 Goth&
1546 1265 1693 1330 468.
1914 1280 2034 1349 (zw.
2076 1279 2155 1333 18.
2192 1296 2245 1332 u.
2283 1280 2367 1335 29.
2402 1280 2576 1350 Man)
2618 1284 2779 1336 1515.

1159 1389 1453 1460 Mutiau
1495 1408 1593 1459 an
1638 1388 2111 1459 Hartmaun.²

543 1515 925 1585 (Empfehlunq
961 1515 1174 1569 Eobans
1209 1534 1341 1569 xum
1375 1516 1695 1569 Kanxlisten
1727 1516 1849 1569 oder
1886 1516 2373 1569 Steuereinmhmer
2404 1516 2471 1569 in
2503 1516 2737 1585 mida.)

552 1631 787 1691 Magno
821 1630 1106 1690 pontiflci
1138 1630 1533 1681 Hartmanno
1570 1642 1890 1679 sacrorum
1923 1628 2166 1681 Fuldae
2206 1632 2272 1680 et
2304 1629 2719 1681 Hersfeldiae

579 1713 857 1776 praesidi
890 1716 990 1764 ter
1023 1716 1278 1765 maximi
1311 1714 1565 1765 Alberti
1598 1714 1800 1764 nostri
1834 1714 2289 1774 archiepiscopi
2321 1714 2411 1764 Μ.
2447 1713 2679 1765 Rufus.

699 1820 910 1901 Salve,
977 1844 1209 1905 magne
1275 1822 1588 1905 pontifex.
1676 1823 1848 1885 Inter
1915 1822 2327 1903 quaestiones
2396 1824 2777 1887 convivales

494 1911 650 1971 nata
709 1907 834 1971 fuit
876 1907 1010 1971 heri
1073 1908 1423 1990 disputatio
1484 1928 1692 1988 neque
1758 1909 2029 1989 protrita
2095 1929 2301 1989 neque
2365 1909 2768 1988 promiscua:

495 2013 774 2073 quonam
839 2014 908 2055 se
965 1993 1393 2073 prorepserint
1455 1993 1626 2057 alces
1682 1998 1745 2055 et
1800 1993 1895 2056 uri
1942 1996 2007 2055 et
2052 1992 2357 2069 bisonteS,
2424 1990 2773 2057 Germanis

493 2077 644 2141 olim
691 2078 1063 2142 notissimae
1111 2076 1298 2156 ferae,
1345 2099 1506 2159 quas
1552 2078 1915 2141 Herciniam
1974 2076 2200 2140 silvam
2260 2076 2451 2157 longe
2506 2075 2770 2159 lateque

494 2182 826 2244 peragrare
893 2162 1228 2226 clarissimi
1301 2162 1649 2244 geographi
1724 2165 2062 2225 testantur.
2178 2162 2464 2225 Aderant
2527 2164 2770 2226 eruditi

493 2247 786 2311 homines
832 2252 897 2311 et
958 2248 1188 2310 veteris
1244 2254 1310 2311 et
1362 2249 1636 2311 recentis
1705 2246 2008 2310 historiae
2071 2250 2267 2326 atque
2333 2246 2493 2310 adeo
2560 2249 2771 2311 totius

495 2332 755 2396 literarii
824 2333 1067 2415 negotii
1127 2331 1227 2395 vel
1287 2333 1598 2414 imprimis
1659 2332 1867 2412 periti,
1927 2330 2039 2411 qui
2096 2352 2165 2394 se
2224 2354 2303 2395 ex
2346 2332 2529 2394 libris
2596 2332 2710 2395 illa
2738 2333 2769 2372 ¹’

499 2437 686 2504 nosse
731 2417 1038 2482 animalia
1099 2416 1416 2492 dicebant,
1479 2421 1756 2481 ceterum
1818 2415 2051 2480 vidisse
2112 2435 2449 2497 nusquam.
2480 2427 2507 2456 ⁰
2597 2415 2763 2481 Tum

493 2507 685 2585 poeta
744 2502 1066 2579 thanuS,
1134 2503 1418 2566 omnium
1475 2503 1587 2585 qui
1650 2503 1820 2584 apud
1886 2506 2205 2565 nostrates
2272 2502 2473 2566 bonos
2540 2523 2769 2567 versus

494 2589 740 2652 faciunt
802 2589 940 2652 sine
1007 2588 1441 2652 controversia
1503 2587 1812 2668 princeps,
1861 2584 2054 2650 Croto
2098 2583 2241 2650 tuo⁸
2287 2591 2351 2650 et
2396 2583 2555 2650 mihi
2598 2589 2769 2651 ami—

499 2673 811 2748 cissimae,
839 2674 1161 2736 oculatum
1193 2695 1260 2737 se
1290 2677 1540 2751 testem,
1576 2673 1686 2753 qui
1718 2672 1915 2754 pluris
1946 2677 2061 2746 est,
2097 2676 2170 2735 ut
2199 2672 2413 2752 inquit-
2441 2671 2769 2750 PlautuS,⁴

499 2779 690 2839 quam
738 2759 932 2822 auriti
978 2758 1212 2834 decem,
1258 2756 1805 2821 hallucinantibus
1852 2755 2039 2819 nobis
2072 2756 2384 2822 exhibuit.
2466 2757 2759 2838 „Nolite“

493 2843 706 2924 inquit
774 2843 1123 2924 „dubitare
1214 2835 1305 2923 jn
1359 2861 1630 2921 premunt
1690 2839 1902 2916 lamma
1960 2843 2046 2900 bie
2102 2840 2272 2914 mite
2332 2846 2435 2902 »ab
2498 2845 2595 2917 1)σῦ
2659 2847 2765 2904 'tas

491 2928 710 3006 nilptet
775 2930 1062 3004 fltnrljtust
1171 2927 1324 2990 Mox
1391 2926 1784 3007 singulatim,
1861 2945 2025 3006 quae
2102 2924 2366 3003 viderat,
2439 2928 2763 3007 exposuit,

497 3011 744 3074 alcibus
808 3012 1122 3075 cervinam
1192 3012 1625 3087 timiditatem,
1700 3011 1831 3074 uris
1909 3008 2203 3073 ferociam
2278 3017 2341 3074 et
2404 3010 2621 3074 odium
2691 3013 2761 3074 in

495 3116 696 3176 genus
743 3096 1115 3169 humanum,
1177 3095 1542 3160 bisont-ibus
1605 3095 2046 3176 pernicitatem
2100 3096 2451 3176 miramque
2495 3097 2561 3159 in
2608 3095 2768 3178 fuga

495 3182 883 3244 celeritatem
959 3181 1267 3244 tribuens.
1383 3181 1630 3257 Quibus
1701 3199 1819 3261 ego
1887 3179 2285 3243 sermonibus
2359 3180 2699 3261 plurimum
2732 3182 2766 3221 ἃ

498 3265 850 3330 delectatus
896 3267 1083 3329 retuli
1132 3267 1387 3330 audisse
1433 3287 1532 3328 me
1560 3276 1585 3304 θ
1630 3265 1807 3339 talia,
1851 3264 1963 3327 sed
2004 3264 2197 3327 etiam
2228 3287 2309 3327 ex
2340 3265 2763 3344 HartmannO,

543 3356 770 3414 atrono
841 3351 1192 3429 doctorum,
1252 3352 1328 3412 de
1387 3349 1696 3431 pelliculis
1763 3350 2059 3430 pretiosis
2122 3370 2332 3412 veram
2405 3350 2761 3414 historiam.

495 3372 657 3498 {Iam
727 3434 976 3499 Gothae
1036 3439 1151 3499 tua
1213 3435 1500 3516 dignatio
1557 3436 1723 3498 inter
1768 3433 1893 3496 alia
1938 3434 2163 3496 auditu
2220 3433 2505 3515 jucunda
2574 3435 2763 3498 nobis

499 3521 819 3584 enarravit
851 3521 1260 3602 conspexisse
1305 3525 1370 3584 te
1414 3541 1624 3600 regem
1659 3518 1920 3582 Daciae⁵
1951 3520 2017 3581 in
2054 3519 2463 3582 ornatissima
2490 3520 2758 3597 triremi,

497 3605 759 3669 sedente
803 3605 886 3668 ad
929 3607 1099 3669 latus
1159 3606 1326 3686 regis
1386 3607 1593 3667 amica
1646 3604 1923 3684 quadam
1984 3604 2203 3666 nescio
2244 3603 2462 3667 fucata
2504 3627 2587 3682 an
2634 3605 2765 3668 for-

497 3711 694 3768 mosa,
741 3690 1170 3772 pendentibus
1215 3691 1282 3753 in
1329 3690 1547 3754 carina
1592 3694 1655 3752 et
1700 3691 1898 3770 puppi
1944 3692 2009 3751 et
2051 3707 2240 3768 prora
2285 3689 2551 3751 murinis
2581 3689 2763 3770 pelli-

496 3775 658 3838 culis
701 3776 859 3838 adeo
908 3775 1219 3856 pretiosiS‚
1276 3781 1348 3838 ut
1403 3795 1624 3838 aurum
1673 3779 1738 3835 et
1781 3793 2068 3854 gemmae
2096 3772 2119 3812 f
2183 3773 2567 3836 accessionis
2618 3773 2761 3837 loco

618 3923 662 3988 ,α
688 3909 790 3963 viri
825 3927 905 3962 ne.
1030 3914 1060 3952 b
1087 3909 1179 3962 illa
1208 3908 1337 3976 fehlt
1376 3909 1460 3960 bei
1496 3907 1647 3960 Tenx.
1772 3921 2098 3975 §nunquam
2137 3907 2285 3959 Tenx.
2406 3910 2437 3949 d
2464 3907 2599 3959 mire
2630 3913 2763 3960 stau

496 3977 1036 4114 plunffnglldlgeflvgbliirg,
1073 3977 1499 4099 dasmfiaglsidlvsdr?
1531 3976 1741 4097 goezxans
1776 3978 2589 4122 Sghgveirgigrglevgfflauflrurgnmr..
2640 4042 2760 4121 Ygl.

496 4111 582 4167 Br.
619 4114 722 4167 465
757 4113 991 4166 SchlusS.
1133 4115 1153 4148 ²
1190 4113 1241 4166 S.
1279 4113 1382 4166 530
1416 4119 1478 4166 A.
1516 4115 1565 4166 5.
1708 4113 1730 4144 ⁸
1761 4111 1979 4165 Damals
2014 4125 2091 4162 im
2140 4111 2350 4164 Besitze
2396 4127 2543 4164 emer
2590 4111 2761 4179 geistl.

496 4179 728 4235 Pfriinde
763 4182 821 4233 in
852 4181 1036 4234 Fulda.
1110 4180 1160 4236 S.
1199 4180 1301 4234 382
1336 4182 1397 4234 A.
1439 4182 1483 4232 1.
1626 4182 1648 4212 ⁴
1681 4179 1830 4232 Truc.
1867 4179 1939 4245 11,
1974 4179 2023 4244 6,
2060 4179 2110 4232 8.
2253 4181 2275 4212 ⁶
2309 4178 2603 4232 Hartmann
2654 4195 2765 4232 war

495 4265 594 4302 vor
626 4249 748 4302 dem
781 4250 830 4302 J.
871 4248 1004 4302 1508
1041 4248 1120 4301 als
1156 4247 1364 4302 kaiserl.
1403 4247 1567 4315 Legat
1601 4247 1655 4299 in
1690 4246 1897 4300 Sachen
1948 4248 2040 4300 des
2093 4246 2402 4300 Deutschen
2438 4245 2643 4300 Ordens
2678 4248 2765 4300 bei

496 4316 670 4385 Konig
721 4317 1024 4385 Sigismund
1077 4333 1185 4369 von
1233 4316 1398 4370 Polen
1487 4331 1711 4382 ewesen,
1766 4317 1874 4368 und
1920 4315 2059 4367 nach
2108 4315 2280 4368 dieser
2316 4315 2424 4367 und
2458 4315 2554 4368 der
2587 4315 2764 4383 gleich

496 4385 770 4452 folgenden
805 4383 967 4438 Stelle
1002 4385 1140 4440 auch
1175 4385 1260 4438 bei
1292 4383 1452 4438 Ludis
1473 4399 1571 4436 aus
1606 4399 1711 4439 von
1746 4383 1963 4452 Ungarn
2000 4383 2227 4452 (Dacia).

2986 0 2995 331 1

2998 1446 3003 1771 †
