3084 4895
1165 405 1378 460 Mutian
1414 422 1484 462 an
1519 403 1728 460 Urban.
2468 407 2595 471 469

308 578 420 644 bre
444 580 712 647 vitatem
759 603 1006 665 sequar,
1057 582 1176 644 etsi
1222 585 1481 646 secutus
1541 602 1679 646 sum
1741 580 1879 644 heri
1921 579 2323 666 ,includendo
2379 579 2597 645 literas

324 666 571 730 alienas
637 689 777 732 meo
834 666 1237 732 laconismo.¹
1327 666 1489 732 Nam
1554 667 1958 748 gratissimus
2003 687 2141 730 esse
2185 669 2251 730 et
2291 665 2414 729 tibi
2459 688 2597 731 ver-

326 749 612 815 bositate
677 752 926 836 placere
986 774 1246 835 possum
1309 758 1373 817 et
1429 753 1621 817 sole0.
1711 752 1938 833 Itaque
1998 772 2127 815 non
2186 750 2392 814 solum
2436 752 2595 815 uni-

323 856 573 901 versum
629 838 935 912 studium,
984 839 1194 915 fidem,
1240 858 1516 920 operam,
1582 837 2092 901 benevolentiam
2133 835 2214 900 ad
2258 840 2321 899 te
2368 835 2599 916 desem,

337 923 612 986 amicum
663 929 1068 988 constantem
1118 929 1183 987 et
1229 923 1390 987 bene
1435 924 1751 1001 meritum,
1798 922 1909 986 sed
1940 923 2131 986 etiam
2166 921 2299 984 stili
2331 922 2597 1004 copiam.

321 1005 698 1089 Spalatinus
748 1014 982 1073 natura
1027 1008 1238 1072 bonus
1286 1013 1348 1072 et
1393 1009 1622 1074 doctus
1686 1007 1877 1071 homo
1934 1006 2213 1090 appellat
2266 1005 2596 1072 Eobanum

325 1091 784 1158 Germanorum
864 1095 1226 1176 Vergilium.
1339 1093 1506 1158 Rara
1573 1095 1733 1170 13118,
1809 1093 1979 1156 sed·
2052 1094 2189 1156 sine
2262 1093 2596 1157 verborum

321 1178 487 1257 sucO,
548 1201 822 1257 cerussa,
859 1182 888 1221 Β
956 1179 1347 1262 purpuriss0,
1427 1181 1689 1244 sincera.
1782 1177 2002 1260 Neque
2070 1179 2235 1242 enim
2304 1178 2601 1242 adulator

315 1267 433 1340 est,
482 1267 548 1328 et
590 1271 784 1382 poet-a
827 1269 1046 1332 noster
1097 1266 1247 1328 talis
1296 1266 1513 1348 procul
1562 1265 1775 1328 dubio.
1867 1264 2072 1328 Janus
2117 1264 2358 1327 Hessus
2390 1264 2597 1346 patria

314 1349 584 1413 Noricus
677 1372 794 1415 nos
857 1355 1050 1429 amat,
1113 1351 1270 1431 quia
1316 1372 1433 1414 nos
1480 1350 1602 1414 hoc
1646 1350 1813 1412 idem
1861 1349 1925 1412 in
1974 1371 2041 1412 se
2085 1349 2293 1413 facere
2360 1353 2595 1413 censet.

314 1433 689 1516 Scripturas
739 1436 818 1500 ad
870 1457 1132 1518 puerum
1182 1434 1399 1499 tuum³
1447 1437 1659 1500 saluta
1703 1436 1937 1499 «Ianum
1972 1435 2169 1499 illum.
2248 1435 2383 1498 Hoc
2413 1440 2596 1498 tuum

319 1520 640 1584 scribendi
716 1521 1096 1585 beneficium
1176 1542 1508 1601 nunquam
1586 1521 1752 1604 apud
1833 1543 1974 1585 eum
2050 1521 2596 1585 intermoriturum

319 1605 638 1670 existimo.
729 1607 828 1670 Ita
875 1605 1309 1690 perhumanus
1361 1611 1426 1670 et
1471 1607 1747 1670 disertus
1794 1611 1892 1670 est
1938 1610 2003 1670 et
2044 1627 2287 1670 memor
2330 1608 2591 1688 accepti.

318 1690 412 1753 De
477 1689 623 1755 Tito
693 1690 892 1756 Mario
963 1697 1032 1754 et.
1097 1690 1429 1755 Schilone⁴
1497 1693 1591 1756 ita
1656 1694 1884 1756 sentio
1996 1692 2344 1774 Imponunt
2410 1691 2596 1756 nobis

315 1797 481 1838 onus
527 1798 737 1857 grave,
785 1784 861 1842 ut.
901 1778 1158 1858 exigam
1192 1776 1507 1858 singulari
1536 1778 1890 1842 acerbitate
1922 1777 2228 1841 debitum.
2306 1777 2594 1840 Peterem

313 1859 398 1924 ab
468 1861 940 1943 Engelmanno⁵
1005 1863 1241 1927 fiducia
1303 1863 1644 1941 amicitiae,
1706 1867 1780 1926 ut
1835 1862 2197 1927 rationibus
2260 1863 2598 1926 interesset

319 1951 386 2009 et
431 1949 821 2014 auctoritate
872 1953 936 2012 et
980 1949 1191 2031 gratia
1237 1969 1353 2012 sua
1383 1959 1408 1988 ⁰
1455 1952 1709 2030 cogeret
1771 1947 1941 2012 mala
1984 1949 2249 2014 nomina
2293 1948 2373 2011 ad
2420 1948 2597 2012 solu-

323 2033 588 2114 tionem,
639 2035 766 2098 nisi
813 2034 976 2098 foret
1036 2033 1571 2115 occupatissimus
1616 2035 1681 2097 in
1729 2034 1975 2116 nuptiis
2033 2034 2375 2116 propinqui
2443 2032 2594 2098 sui.⁶

315 2118 538 2182 Petam
601 2119 803 2202 igitur
865 2121 1042 2184 alias.
1134 2119 1230 2182 Tu
1276 2119 1464 2183 velim
1533 2120 1935 2201 paucissimis
2002 2121 2245 2184 credas.
2335 2119 2473 2183 Hoc
2518 2141 2592 2182 eo

315 2205 614 2286 pertinet,
665 2228 745 2269 ne
796 2227 914 2269 nos
961 2204 1326 2288 opprimant
1373 2205 1575 2268 falsae
1618 2206 2080 2288 persuasiones.
2175 2204 2587 2287 Henningus⁷

312 2311 442 2352 non
488 2292 870 2372 aegrotavit.
965 2291 1146 2356 Valet
1192 2294 1256 2353 et
1303 2292 1581 2355 comedit
1626 2297 1690 2355 et
1734 2292 1889 2357 facit
1933 2293 2149 2355 omnia
2208 2311 2380 2354 more
2442 2311 2593 2354 con-

309 2379 496 2440 sueto
555 2381 619 2440 et
678 2382 776 2441 est
836 2378 900 2441 in
965 2381 1288 2442 conventu
1356 2376 1833 2461 Altoburgensi.
1927 2379 2061 2442 Hoc
2127 2376 2346 2440 retulit
2412 2377 2593 2440 Hirs-

309 2462 645 2527 bacchus.⁸
751 2462 908 2527 Late
977 2468 1155 2545 patet
1223 2462 1601 2527 Lotianum⁹
1669 2486 1999 2529 venenum.
2090 2464 2319 2527 Infecit
2387 2463 2595 2528 Valles

313 2553 377 2611 et
439 2548 888 2630 Erphurdiam,
967 2549 1201 2613 nedum
1275 2549 1396 2613 hoc
1461 2549 1819 2615 castellum.
1908 2550 2112 2633 Saepe
2156 2556 2219 2613 te
2265 2549 2590 2625 admonui,

315 2633 429 2697 sed
477 2634 632 2697 mihi
684 2656 807 2699 non
860 2635 1081 2699 credis,
1174 2633 1591 2697 Nithardus¹⁰
1636 2640 1701 2699 et
1748 2636 2043 2702 Fronto¹¹
2095 2636 2352 2699 Lotiani
2419 2640 2593 2714 sunt,

308 2718 715 2783 Musardus¹²
744 2724 809 2783 et
833 2716 1262 2801 Stephanus¹³
1287 2721 1438 2783 item
1467 2720 1741 2784 Lotiani.
1813 2722 2032 2786 Sentio
2057 2721 2590 2799 malevolentiam,

311 2805 430 2868 sed
476 2826 737 2870 occurro
784 2810 851 2869 et
896 2806 1089 2871 nullis
1123 2805 1525 2869 contumeliis
1563 2806 1865 2870 deterreri
1895 2828 2154 2887 possum
2186 2828 2226 2870 a
2255 2807 2587 2872 modestia.

315 2889 516 2954 Velim
563 2891 779 2969 etiam,
811 2894 886 2955 ut
918 2890 1226 2957 Cotianos
1257 2911 1478 2955 omnes
1511 2891 1774 2955 devites.
1866 2893 2010 2956 Non
2058 2896 2177 2971 est,
2226 2897 2300 2957 ut
2334 2915 2590 2957 causam

320 2997 686 3058 persequar.
779 2977 943 3043 Male
990 2976 1551 3040 damnabuntur.¹⁴
1639 2976 1917 3041 Tantum
1966 2978 2031 3041 in
2080 2978 2312 3041 studiis
2355 2979 2486 3043 tuis
2530 2982 2594 3043 et

313 3063 489 3125 domi
563 3062 666 3126 his
734 3062 1128 3145 temporibus
1198 3066 1471 3126 maneto.
1563 3062 1696 3127 Nos
1751 3069 1815 3127 te
1877 3063 2039 3127 tueri
2098 3068 2161 3127 et
2208 3066 2587 3145 promissum

315 3148 643 3211 senatus¹⁵
717 3149 1030 3227 volumuS,
1106 3147 1386 3229 „invidia
1449 3153 1828 3230 rumpantur
1890 3155 1964 3212 ut
2029 3146 2176 3212 ilia“
2254 3170 2378 3211 non
2449 3150 2590 3212 dico

324 3232 701 3315 „Codro“'⁶,
748 3235 857 3299 sed
904 3233 1142 3299 Moro¹⁷
1191 3239 1254 3296 et
1298 3232 1504 3311 Lotio,
1564 3235 1798 3297 nostris
1845 3236 1909 3298 iu
1955 3233 2079 3299 hoc
2134 3234 2387 3297 saeculo
2452 3235 2589 3297 dia-

319 3319 504 3383 bolis.
601 3319 769 3383 Vale.
863 3320 976 3385 Die
1023 3320 1084 3384 S.
1133 3316 1451 3383 Timothei
1495 3318 1814 3382 MDXIlII.

635 3437 759 3491 Cod.
797 3438 930 3493 Frcf.
968 3439 1086 3493 395.

455 3671 483 3699 ⁸
517 3659 571 3709 et
613 3656 764 3711 Tenx.
873 3674 878 3679 ·
908 3662 936 3698 b
967 3673 1166 3711 cerusa.
1310 3672 1334 3700 c
1363 3673 1460 3711 sua
1495 3658 1550 3710 et
1584 3657 1751 3725 gratia
1788 3656 1935 3709 Tem.

465 3726 480 3756 ¹
516 3724 746 3777 Hieraus
785 3725 881 3777 das
916 3726 1116 3778 Datum
1155 3727 1248 3778 des
1284 3743 1394 3781 vor.
1432 3726 1517 3779 Br.
1657 3727 1677 3757 ²
1712 3726 1763 3779 S.
1800 3727 1897 3777 411
1932 3727 1993 3779 A.
2032 3726 2080 3781 3.
2212 3726 2233 3757 ³
2266 3725 2592 3794 Nepotianus

311 3794 368 3845 in
408 3791 644 3846 Breslau.
716 3793 804 3847 Br.
844 3794 962 3847 337.
1071 3796 1092 3826 ⁴
1127 3794 1245 3862 Vgl.
1283 3794 1334 3849 S.
1372 3795 1476 3848 462
1509 3796 1575 3848 A.
1618 3794 1696 3850 10.
1814 3796 1847 3861 ξ,
1867 3793 2326 3847 Kiichenmeister.
2399 3794 2448 3849 S.
2490 3795 2591 3850 206

311 3864 382 3913 A.
421 3860 470 3912 2.
608 3862 630 3893 ⁶
665 3861 773 3913 Der
806 3861 912 3914 Erf.
951 3862 1090 3931 Mag.
1130 3863 1321 3917 Conon.
1393 3861 1478 3915 Br.
1515 3863 1636 3915 416.
1779 3864 1799 3894 ⁷
1836 3862 2026 3915 Goede.
2098 3862 2149 3917 S.
2186 3862 2289 3914 412
2324 3864 2385 3917 A.
2422 3864 2472 3915 4.

393 3930 414 3962 ⁸
447 3929 684 3981 Erfurter
718 3929 1067 3991 Vei-bannter,
1103 3930 1336 3984 Mutians
1371 3930 1635 3984 Nachbar.
1694 3930 1745 3984 S.
1786 3930 1885 3984 205
1920 3932 1985 3982 A.
2024 3933 2070 3984 5.
2192 3932 2213 3963 ⁹
2248 3930 2297 3985 S.
2337 3933 2403 3985 38
2439 3934 2501 3983 A.
2538 3934 2587 3985 4.

391 4000 434 4030 ¹⁰
470 3997 520 4065 S.
561 3998 662 4052 268
699 4000 762 4050 A.
801 4000 847 4052 3.
961 4001 998 4031 ¹¹
1037 4001 1087 4053 S.
1127 4000 1228 4051 239
1265 4002 1325 4053 A.
1363 4000 1410 4051 7.
1523 4000 1563 4031 ¹²
1603 3999 1653 4053 S.
1691 3998 1797 4051 418
1832 4001 1893 4053 A.
1937 3998 2016 4050 11.
2139 4000 2181 4030 ¹⁸
2214 4000 2265 4054 S.
2303 4000 2405 4052 212
2440 4003 2501 4053 A.
2544 4003 2590 4055 1.

392 4067 434 4097 ¹⁴
469 4066 616 4133 Uber
651 4066 738 4119 die
777 4067 1118 4136 vordachtigo
1153 4066 1388 4135 Haltung
1423 4068 1516 4120 der
1551 4066 1729 4119 Partei
1766 4067 2125 4135 Sommerings
2150 4067 2254 4135 vgl.
2294 4068 2379 4123 ΒΓ.
2417 4070 2519 4123 360
2554 4071 2587 4122 f.

392 4135 434 4167 ’ὃ
466 4133 614 4187 Uber
640 4135 726 4187 ein
765 4152 890 4187 vom
926 4136 1379 4203 Schwicgervater
1413 4136 1729 4204 Brengbiers
1781 4135 2074 4203 gestiftetes
2120 4136 2449 4189 Beneficium
2498 4138 2591 4190 der

315 4202 706 4326 StagltSthghaeR
761 4202 860 4322 fr..
896 4205 1014 4259 407.
1087 4203 1204 4272 Vgl.
1243 4203 1293 4257 S.
1330 4204 1434 4257 412
1471 4206 1532 4260 A.
1571 4205 1619 4257 4.
1764 4206 1807 4237 ²⁶
1840 4203 2038 4272 Vergil.
2076 4203 2185 4257 Ecl.
2223 4204 2344 4272 VII,
2380 4204 2461 4259 26.
