3084 4895
469 421 600 487 464
1327 417 1503 475 Briefe
1537 416 1632 476 des
1668 422 1716 478 J.
1757 421 1905 478 1514.

473 616 732 678 praeses
788 592 1049 658 noster.'
1143 588 1448 658 Libenter
1507 595 1666 660 mihi
1726 594 2072 660 obsecutus
2138 600 2256 674 est,
2322 597 2439 662 deo
2504 597 2736 680 gloria.

482 680 772 747 Salutavi
842 700 950 761 per
1015 679 1232 742 literas
1296 679 1647 743 Duronium
1716 685 1778 744 et
1842 680 2263 757 Musardum,²
2323 705 2405 746 ne
2464 690 2530 746 et
2573 685 2739 747 mihi

473 768 688 831 forsan
757 785 1090 846 personam
1161 764 1361 827 dareS.
1451 764 1551 828 Ita
1619 765 1855 830 habeto
1920 769 1987 830 in
2054 789 2329 832 summa:
2408 769 2735 832 interdum

474 850 924 916 assumendum
990 871 1126 912 esse
1194 871 1547 932 personam,
1617 852 1909 931 quamvis
1972 854 2281 916 sincerius
2348 857 2415 917 et
2478 853 2737 917 fidelius

473 938 628 1002 nihil
695 957 833 998 esse
893 935 1012 998 tibi
1069 935 1301 998 debeat
1353 940 1418 998 et
1471 935 1557 998 sit
1617 935 1927 1000 Mutiano.
2030 937 2239 1020 Caput
2304 942 2422 1015 est,
2491 945 2567 1000 ut
2632 961 2737 1002 me

472 1044 646 1088 ames
679 1026 920 1084 mutuo,
996 1020 1112 1082 Die
1149 1020 1497 1100 Hippolyti.
1574 1021 1644 1084 Si
1678 1023 1928 1102 probas,
1963 1023 2254 1100 efficiam,
2289 1027 2361 1086 ut
2392 1023 2737 1087 Musardus

475 1103 930 1188 Margaretam⁸
976 1104 1270 1168 obtineat
1314 1110 1564 1168 mortuo
1622 1110 1895 1187 pastore.
1986 1109 2013 1172 I
2062 1131 2233 1172 nunc
2276 1114 2341 1172 et
2388 1107 2584 1186 dicas,
2632 1131 2735 1172 me

472 1217 600 1258 non
647 1214 784 1255 esse
827 1191 1142 1253 sincerum
1189 1191 1480 1253 amicum.
1574 1191 1721 1254 Vale
1768 1197 1832 1254 et
1876 1193 2065 1256 salve.

777 1291 899 1345 Cod.
937 1289 1070 1343 Frcf.
1109 1290 1224 1344 390.

473 1480 702 1550 (Gotha.)
1522 1463 1669 1527 395.
2286 1482 2365 1534 13.
2402 1482 2537 1550 Aug.
2581 1483 2736 1536 1514.

1217 1589 1506 1659 Mutian
1552 1609 1650 1659 an
1694 1590 1975 1660 Ecban.

573 1719 752 1788 (Darda
785 1718 880 1789 fier
914 1717 1000 1770 die
1032 1717 1385 1771 fficrsandten
1432 1718 1701 1772 Heroiden
1733 1720 1851 1772 und
1882 1719 2113 1772 lobendes
2159 1719 2328 1773 Urteil
2356 1720 2629 1786 daro'ae‘ber.)

569 1833 756 1882 Helio
791 1832 1050 1882 Ecbano
1086 1831 1308 1890 Hesso,
1356 1836 1679 1891 spectatae
1714 1835 2109 1906 auctoritatis
2143 1838 2388 1894 poetae,
2422 1835 2625 1883 amico

1255 1917 1561 1978 singulari
1595 1919 1681 1970 M.
1717 1917 1938 1971 Rufum.

673 2027 735 2092 S.
828 2028 1104 2093 Omnino
1148 2028 1270 2092 tibi
1316 2030 1557 2110 gratias
1602 2051 1724 2111 ago
1772 2037 1837 2094 et
1882 2031 2065 2094 valde
2111 2031 2415 2110 gratulor,
2463 2029 2735 2094 Eobaue

465 2115 947 2197 jucundissime,
1015 2113 1184 2194 quod
1241 2115 1480 2178 editum
1539 2137 1740 2197 nuper
1794 2138 1953 2198 opus
2008 2119 2189 2179 tuum
2246 2137 2359 2198 pro
2415 2117 2736 2196 singulari

465 2208 578 2264 tua
622 2221 768 2280 erga
832 2221 930 2262 me
984 2198 1392 2263 observantia
1451 2201 1789 2282 legendum
1848 2201 2002 2264 mihi
2058 2199 2446 2265 tradideris*
2534 2200 2607 2264 In
2656 2223 2735 2264 eo

465 2286 837 2349 certissimis
883 2289 946 2348 et
989 2285 1344 2366 praecipuis
1389 2287 1707 2363 laudibuS,
1755 2288 1991 2368 quibus
2035 2287 2241 2364 flores,
2302 2287 2729 2350 immortalem

464 2377 530 2435 te
595 2369 822 2433 fecisti.
914 2369 1218 2446 Quamvis
1287 2371 1477 2434 etiam
1548 2377 1699 2434 ante
1763 2373 2040 2435 nominis
2107 2373 2205 2435 tui
2270 2371 2473 2453 gloria
2542 2375 2733 2436 tutus

465 2480 602 2521 eras
660 2461 724 2520 et
785 2476 1054 2537 magnus
1118 2460 1322 2536 poeta.
1439 2458 1536 2520 An
1606 2458 1901 2521 mediocri
1969 2480 2069 2521 me
2132 2458 2461 2539 voluptate
2537 2464 2733 2539 putas

465 2542 656 2617 affici,
705 2563 846 2605 cum
894 2541 1094 2618 videO,
1143 2546 1385 2621 quanto
1431 2548 1762 2623 apparatu,
1796 2565 1923 2624 qua
1957 2564 2204 2624 pompa,
2240 2564 2427 2625 quam
2464 2542 2731 2606 honori-

464 2627 876 2691 ficentissime
948 2627 1190 2706 puellas
1253 2628 1398 2689 illas
1463 2632 1612 2691 tuas
1678 2629 1773 2691 vel
1836 2630 1903 2691 in
1956 2629 2277 2692 theatrum
2346 2628 2443 2691 vel
2515 2627 2723 2690 lucem

465 2713 914 2788 studiosorum,
961 2715 1034 2775 ut
1079 2710 1285 2793 palam
1351 2714 1828 2794 conspiciantur
1870 2718 1937 2776 et
1980 2719 2378 2790 venerentur,
2444 2712 2728 2791 deducis,

466 2798 626 2862 nihil
673 2819 824 2864 sane
871 2818 1062 2859 nasos
1109 2803 1174 2861 et
1216 2797 1432 2860 lances
1479 2818 1607 2861 non
1655 2799 1796 2861 dico
1862 2800 2242 2872 criticorum,
2310 2799 2420 2861 sed
2485 2817 2725 2876 eorum,

465 2884 574 2966 qui
642 2883 859 2947 literas
927 2881 1332 2947 humaniores
1395 2884 1751 2946 contemtui
1814 2881 2072 2962 habent,
2135 2883 2195 2946 h.
2256 2905 2307 2945 e.
2353 2885 2725 2963 importuna

463 2969 773 3053 prodigia,
842 2968 1132 3031 veritus?
1222 2967 1619 3031 Consecutus
1684 2990 1750 3031 es
1814 2974 2027 3033 autem
2098 2968 2422 3031 hilaritate
2483 2970 2596 3030 tua
2660 2972 2727 3031 et

462 3054 925 3136 gratiosissima
979 3051 1287 3117 facilitate
1333 3057 1396 3116 et
1423 3064 1452 3093 ⁸
1492 3054 1774 3135 ingeni0,
1830 3074 1959 3135 quo
2017 3054 2209 3127 vales,
2258 3057 2331 3115 ut
2377 3054 2543 3115 inter
2589 3052 2723 3115 elo-

463 3141 728 3221 quentia
772 3138 1153 3203 clarissimos
1201 3138 1496 3203 Ovidium
1531 3146 1597 3201 et
1629 3138 1986 3221 Baptistam
2020 3138 2447 3201 Mantuanum
2478 3138 2723 3201 medius

464 3226 647 3308 (quid
691 3224 858 3288 enim
905 3224 1078 3287 aliud
1125 3224 1330 3288 dicam
1395 3224 1598 3305 magis
1658 3224 1973 3305 proprie?)
2035 3224 2309 3287 videaris
2369 3223 2721 3286 ambulare.

463 3312 927 3393 Argumentum
980 3311 1178 3373 sumis
1235 3332 1313 3372 ex
1358 3314 1612 3389 recepta
1682 3314 2031 3390 sanctaque
2098 3308 2337 3371 fabula.
2432 3307 2719 3371 Honesta

461 3398 624 3460 ratio
683 3395 931 3459 consilii
981 3395 1096 3457 tui.
1187 3394 1277 3455 Eo
1335 3415 1478 3457 vero
1525 3394 1735 3457 tendit
1804 3394 2201 3475 propositum
2269 3398 2451 3456 tuum
2524 3392 2717 3473 (quod

463 3504 602 3546 esse
666 3480 986 3549 laudabile
1053 3480 1197 3559 quis
1263 3501 1388 3541 non
1461 3480 1633 3542 videt
1656 3478 1738 3559 5³),
1805 3484 1875 3541 ut
1922 3480 2227 3561 juventus
2300 3478 2536 3540 recenti
2610 3484 2719 3539 tuo

462 3567 768 3633 beneficio
815 3566 898 3629 ad
943 3564 1182 3627 cultum
1230 3566 1547 3628 excitetur
1590 3564 1975 3628 christianae
2008 3563 2347 3625 Minervae.
2441 3561 2722 3625 Credant

464 3676 532 3717 se
598 3652 782 3715 modo
841 3654 904 3714 et
969 3649 1272 3713 studeant
1338 3651 1467 3713 tuis
1538 3649 1789 3730 hymnis
1855 3650 2223 3712 intermissa
2286 3648 2711 3729 sophistarum

461 3738 826 3802 insulsitate
891 3735 1273 3812 scholastici,
1331 3735 1688 3816 decerpturi
1748 3757 1825 3797 ex
1883 3734 2001 3796 hoc
2062 3732 2453 3796 fertilissimo
2520 3731 2715 3795 fundo

465 3845 591 3888 non
645 3823 853 3886 minus
897 3821 1144 3883 fructus
1199 3841 1386 3901 quam
1448 3820 1653 3883 floris:
1703 3821 1758 3882 si
1803 3819 2054 3900 quidem
2102 3840 2179 3881 ea
2222 3840 2353 3881 rem
2422 3816 2719 3897 religione

594 4090 628 4176 ἲ
655 4078 1032 4198 ἱᾙῗῐῗιιὲῗὲῖἓξ
1058 4074 1905 4209 gh‘gtHggiiiiffligiiiinzoiioghttafig.
1932 4071 2296 4209 etSZegibttar.
2337 4140 2531 4193 Histor.
2570 4139 2717 4192 Goth.

467 4215 552 4266 ed.
589 4214 739 4267 Tcnz.
780 4230 829 4281 p.
868 4213 984 4266 252.
1055 4212 1127 4265 Ei·
1163 4211 1295 4264 hielt
1329 4212 1444 4263 sich
1482 4227 1583 4265 nur
1620 4211 1899 4278 zeitweilig
1934 4210 1989 4261 in
2024 4210 2197 4261 Gotha
2230 4210 2333 4262 auf.
2474 4210 2495 4240 ²
2529 4207 2723 4260 Lehrer

382 4320 389 4326 .
473 4284 528 4333 in
566 4280 930 4349 Georgenthal.
1003 4280 1052 4332 S.
1093 4281 1193 4332 212
1231 4283 1289 4331 A.
1327 4281 1374 4333 6.
1511 4281 1532 4311 ³
1566 4278 1798 4332 Pfriinde
1846 4280 1939 4331 der
1988 4276 2446 4329 Parochialkimhe
2496 4275 2547 4329 S.
2585 4274 2719 4327 Mar-

473 4352 720 4417 garethae
767 4350 817 4401 in
868 4350 1052 4402 Gotha.
1127 4349 1242 4417 Vgl.
1281 4347 1330 4402 S.
1368 4348 1468 4399 447
1507 4352 1571 4401 A.
1611 4350 1659 4402 4.
1802 4348 1823 4379 ⁴
1856 4347 1955 4399 Ein
2011 4345 2322 4414 vorlaufiges
2374 4344 2544 4401 Urteil
2594 4344 2723 4395 iiber

475 4420 560 4471 die
597 4435 684 4471 am
717 4420 770 4471 4.
807 4421 940 4485 Aug.
983 4418 1363 4485 empfangenen
1395 4416 1663 4470 Heroiden
1697 4416 1751 4468 in
1786 4416 1873 4470 Br.
1910 4415 2026 4468 392.
