3084 4895
425 356 552 448 582
1287 378 1464 433 Briefe
1499 378 1592 433 des
1628 378 1677 435 J.
1718 380 1865 435 1515.

427 576 616 620 nosse
684 575 962 636 possum,
1047 552 1311 633 dignum
1359 557 1457 618 est
1501 574 1683 635 opuS‚
1742 554 1845 618 cui
1902 555 2248 619 severioris,
2294 555 2570 636 exempli
2616 555 2709 617 si-

431 642 780 705 mulacrum
830 642 1166 720 superstet.
1265 637 1426 701 Nam
1475 640 1648 703 nuda
1694 640 2087 704 stimulatrix
2134 640 2353 705 multis
2398 662 2709 703 nauseam

431 731 702 789 naturae
770 726 944 789 vitiis
1011 723 1270 797 excitat,
1339 724 1562 804 paucis
1630 724 1939 789 laetitiam
1998 724 2525 807 voluptatemque
2584 727 2712 788 nisi

432 811 808 875 exhilaratis
881 809 1372 873 combibonibus
1439 810 1641 873 affert.
1750 811 1934 875 Docti
2000 815 2239 875 norunt
2290 832 2485 875 sexus
2537 812 2715 893 illius

435 897 688 961 foedum
752 894 1131 976 proluvium.
1226 894 1450 957 Verum
1513 917 1641 959 non
1703 897 1856 960 mihi
1916 896 2025 959 sed
2081 896 2178 960 illi
2230 901 2526 979 paratum
2590 901 2713 973 est,

436 984 545 1065 qui
603 982 758 1045 velit
818 979 982 1044 nolit
1037 1002 1320 1043 cunnum
1374 982 1637 1045 visitare
1682 984 1745 1045 et
1792 982 1927 1048 dies
1988 987 2212 1047 noctes
2276 983 2515 1049 nudam
2578 1006 2718 1046 am·
2824 982 2831 987 ’

431 1069 624 1150 plecti
686 1067 1010 1130 dominam
1074 1086 1329 1129 necesse
1389 1066 1603 1129 habet.
1705 1066 1803 1129 Illi
1870 1068 2182 1131 donamus
2250 1068 2719 1149 spectaculum,

435 1154 882 1232 dicturumque
929 1172 1066 1215 reor
1111 1152 1406 1227 amicum,
1456 1152 1519 1215 id
1568 1153 1743 1232 quod
1784 1158 2033 1217 amator
2078 1153 2483 1217 Philolaches
2538 1154 2718 1234 apud

440 1239 734 1303 Plautum
776 1236 1041 1299 libidine
1073 1236 1352 1298 Venerea
1385 1237 1665 1316 percitus
1698 1238 1893 1301 dixit.
1950 1238 2129 1319 „Mea
2152 1238 2721 1313 Philocomasium,

437 1328 659 1407 potare
705 1326 916 1386 tecum
968 1322 1320 1385 collibitum
1372 1322 1559 1385 est.“'
1655 1322 1707 1385 O
1756 1344 1947 1403 quam
2006 1323 2282 1387 libenter
2338 1324 2611 1399 audiret,
2662 1326 2719 1385 si

433 1410 846 1492 responderet
913 1408 1142 1489 imago,
1236 1407 1422 1469 Libet
1483 1408 1705 1489 edepol
1768 1409 1923 1471 mihi
1986 1413 2217 1473 tecum.
2308 1408 2471 1471 Nam
2542 1410 2725 1489 quod

433 1496 557 1559 tibi
616 1494 796 1566 libet,
861 1493 1026 1555 idem
1090 1492 1244 1554 mihi
1302 1491 1476 1556 libet.
1571 1492 1694 1556 Sed
1755 1495 1926 1557 nuda
1982 1498 2098 1557 est.
2193 1494 2477 1570 Quidni?
2568 1495 2723 1558 Non

435 1602 660 1645 omnes
707 1583 860 1642 sunt
905 1577 1125 1641 Stoici.
1219 1578 1413 1641 Pauci
1461 1579 1781 1643 Zenonem
1832 1580 2185 1643 imitantur.
2277 1580 2524 1643 Infiniti
2567 1603 2725 1663 pro-

436 1667 596 1731 bant
643 1665 922 1746 ejusdem
972 1668 1198 1745 poetae
1245 1664 1654 1728 versiculum:
1710 1664 2021 1745 „Pulchra
2077 1665 2304 1728 mulier
2364 1666 2537 1729 nuda
2598 1668 2726 1729 erit

437 1773 630 1835 quam
706 1756 1057 1833 purpurata
1134 1748 1472 1830 pulchrior.
1486 1748 1549 1782 “²
1670 1716 1809 1826 Q”uo
1887 1772 1983 1813 me
2058 1756 2321 1827 ver,tam
2410 1750 2725 1814 Urbane?

442 1837 839 1919 „Stultorum
892 1836 1076 1916 plena
1121 1840 1275 1899 sunt
1319 1836 1555 1899 omnia.
1569 1834 1629 1867 “³
1722 1836 1895 1912 Quae
1941 1836 2085 1903 aliis
2153 1836 2481 1921 voluptati
2544 1842 2724 1913 sunt,

436 1923 624 1987 nobis
671 1923 890 2003 inepta
951 1921 1276 1999 videntur3
1335 1943 1500 2001 quae
1558 1943 1673 1985 nos
1730 1921 2069 1999 delectant,
2128 1922 2271 1987 aliis
2330 1914 2725 1987 stultissima

438 2009 639 2073 videri
684 2007 909 2071 solent.
1003 2006 1110 2069 Sic
1157 1972 1441 2069 vivitur.

631 2092 874 2157 Lucida
919 2093 1225 2156 caelatam
1275 2096 1557 2175 pateram
1608 2094 1973 2175 superastat
2019 2094 2253 2175 image,

634 2179 807 2242 nuda
857 2178 1026 2241 latus
1073 2178 1308 2242 nudam
1362 2182 1726 2241 monstrans
1772 2180 1911 2241 sine
1956 2184 2134 2243 veste
2182 2202 2540 2258 cavernam,

637 2264 1180 2345 substrictamque
1229 2284 1472 2327 comam
1521 2264 1792 2345 genialis
1840 2265 2002 2328 vitta
2050 2269 2316 2329 coercet.

637 2349 837 2413 Credo
885 2350 1176 2432 equidem
1224 2350 1412 2413 laetis
1459 2351 1691 2412 animis
1740 2352 2129 2431 spectabere,
2176 2352 2374 2431 virgo.

647 2435 905 2500 Ornabo
951 2440 1164 2499 tamen
1215 2435 1338 2499 hoc
1386 2458 1615 2500 munus
1660 2435 1942 2500 mirificis
1988 2437 2215 2516 verbis,
2263 2442 2353 2513 ut,
2403 2439 2721 2517 quantum

442 2524 621 2586 deest
663 2524 858 2604 operi,
928 2523 1197 2604 epistola
1245 2522 1530 2604 jucunda
1578 2527 1642 2593 et
1688 2523 1766 2584 ad
1814 2522 2301 2588 delectationem
2364 2522 2725 2605 composita

443 2610 765 2672 resarciat.
855 2607 1298 2690 Engelmanno
1343 2612 1490 2691 post
1534 2629 1719 2687 agam
1786 2629 1911 2670 non
1986 2610 2125 2674 sine
2185 2611 2354 2673 dono
2425 2606 2722 2688 gratias⁴

446 2694 687 2773 Scribe,
735 2699 1046 2776 quantum
1091 2693 1462 2757 Carthusini
1525 2693 1866 2770 dederint,⁸
1938 2700 2249 2776 quantum
2319 2695 2722 2775 relinquatur

445 2781 632 2843 nobis
699 2781 972 2844 deducto
1041 2802 1185 2843 aere
1253 2780 1480 2844 alieno,
1598 2779 1767 2842 Cura
1831 2781 2132 2857 ut‚bene
2205 2781 2416 2844 valeas
2492 2801 2721 2862 meque

449 2871 671 2929 mutuo
719 2865 970 2946 diligas
1061 2865 1295 2928 Datum
1345 2865 1446 2928 die
1491 2864 1831 2946 Lamperti.

759 2965 882 3020 Cod.
917 2965 1052 3020 Fref.
1091 2965 1206 3020 514.

447 3153 678 3221 (Gotha.)
1507 3137 1651 3200 521.
1886 3155 1889 3158 ·
2224 3154 2313 3238 18..
2340 3153 2482 3221 Sept.
2522 3152 2719 3220 (1515).

1195 3264 1485 3332 Mutian
1529 3283 1629 3332 an
1674 3263 1953 3333 Urban.

449 3390 810 3456 (Scleerxkafte
860 3391 1019 3442 Scene
1067 3409 1183 3443 vom
1231 3391 1394 3444 Kater
1442 3391 1615 3452 Mohr,
1665 3391 1755 3444 der
1788 3391 1943 3444 einen
1976 3407 2052 3444 xu
2084 3391 2380 3458 rupfenden
2439 3391 2493 3447 V
2544 3391 2611 3444 el
2632 3408 2721 3458 9·ss

449 3459 664 3528 stolden.
737 3459 897 3512 Dank
931 3459 1026 3524 fiir
1059 3460 1158 3512 den
1191 3460 1545 3512 ubersandten
1581 3460 1753 3512 Kelclz.
1828 3459 1901 3512 M.
1936 3459 2053 3512 will
2084 3459 2181 3525 fier
2216 3459 2276 3512 U.
2301 3459 2387 3512 ἄιε
2421 3459 2501 3516 Er.
2558 3459 2722 3512 ubm‘s

447 3543 554 3579 xur
588 3527 743 3580 Rei-se
776 3529 917 3580 nach,
953 3527 1175 3595 Leipxiq
1210 3529 1369 3580 emir
1367 3529 1514 3582 loen.
1551 3528 1654 3580 Die
1697 3529 1898 3595 Geyner
1931 3528 2125 3594 mersen
2170 3528 2286 3580 ‘ihm
2332 3545 2439 3590 vor,
2490 3528 2617 3580 dass
2662 3545 2723 3580 er

450 3595 595 3648 scine
640 3595 1103 3663 Verpslichtunycn
1132 3613 1291 3664 yeyen
1325 3597 1470 3648 scine
1505 3576 1813 3664 Mvtbic'ryer,
1854 3596 2058 3648 Besae-h
2092 3597 2184 3648 der
2218 3596 2536 3648 Hochxeitcn
2558 3613 2611 3648 u.
2637 3597 2721 3663 dy.

451 3669 736 3716 υθνείιιιηιε.
810 3664 1157 3731 Entwerfmzy
1210 3682 1351 3716 emes
1405 3665 1585 3716 Bildes
1638 3665 1724 3716 des
1778 3682 1929 3717 xuar
1974 3664 2191 3727 Ιιίειιιειι,
2244 3665 2368 3717 aber
2410 3665 2573 3732 ycist

451 3733 735 3784 deutenden
806 3733 1000 3789 Urbem,
1050 3733 1142 3785 der
1173 3733 1278 3784 mit
1311 3734 1427 3785 dem
1449 3734 1642 3801 jiiozyst
1670 3733 1962 3801 yefalbenen
2016 3733 2203 3785 Hermo
2262 3733 2539 3786 Stormdor
2456 3665 2722 3799 lortz'qver-

981 3801 1192 3869 9lichen
1228 3802 1378 3854 wird.
1450 3802 1791 3870 fflrspraehe
1826 3801 1922 3868 fiir
1956 3801 2183 3859 Eoban)

971 3914 1229 3965 Urbano
1265 3921 1479 3964 nostro
1515 3913 1829 3974 praesidio
1867 3915 1955 3964 M.
1993 3913 2215 3964 Rufus.

661 4022 869 4088 Salus.
961 4024 1131 4102 Heri,
1178 4026 1264 4087 mi
1317 4025 1587 4102 Urbane,
1634 4025 1873 4088 oblitus
1920 4024 2133 4101 officii,
2169 4026 2336 4107 quod
2370 4025 2435 4088 in
2470 4023 2724 4088 actione

455 4111 804 4192 gratiarum
850 4112 1163 4189 consistit,
1214 4131 1338 4173 non
1375 4112 1542 4192 quod
1579 4132 1798 4191 parum
1846 4111 2130 4174 laetitiae
2170 4111 2724 4206 jucunditatisque

596 4315 612 4344 ¹
651 4312 822 4365 Plaut.
861 4310 1084 4363 Mostell
1123 4312 1164 4378 I,
1203 4314 1250 4378 3.
1292 4313 1402 4365 137.
1550 4315 1567 4344 ²
1605 4312 1827 4371 Mostell.
1865 4313 1907 4378 I,
1946 4314 1993 4380 3,
2036 4314 2146 4367 131.
2294 4314 2314 4344 ³
2348 4311 2455 4365 Cio.
2494 4311 2561 4364 ad
2595 4312 2721 4366 fam.

455 4380 552 4447 IX,
591 4379 674 4442 22,
710 4381 758 4433 4.
901 4381 922 4410 ⁴
956 4379 1006 4431 S.
1045 4379 1141 4432 581
1183 4371 1248 4433 A.
1281 4382 1330 4434 8.
1473 4378 1494 4414 ⁵
1527 4381 1636 4433 Fur
1671 4383 1771 4434 den
1811 4381 2108 4450 Weinberg.
2182 4381 2232 4434 S.
2271 4380 2377 4434 580
2409 4383 2472 4434 A.
2508 4380 2559 4434 8.
