3084 4895
423 357 546 420 188
1191 353 1366 406 Briefe
1404 371 1504 406 von
1546 355 1904 412 1509--1511.

423 526 621 590 nimio
669 547 790 588 usu
837 525 1282 590 auctoritatem
1353 527 1536 606 quasi
1607 527 2038 610 perdiderunt.
2132 527 2301 602 Scin,
2365 531 2566 609 pater,
2628 532 2697 592 te

426 634 552 675 non
605 611 919 690 ignorare,
968 616 1278 692 quantum
1327 613 1415 675 sit
1445 612 1653 676 scelus
1692 612 2003 691 „viscus“,
2053 617 2125 674 ut
2157 613 2369 692 inquit
2401 611 2694 691 Ovidius,

431 697 530 776 „in
560 697 800 760 viscera
833 695 1110 760 condi.“¹
1151 697 1245 758 Ad
1271 699 1622 779 nequitiam
1658 697 1879 776 refero,
1909 720 2034 761 non
2070 698 2151 760 ad
2174 719 2351 760 esum
2380 699 2691 762 carnium.

424 782 657 844 Vestae
701 781 1090 846 sacerdotem
1141 782 1420 863 polluere
1465 785 2043 847 sacricommissum
2092 787 2207 864 est,
2255 784 2425 867 quod
2472 805 2692 864 asper-

423 868 600 930 sione
637 889 844 947 aquae
889 889 1017 930 non
1063 867 1315 930 eluitur.
1405 867 1710 950 Magnum
1762 873 1825 932 et
1870 868 2180 932 nefarium
2216 869 2422 930 scelus
2457 890 2693 950 magna

423 953 582 1015 ultio
651 957 955 1032 sequatur
1026 975 1278 1016 necesse
1345 957 1460 1016 est.
1560 955 1630 1017 Si
1688 955 1884 1034 igitur
1950 955 2235 1017 incestus
2291 977 2377 1031 οε,
2440 955 2692 1018 imitare

425 1059 658 1118 caecos·
693 1042 758 1100 et
803 1038 1037 1100 clama:
1093 1037 1252 1119 „Fili
1311 1038 1538 1116 David,
1601 1039 1896 1104 miserere
1957 1037 2223 1115 nostri“,
2272 1044 2337 1102 et
2380 1039 2690 1102 continuo

431 1127 769 1186 evanescet
813 1124 992 1199 ultio,
1041 1125 1225 1204 culpa
1264 1124 1751 1188 condonabitur.
1829 1125 2036 1188 Tanta
2070 1128 2168 1187 est
2198 1125 2297 1186 dei
2330 1124 2686 1187 elementia.

434 1208 593 1271 Fieri
673 1214 900 1288 potest,
968 1214 1041 1280 ut
1105 1209 1298 1272 frater
1371 1209 1677 1273 Bernardi
1752 1210 2007 1274 Vestam
2082 1210 2553 1273 sanctissimam
2625 1214 2692 1272 et

424 1294 732 1357 intactam
781 1295 985 1375 stupri
1043 1316 1234 1357 causa
1298 1295 1575 1377 appellet
1640 1295 2011 1377 nitaturque
2076 1297 2483 1358 sanctitatem
2554 1316 2692 1357 cor—

424 1400 732 1461 rumpere.
855 1379 1168 1442 Samuelis
1245 1379 1360 1442 filii
1436 1380 1905 1460 degenerarunt-
1978 1384 2041 1442 et
2112 1380 2257 1443 Heli
2340 1381 2690 1444 sacerdotis

423 1465 699 1527 filiorum
759 1465 958 1528 libido
1027 1465 1322 1546 flagravit
1387 1465 1660 1545 longius
1754 1467 1920 1546 Ergo
1980 1487 2165 1528 nemo
2230 1465 2353 1528 sibi
2398 1466 2477 1528 de
2523 1466 2683 1528 duce

424 1551 772 1614 Benedicto
821 1554 933 1614 aut
978 1550 1300 1614 Bernardo
1348 1551 1735 1616 blandiatur.
1826 1551 2102 1615 Pronum
2144 1555 2243 1614 est
2290 1552 2356 1613 in
2404 1556 2686 1614 ventrem

422 1636 547 1698 iter
599 1640 664 1699 et
717 1636 905 1717 plane
950 1636 1284 1699 lubricum.
1406 1635 1520 1699 Sin
1584 1641 1801 1700 autem
1862 1658 1988 1700 non
2052 1637 2317 1718 rapuisti
2388 1639 2688 1713 amatam,

425 1721 609 1784 mitte
687 1722 1271 1785 consternationem
1339 1727 1404 1785 et
1477 1721 1623 1784 bibe
1699 1722 1935 1785 bonum
2006 1722 2245 1786 vinum.
2366 1721 2691 1803 „Dissipat

424 1829 606 1869 curas
663 1806 858 1871 Evius
920 1805 1238 1870 edaces.“³
1327 1807 1418 1870 De
1466 1828 1593 1886 quo
1640 1807 1838 1870 aliubi
1900 1807 2240 1871 Horatius:
2311 1807 2443 1890 „Tu
2512 1828 2691 1888 spem

422 1891 672 1955 reducis
724 1892 1046 1956 mentibus
1093 1892 1398 1956 anxiis.“⁴
1488 1892 1665 1956 Maro
1714 1894 2003 1956 nominat
2033 1893 2319 1957 laetitiae
2351 1891 2689 1955 datorem.⁵

422 1977 571 2039 Vale
640 1981 705 2040 et
771 1978 934 2041 scias
1005 2000 1134 2042 uno
1211 1979 1500 2041 Mutiano
1576 1983 1754 2040 tuam
1830 1979 2101 2042 salutem
2174 1983 2237 2042 et
2306 1977 2691 2057 dignitatem

423 2063 730 2126 libentius
797 2063 1202 2128 defensurum
1257 2086 1394 2127 esse
1457 2064 1793 2127 neminem.
1886 2064 2115 2128 Missos
2160 2064 2241 2127 ad
2286 2086 2386 2126 me
2442 2062 2691 2126 codices

423 2170 549 2212 non
621 2151 820 2229 gratis
888 2149 1156 2227 habeb0‚
1233 2150 1402 2213 dabo
1466 2150 1759 2230 pretium.
1854 2149 2135 2232 Exquire
2210 2150 2497 2232 plurima.
2591 2149 2691 2211 Ad

425 2234 857 2298 Herebordum
921 2240 985 2298 et
1053 2235 1458 2318 Spalatinum
1523 2235 1673 2298 novi
1741 2236 1895 2316 quid
1961 2236 2315 2318 scripturus
2386 2236 2539 2312 sim3
2608 2256 2691 2296 ne

424 2325 708 2399 metuas3
773 2343 902 2384 non
963 2342 1180 2402 promo
1228 2321 1515 2385 tacenda.
1607 2320 1841 2385 Iterum
1903 2322 2041 2384 vale
2099 2342 2359 2384 securus
2404 2324 2470 2382 et
2512 2318 2688 2382 felix.

427 2406 524 2470 Ad
565 2427 784 2470 cenam
835 2404 1204 2489 Apollonio⁶
1252 2406 1544 2471 dandam.
1636 2407 1771 2470 Hac
1816 2407 1983 2470 enim
2030 2406 2188 2471 hora
2236 2407 2425 2470 venit.

739 2524 862 2578 Cod.
897 2524 1031 2578 Frcf.
1073 2526 1186 2579 107.

427 2754 658 2823 (eotha.)
1495 2740 1635 2802 142.
2268 2755 2349 2810 22.
2387 2756 2496 2808 Juli
2534 2757 2688 2809 1510.

1182 2866 1471 2935 Mutian
1517 2886 1617 2935 an
1663 2864 1941 2934 Urban.

427 2993 625 3059 (Geqen
672 2993 881 3047 Urbane
917 2993 1392 3061 Entschuldiyunffi
1429 3012 1486 3045 er
1515 2992 1746 3047 schreibe
1780 3010 1883 3045 aus
1919 2993 2119 3045 Furckt
2155 3009 2247 3043 vor
2282 2992 2503 3045 Muciam
2525 2993 2688 3045 nield.

425 3060 766 3128 Auslassuny
796 3079 956 3128 yeyen
989 3061 1074 3113 die
1104 3063 1382 3129 yekrbnten
1416 3063 1620 3124 Poeten,
1672 3062 1852 3114 welche
1880 3079 2041 3129 yeyen
2074 3062 2158 3131 die
2197 3060 2460 3129 Theoloyie
2505 3061 2688 3128 eifevn.

426 3128 528 3181 Die
575 3129 782 3197 Juyend
825 3130 926 3182 soll
970 3147 1080 3181 nm·
1125 3130 1340 3183 kemseke
1388 3130 1607 3182 Dichter
1642 3131 1791 3189 lesen,
1838 3130 1929 3181 der
1962 3130 2195 3181 Prie-ster
2238 3146 2343 3195 ρων
2388 3129 2549 3192 heim,
2586 3130 2691 3181 mit

426 3196 738 3249 Ausnahme
795 3199 883 3250 des
940 3198 1207 3263 frommen
1258 3198 1511 3265 Baptista
1568 3198 1921 3250 Mantuanus,
2016 3198 2118 3249 Die
2184 3196 2543 3250 Gekeimnisse
2598 3198 2691 3249 der

429 3265 706 3333 Theoloqen
739 3266 867 3318 sind
886 3266 1034 3319 nieht
1068 3284 1142 3319 zu
1168 3266 1531 3387 profanielrsszz.
1556 3266 1965 3400 ffltislchuld‘eyt
1988 3268 2170 3319 seinen
2192 3266 2379 3319 letxten
2400 3265 2687 3332 vomourfs-

1357 3352 1418 3387 vo
1636 3352 1687 3386 w
1714 3375 1724 3385 .

1169 3450 1251 3500 Η.
1287 3448 1546 3499 Urbano
1580 3450 1669 3499 M.
1704 3447 1931 3499 Rufus.

634 3557 697 3621 S.
791 3558 1116 3640 Scripsisti
1163 3581 1363 3639 nuper
1407 3561 1487 3622 ad
1533 3581 1651 3632 me,
1701 3559 2023 3622 carissime
2072 3554 2267 3621 frater
2311 3556 2583 3633 Urbane,
2628 3560 2691 3617 te

434 3664 558 3704 non
609 3644 853 3706 incuria
899 3644 1005 3707 sed
1055 3645 1178 3706 mei
1225 3646 1450 3709 timore
1498 3645 1707 3707 nullas
1753 3645 1902 3708 dare
1947 3643 2183 3705 literaS.
2276 3644 2431 3719 Quis
2477 3641 2692 3705 credat

429 3726 680 3809 eloquia
713 3729 976 3809 spiritus
1021 3731 1223 3792 sancti
1261 3730 1477 3793 deesse
1514 3728 1822 3793 monacho
1858 3734 1969 3791 aut
1999 3729 2263 3791 latinam
2304 3728 2688 3808 elegantiam

432 3812 740 3877 Urbano?
817 3815 913 3875 An
949 3837 1064 3895 ego
1112 3820 1342 3877 terrere
1389 3836 1647 3895 possum
1696 3814 2061 3895 eloquentia
2108 3814 2313 3877 virum
2360 3813 2687 3887 disertum,

433 3899 542 3978 qui
589 3899 652 3961 in
703 3900 1027 3981 epistolari
1073 3900 1219 3963 stilo
1276 3922 1468 3982 prope
1526 3900 1893 3963 Ciceronem
1951 3898 2430 3979 repraesentat?
2521 3897 2690 3960 Con-

576 4102 590 4130 ¹
632 4100 779 4152 »Heu
825 4103 1078 4168 quantum
1129 4101 1302 4154 scelus
1339 4104 1420 4154 est
1453 4101 1505 4153 in
1544 4101 1750 4153 viscera
1800 4101 2007 4153 viscera
2042 4099 2249 4152 condil«
2316 4098 2530 4151 Metam.
2566 4096 2690 4161 XV,

432 4169 510 4220 18.
550 4168 687 4221 Ovid
736 4169 901 4221 meint
936 4171 1036 4221 den
1073 4169 1491 4237 Fleischgenuss.
1637 4171 1657 4202 ²
1694 4170 1797 4221 Zur
1848 4168 2193 4235 Beurteilung
2247 4167 2419 4219 dieser
2469 4165 2692 4218 frivolen

429 4238 750 4305 Auffassung
794 4238 1148 4290 fleischlicher
1191 4238 1404 4290 Siinden
1452 4237 1556 4305 vgl.
1606 4238 1691 4289 die
1726 4237 1874 4290 Bem.
1913 4254 1999 4289 am
2036 4236 2285 4289 Schlusse
2323 4236 2415 4287 des
2449 4251 2559 4287 vor.
2599 4232 2687 4286 Br.

431 4306 452 4337 3
485 4305 743 4373 »Dissipat
789 4306 954 4358 Evius
1003 4306 1167 4359 Curas
1215 4307 1444 4359 edaces«
1512 4306 1637 4359 Hor.
1688 4304 1782 4360 Od.
1831 4306 1901 4361 ΙΙ.
1954 4307 2035 4372 11,
2078 4307 2137 4357 17
2176 4320 2252 4373 sq.
2396 4306 2416 4336 4
2452 4302 2549 4355 Od.
2587 4302 2685 4369 111,

427 4372 512 4442 21,
555 4374 633 4427 17.
775 4376 797 4409 ⁶
830 4374 986 4443 Verg.
1023 4376 1152 4428 Aen.
1190 4374 1232 4438 Ι,
1271 4374 1385 4429 734.
1526 4376 1549 4408 ⁶
1583 4373 1701 4443 Vgl.
1740 4373 1792 4428 S.
1831 4375 1927 4428 171
1966 4376 2028 4429 A.
2068 4373 2115 4426 6.
2560 4402 2565 4405 -
