3084 4895
1196 427 1409 482 Mutian
1443 443 1513 480 an
1548 426 1747 482 Urban.
2469 427 2595 492 393

349 603 556 681 tiatio‚
599 603 846 684 quanta
891 598 1282 682 operositas!
1313 610 1340 642 ⁸
1426 597 1677 682 Ubique
1730 598 1903 680 jacet
1954 599 2195 663 venalis
2250 597 2592 663 Cortesius.

349 687 513 767 Quid
559 687 716 753 mihi
761 708 902 750 cum
947 686 1306 760 Lactanti0‚
1354 707 1494 748 cum
1539 683 1795 749 Gellio?
1880 684 2112 749 Notavi
2144 685 2346 749 fateor
2378 707 2589 750 eorum

349 777 628 852 nomina,
675 773 786 837 sed
831 772 1090 836 meliora
1135 772 1430 853 praeferri
1476 771 1786 835 volebam.
1882 774 1962 835 At
1995 793 2187 854 quare
2218 772 2592 853 persolvam,

349 862 520 944 quod
565 861 846 924 medicus
889 857 1278 937 accredidit‚¹
1329 879 1468 922 cum
1516 859 1582 920 in
1630 879 1855 922 manus
1902 879 2072 922 meas
2118 857 2591 922 mercimonium

347 949 503 1013 illud
561 946 826 1011 necdum
892 945 1368 1009 convolaverit?
1472 943 1525 1008 Ο
1588 945 1678 1008 dii
1736 944 1907 1022 boni,
1969 965 2160 1026 quam
2224 949 2378 1009 sunt
2434 967 2597 1009 mer-

350 1039 596 1100 catores
640 1033 845 1096 nostri
873 1031 1222 1114 sapientes!
1314 1030 1599 1113 Petrejus
1630 1031 1849 1105 voluit,
1884 1034 1956 1094 ut
1989 1031 2275 1094 deberem
2310 1029 2597 1095 Christo-

347 1121 549 1203 phoro
596 1119 991 1183 beneficium.
1082 1116 1261 1180 Fecit
1305 1117 1521 1180 amice.
1614 1115 1911 1180 Urbanus
1960 1115 2304 1181 notarium²
2346 1117 2597 1198 putavit

347 1229 487 1270 esse
553 1206 769 1282 fidum,
837 1204 1010 1287 quod
1071 1203 1406 1267 videbatur
1469 1203 1629 1266 mihi
1694 1202 2065 1267 miraculum
2135 1207 2592 1288 portentosum.

350 1293 632 1374 Uterque
663 1297 940 1354 vestrum
975 1290 1276 1372 deceptus
1306 1297 1420 1352 est.
1497 1289 1639 1352 Non
1674 1294 1889 1354 tamen
1920 1289 2075 1353 adeo
2108 1311 2247 1353 sum
2282 1290 2595 1374 stupiduS.

348 1379 510 1443 adeo
567 1377 782 1460 frigidi
837 1375 1186 1458 sanguiniS,
1245 1375 1399 1458 quin
1459 1397 1736 1440 amorem
1800 1380 2077 1440 vestrum
2122 1375 2474 1459 intelligam
2533 1380 2597 1440 et

347 1485 694 1548 agnoscam
762 1485 923 1528 onus
989 1462 1294 1545 pecuniae
1361 1462 1662 1545 perditae.
1752 1462 2071 1527 Incalesco
2140 1462 2463 1527 vobiscum
2534 1466 2599 1527 et

347 1573 552 1634 arguo
625 1551 858 1614 stultos
931 1553 1246 1632 emptores
1321 1548 1644 1626 audaciae,
1734 1550 1903 1632 quod
1991 1549 2279 1631 vulgaria
2364 1569 2595 1631 magno

347 1637 722 1714 coemerint.
808 1635 1034 1700 Verum
1079 1635 1146 1698 id
1191 1640 1514 1718 utcunque
1546 1635 1891 1705 tolerabile,
1926 1636 1979 1698 si
2014 1657 2280 1700 mercem
2314 1635 2596 1700 haberes.

344 1726 468 1792 Isti
517 1725 852 1808 pecuniam
910 1722 1301 1804 abjecerunt,
1362 1743 1478 1785 nos
1523 1743 1730 1804 neque
1774 1722 2107 1805 pecuniam
2155 1744 2359 1805 neque
2403 1722 2599 1787 libros

347 1811 678 1878 habemus.
775 1809 949 1875 Unus
999 1809 1277 1872 Hilarius
1323 1809 1597 1885 emersit,
1643 1809 1835 1872 ceteri
1880 1809 2362 1894 peregrinantur
2393 1809 2601 1874 adhuc

346 1898 474 1975 vel,
507 1897 674 1981 quod
706 1897 1014 1978 suspicor,
1046 1895 1192 1958 nive
1237 1915 1398 1976 vaga
1443 1899 1596 1958 sunt
1638 1895 1871 1959 obruti.
1964 1895 2188 1977 Itaque
2231 1901 2380 1961 tuae
2425 1896 2601 1960 solli-

346 1984 655 2050 citudinis
715 1986 814 2046 'est
873 1981 1224 2046 subducere
1288 1983 1596 2053 rationem
1663 1985 1729 2046 et
1784 1982 2010 2064 positis
2076 1983 2333 2049 calculis
2396 1982 2601 2047 facere

346 2093 665 2137 summam
727 2090 990 2152 eamque
1051 2067 1208 2131 mihi
1265 2069 1617 2142 ostendere,
1688 2072 1762 2132 ut
1820 2069 2017 2132 sciam
2084 2090 2221 2151 ego,
2290 2073 2600 2154 quantum

345 2157 601 2240 Petrejo
651 2155 995 2233 carissime,
1043 2160 1353 2236 quantum
1400 2154 1520 2218 tibi
1567 2153 1924 2219 debeamus.
2014 2155 2165 2220 Vale
2194 2159 2260 2221 et
2292 2178 2389 2221 me
2416 2159 2603 2220 tuum

349 2267 496 2310 esse
541 2243 1093 2327 persuasissimum
1143 2241 1394 2306 habeto.
1487 2239 1832 2306 Schalbum
1894 2241 2172 2306 sodalem
2221 2247 2401 2307 tuum
2449 2243 2603 2307 meis

347 2331 564 2397 verbis
597 2329 824 2393 saluta.
886 2329 1142 2411 Raptim
1177 2327 1334 2393 haec
1365 2327 1465 2392 die
1494 2328 1712 2392 Lunae
1744 2331 1887 2412 post
1922 2328 2283 2394 Martinalia
2316 2327 2599 2394 MDXIII.

663 2431 785 2487 Ood.
823 2431 956 2487 Frof.
995 2429 1114 2485 132.

349 2639 587 2711 (Gotha.)
1409 2621 1555 2686 322.
1860 2630 1865 2635 ’
2117 2638 2198 2693 23.
2235 2637 2369 2693 Nov.
2410 2638 2603 2709 (1513).

1099 2749 1386 2820 Mutian
1431 2770 1527 2820 an
1571 2749 1850 2822 Urban.

349 2878 758 2948 (Verurteilunq
807 2879 900 2933 der
951 2879 1549 2949 Batrachomyomaohie
1601 2880 1854 2943 Tilcmins,
1908 2880 2000 2933 der
2049 2879 2167 2933 sich
2216 2880 2320 2933 mit
2370 2880 2605 2948 fremden

348 2950 557 3005 Fedem
593 2949 878 3021 sclavariam,
914 2949 1039 3002 aher
1071 2948 1134 3001 in
1167 2950 1266 3003 den
1300 2949 1652 3017 bev‘yeyebenm
1688 2949 2042 3003 Machwerken
2077 2950 2281 3018 eiqener
2307 2949 2473 3004 Hand
2491 2950 2607 3004 sich

732 3023 918 3071 verriu.
988 3018 1133 3071 Dock
1168 3019 1242 3071 ist
1274 3017 1391 3071 sein
1425 3018 1581 3086 Eifer
1614 3018 1907 3073 immerkin
1941 3036 2015 3072 mc
2050 3019 2231 3086 lobon.)
2351 3028 2357 3035 '

745 3133 826 3185 H.
863 3134 1119 3186 Urbano
1155 3134 1354 3185 amico
1388 3134 1500 3184 fidi
1533 3135 1808 3195 pectoris
1844 3130 1953 3201 (M.
1988 3130 2233 3201 Ruina).

565 3247 628 3311 S.
718 3246 873 3327 Legi
928 3244 1596 3329 Batramyomachian³
1652 3246 1747 3310 vel
1801 3247 2015 3329 potius
2070 3246 2281 3327 relegi,
2342 3266 2487 3309 nam
2543 3248 2607 3308 et

351 3336 506 3400 olim
564 3332 855 3397 vidimus.
946 3330 1451 3415 Deprehenditur
1495 3334 1562 3396 in
1608 3333 1798 3397 titulo
1858 3333 2092 3396 crimen
2150 3332 2361 3415 plagii.
2458 3329 2609 3413 „Dic

351 3420 536 3499 mihi,
567 3420 895 3495 Damoeta,
931 3418 1142 3501 cujum
1190 3417 1474 3503 pecus.“⁴
1564 3418 1961 3484 Subditicius
1988 3419 2017 3458 b
2061 3420 2371 3501 interpres
2415 3417 2608 3481 sumit

354 3508 483 3572 sibi
553 3505 802 3583 aliena‚·
858 3506 1110 3587 dignae,
1186 3527 1371 3588 quem
1448 3505 1757 3588 plagiaria
1843 3503 2237 3587 postulemus
2324 3505 2607 3583 actione3

356 3594 650 3677 quamvis
716 3594 906 3656 etiam
972 3595 1266 3656 teneatur
1330 3594 1470 3674 lege
1541 3592 1795 3674 Aquilia
1858 3592 1935 3656 de
1994 3590 2140 3656 dolo
2200 3590 2386 3665 male,
2454 3591 2607 3653 item

356 3679 763 3744 stellionatus
809 3683 873 3742 et
917 3678 1308 3760 injuriarum,
1360 3678 1526 3762 quod
1559 3690 1584 3717 ⁰
1628 3678 1886 3742 Homeri
1928 3676 2230 3742 familiam
2280 3676 2611 3741 mendacio

353 3765 624 3831 violavit
676 3770 739 3829 et
791 3766 1007 3829 nescio
1065 3765 1244 3847 cujus
1297 3764 1663 3847 interpretis
1726 3762 1861 3847 (qui
1916 3764 2141 3828 doctus
2187 3763 2333 3836 fuit,
2378 3767 2452 3826 ut
2496 3784 2608 3847 ap-

356 3856 558 3936 paret,
591 3873 974 3934 quamquam
1022 3851 1316 3917 librarius
1361 3849 1618 3931 erravit)
1664 3850 2015 3933 snppilavit
2060 3850 2323 3914 labores,
2400 3848 2615 3914 Movet

355 3938 517 4003 mihi
574 3940 770 4002 risum
845 3942 1129 4020 Aesopea
1196 3938 1515 4003 cornicula
1583 3937 1808 4001 alienis
1875 3937 2171 4001 decorata
2237 3936 2488 4018 plumiS,
2558 3934 2613 3999 si

495 4156 524 4183 ⁸
553 4142 624 4195 So
657 4146 786 4194 stati
820 4142 1122 4210 operositas.
1189 4141 1457 4195 Vielleicht
1473 4141 1785 4195 absicktlick
1806 4142 1909 4193 mit
1932 4140 2263 4209 Amm'aeluny
2288 4140 2399 4207 auf
2423 4136 2615 4206 ὅπιὸρα,

365 4208 571 4272 Her-bat,
608 4208 786 4263 Emte.
926 4216 956 4254 b
983 4211 1286 4265 Subditicus
1325 4210 1470 4263 Tenx.
1610 4226 1636 4255 ο
1664 4211 1754 4279 qui
1793 4210 1940 4263 Tenz.

503 4282 519 4312 ²
554 4279 778 4333 Sonfeld.
850 4278 968 4349 Vgl.
1017 4280 1068 4333 S.
1105 4281 1208 4334 390
1245 4284 1303 4334 Α.
1343 4280 1422 4334 10.
1493 4278 1734 4347 Petrejus
1786 4280 1935 4333 hatte
1992 4279 2077 4331 die
2129 4278 2447 4347 Biirgschaft
2494 4292 2613 4329 ver-

363 4346 572 4403 mittelt.
645 4349 763 4417 Vgl.
801 4348 850 4403 S.
889 4349 992 4402 329
1025 4352 1088 4403 A.
1125 4351 1173 4402 4.
1290 4352 1310 4382 ²
1345 4349 1656 4418 CampeguS.
1766 4350 1787 4381 ⁸
1818 4349 2051 4402 Tilonins
2088 4348 2257 4417 (Thilo
2293 4346 2609 4414 Philymus).

360 4416 614 4471 Wittenb.
655 4420 803 4472 1513.
873 4417 1048 4472 Schon
1081 4419 1158 4471 im
1191 4422 1327 4489 Aug.
1365 4418 1466 4486 gab
1503 4420 1572 4471 Μ.
1609 4419 1699 4489 εἰη,
1730 4418 1903 4472 Urteil
1950 4418 2081 4471 iiber
2125 4418 2209 4471 die
2258 4414 2611 4483 Kompilation

361 4484 443 4539 ab.
513 4486 601 4541 Br.
638 4486 740 4541 283
773 4504 827 4542 u.
863 4486 916 4543 S.
954 4488 1053 4543 327
1091 4492 1154 4544 A.
1189 4490 1238 4543 4.
1381 4490 1404 4521 ⁴
1435 4488 1593 4559 Verg.
1629 4487 1741 4543 Ecl.
1778 4487 1876 4557 111,
1916 4490 1963 4541 1.
