3084 4895
455 390 583 455 618
908 390 1213 445 Zet-streete
1250 388 1427 446 Briefe
1462 406 1561 445 aus
1595 390 2009 445 verschiedenen
2044 392 2246 447 Zeiten.

458 560 604 625 niti'
656 564 720 623 et
762 560 1063 625 similium
1110 561 1567 627 cavillationes,
1657 559 1741 625 Et
1785 564 2087 643 quoniam
2135 562 2380 627 Erasmi
2413 562 2557 627 laus
2591 586 2726 629 non

457 650 602 728 eget
662 647 1069 711 buccinatore
1129 647 1247 729 (sic
1292 647 1455 711 enim
1518 647 1760 725 laudat,
1807 650 1880 710 ut
1924 648 2058 730 ipse
2111 648 2598 713 laudatissimus
2655 651 2729 713 et

459 732 872 797 disertissimo
918 732 1300 815 Hieronymo
1347 733 1643 796 disertior
1687 753 1826 795 esse
1870 732 2206 815 videatur),
2254 757 2293 798 a
2339 756 2436 796 me
2497 739 2724 799 tamen

457 818 730 900 accipies
774 822 849 881 ut
893 816 1081 881 homo
1129 818 1284 881 mihi
1330 817 1892 899 conjunctissimus
1937 840 2246 882 summam
2298 820 2524 901 judicii
2573 822 2722 886 mei.

459 903 719 967 Poterat
760 903 1007 967 laudari
1052 903 1277 980 fusius,
1324 903 1435 967 sed
1480 924 1779 967 mensura
1823 904 2131 985 epistolae
2159 926 2288 968 non
2321 906 2495 987 capit
2525 928 2728 988 pane-

456 991 757 1071 gyricum.
875 990 1297 1053 Instauratori
1368 988 1901 1070 Hieronymianae
1976 989 2403 1054 bibliothecae
2484 1013 2725 1074 magno

456 1075 717 1139 Erasmo
791 1074 1228 1156 Burgondioni
1303 1074 1636 1155 utriusque
1710 1074 1970 1155 linguae
2042 1075 2244 1155 gloria
2315 1076 2572 1153 illustri,
2643 1077 2728 1140 de

457 1159 839 1241 evangelicis
896 1166 959 1222 et
1018 1160 1386 1243 apostolicis
1452 1160 1654 1223 literis
1722 1159 1953 1222 nedum
2017 1162 2092 1223 de
2138 1160 2420 1242 profanis
2466 1169 2531 1225 et
2576 1184 2726 1226 vere

455 1245 643 1310 bonis
707 1246 935 1309 studiis
997 1247 1236 1327 optime
1303 1245 1550 1319 merito,
1619 1246 1728 1325 qui
1797 1244 2129 1326 theologos
2195 1267 2415 1310 omnes
2484 1250 2560 1310 ut
2621 1248 2726 1311 in·-

456 1331 701 1398 dustria
746 1330 1051 1410 singulari
1101 1332 1191 1394 ita
1236 1352 1499 1395 romana
1545 1332 1869 1414 superavit
1914 1330 2300 1412 eloquentia,
2347 1333 2624 1396 studiosi
2655 1337 2727 1397 et

459 1418 695 1482 dociles
742 1416 1029 1481 certatim
1078 1416 1378 1480 honorem
1430 1415 1683 1492 habere,
1721 1415 1955 1481 eruditi
1983 1422 2050 1479 et
2079 1417 2469 1481 excellentes
2500 1417 2728 1482 ortho-

459 1502 611 1567 doxi
654 1502 933 1566 officium
980 1524 1164 1567 suurn
1200 1505 1539 1585 praestare,
1573 1502 1781 1565 omnis
1812 1506 2008 1576 aetas,
2043 1524 2255 1575 sexum,
2289 1503 2443 1567 ordo
2477 1504 2728 1583 gratias

458 1610 665 1669 agere,
712 1588 987 1669 denique
1031 1588 1421 1653 christianus
1466 1586 1641 1651 orbis
1685 1587 1896 1652 favere
1943 1588 2148 1651 modis
2191 1589 2494 1653 omnibus
2522 1593 2726 1672 atque

460 1674 795 1755 suffragari
840 1673 1046 1736 debet.

656 1758 889 1837 HabeS,
956 1758 1192 1840 Lange,
1264 1778 1471 1822 meum
1539 1756 1850 1840 judicium
1896 1761 1961 1821 et
2017 1762 2202 1821 tuum
2266 1758 2724 1842 Hieronymum

454 1867 596 1911 cum
646 1845 967 1927 triplicato
1014 1843 1245 1909 fenore.
1336 1843 1502 1907 Huic
1545 1843 1792 1907 doctori
1835 1842 2072 1908 eximio
2119 1845 2385 1925 primam
2421 1845 2486 1907 in
2521 1844 2728 1908 Athe-

456 1953 618 1996 naeo
662 1934 775 1995 tuo
821 1930 1185 1994 cathedram
1248 1929 1398 1993 dato
1460 1929 1724 1993 semotis
1781 1928 2208 1994 contenciosis
2263 1929 2410 2004 illis,
2477 1930 2726 2014 quibus

458 2017 542 2083 ob
588 2016 1036 2081 scholasticam
1082 2019 1155 2079 ut
1202 2019 1433 2079 vocant
1464 2014 1854 2095 theologiam
1889 2018 1954 2078 te
1982 2037 2096 2098 pro
2127 2021 2412 2098 tempore
2443 2016 2727 2081 dedicas,

460 2103 706 2168 Cedant
775 2102 1136 2185 Capreolus,
1208 2100 1569 2177 DuranduS,
1635 2099 1871 2164 Scotus
1937 2108 2004 2165 et
2069 2099 2321 2165 Occam.
2415 2100 2627 2167 Cadat
2693 2124 2732 2165 e

454 2211 647 2256 manu
715 2190 867 2259 bidui.
934 2190 1133 2258 arctet,
1198 2184 1489 2266 bisinam?
1583 2186 1949 2249 Hebescunt
2007 2191 2072 2250 et
2129 2188 2558 2269 languescunt
2621 2209 2730 2252 so-

457 2275 707 2357 phistae
768 2274 983 2337 collati
1037 2294 1177 2336 cum
1224 2272 1493 2337 eruditis
1537 2275 1604 2335 et
1649 2272 2116 2354 eloquentibuS,
2184 2273 2443 2337 tametsi
2492 2274 2558 2337 in
2607 2296 2732 2339 sua.

456 2362 695 2427 harena
739 2360 1075 2443 plusquam
1123 2357 1501 2439 gladiatorio
1549 2358 1858 2421 dimica-nt
1899 2360 2134 2421 animo.
2227 2356 2428 2422 Vale.⁸

762 2461 888 2518 Con.
928 2460 1127 2515 Camer.
1169 2459 1371 2514 Monac.
1409 2459 1562 2528 VIII,
1599 2459 1682 2515 25.
1719 2460 2041 2544 autograph.

349 2711 354 2716 ,
454 2648 685 2721 (Gotha.)
1504 2632 1651 2698 550.
2235 2648 2316 2701 15.
2351 2646 2459 2701 Mai
2499 2649 2732 2718 (1517).⁴

1230 2758 1520 2831 Mutian
1567 2779 1666 2829 an
1708 2758 1946 2844 Lang.

470 2889 689 2958 (Solum
709 2889 837 2943 iiber
868 2889 954 2942 dic
989 2889 1265 2942 Kabbalah
1298 2905 1401 2941 aus
1436 2887 1640 2940 Anlass
1672 2887 1764 2939 der
1797 2886 2016 2940 Lektaezre
2049 2903 2151 2938 ven
2183 2886 2472 2940 Reuchlim
2501 2885 2730 2954 Selwiffi

978 2957 1154 3026 Fra-qe
1186 2957 1327 3011 nach
1360 2955 1876 3010 άεηλονειεηείεοήεη
1911 2954 2205 3022 Mem-hen.)

576 3072 947 3124 Reverendo
982 3073 1049 3122 in
1085 3072 1333 3124 Christo
1367 3071 1537 3132 patri
1573 3070 1770 3130 priori
1805 3069 1848 3121 J
1848 3081 1905 3120 o.
1939 3070 2157 3130 Lange
2191 3065 2600 3125 Error-diensi,

713 3157 1005 3218 theologo
1042 3158 1367 3216 utriusque
1401 3156 1654 3217 linguae
1689 3155 1916 3214 perito,
1951 3155 2150 3204 amico
2186 3151 2466 3203 summo.⁵

665 3269 874 3344 Salve,
923 3291 1088 3352 papa
1135 3269 1372 3348 Lange,
1436 3268 1629 3330 decus
1687 3266 1873 3348 patrii
1941 3264 2274 3346 gymnasii.
2365 3263 2532 3340 Quid
2599 3265 2730 3326 tu?

461 3355 596 3436 Ego
663 3355 1034 3420 cabalistica
1098 3352 1297 3436 leg0.⁶
1408 3352 1535 3417 Sed
1605 3353 1752 3416 dum
1824 3349 2134 3435 Capnioni
2204 3352 2425 3414 nostro
2493 3349 2730 3413 damus

457 3463 731 3523 operam,
781 3441 1069 3523 cogimur
1114 3440 1357 3502 interea
1412 3437 1946 3522 pythagorissare.
2038 3435 2262 3516 ltaque
2317 3433 2556 3497 sufficit
2613 3434 2732 3497 illa

458 3527 708 3608 gemina
758 3526 1039 3591 Simonis
1086 3525 1419 3589 salutatio:
1478 3523 1826 3606 „Dominus
1885 3521 2238 3600 vobiscum,
2293 3541 2418 3601 pax
2475 3518 2726 3583 vobiS.“

456 3611 622 3675 Illud
688 3613 876 3689 addo,
925 3635 1003 3674 ne
1051 3610 1214 3674 festo
1282 3615 1395 3674 tuo
1464 3609 1632 3673 desit
1696 3607 1994 3671 festivum
2061 3607 2322 3682 dictum,
2390 3609 2488 3668 est
2556 3605 2734 3668 enim

464 3698 762 3780 perendie
830 3697 1057 3779 templi
1127 3695 1321 3760 vestri
1388 3695 1624 3758 natalis
1690 3693 1850 3756 dies:
1923 3691 2052 3756 fore
2097 3697 2172 3755 ut
2223 3711 2335 3774 pro
2404 3689 2734 3768 cabalio-is,

609 3921 623 3950 ¹
661 3917 712 3971 S.
751 3917 853 3969 334
893 3918 955 3968 Α.
994 3917 1039 3969 6.
1174 3916 1193 3947 ²
1229 3915 1327 3967 Die
1365 3912 1850 3980 Spitzfindigkeiten
1886 3912 1979 3963 der
2013 3907 2329 3964 Scholastik:
2369 3905 2568 3972 Pickel,
2604 3907 2736 3970 Axt,

471 3985 803 4038 Hellebarde.
926 3986 947 4016 ³
979 3985 1079 4036 Dio
1114 3983 1469 4037 Unterschrift
1503 3982 1654 4036 fehlt.
1774 3982 1794 4012 ⁴
1827 3978 2114 4033 Jedenfalls
2150 3977 2298 4028 nieht
2331 3976 2512 4027 fiiiher
2547 3991 2738 4052 *regen

471 4055 563 4106 der
617 4054 953 4120 Erwiihnung
997 4069 1101 4106 von
1147 4051 1436 4103 Reuchlins
1472 4050 1552 4102 De
1589 4053 1699 4102 arte
1735 4047 2076 4101 cabbalistioa
2131 4046 2235 4097 und
2287 4043 2739 4096 wahrschemhch

467 4123 617 4174 nicht
653 4123 827 4189 spater-
852 4137 1034 4188 wegen
1071 4122 1164 4172 der
1199 4121 1533 4186 Erwiihnung
1569 4119 1663 4170 der
1699 4116 2088 4169 kretensischen
2110 4113 2436 4166 Moucheam
2461 4111 2737 4166 Schlusse.

468 4191 587 4258 Vgl.
627 4190 677 4243 S.
716 4190 820 4244 616
856 4193 916 4243 A.
952 4191 1003 4242 4.
1075 4189 1229 4241 Auch
1264 4189 1351 4240 fiel
1387 4188 1480 4239 der
1518 4188 1597 4239 17.
1639 4185 1762 4252 Mai,
1811 4201 1877 4238 an
1925 4183 2185 4236 welchem
2219 4183 2314 4234 das
2348 4179 2740 4246 Tempelweih-

466 4261 573 4312 fest
611 4260 709 4327 der
756 4257 1259 4326 Augustinerkirche
1302 4257 1432 4308 statt
1472 4255 1615 4318 fand,
1649 4254 1726 4306 im
1759 4253 1808 4306 J.
1849 4253 1981 4305 1517
2019 4251 2112 4304 auf
2143 4250 2296 4302 einen
2315 4317 2326 4326 .
2347 4248 2601 4325 Sonntag.

539 4331 561 4361 ⁶
598 4330 829 4380 Aussere
864 4327 1109 4379 Adresse.
1248 4325 1271 4358 ⁶
1306 4322 1595 4377 Reuchlins
1631 4321 1831 4376 Schrift
1863 4321 1943 4374 De
1979 4322 2092 4373 arte
2126 4317 2483 4385 cabbahstica,
2529 4316 2744 4386 Hagan.

469 4398 603 4452 1517
640 4395 799 4451 Marz.
