3084 4895
1090 387 1496 471 Chrysostomus
1533 405 1604 443 an
1637 388 1861 475 Mutian.
2462 382 2587 447 299

349 561 532 639 tatis,
587 562 788 627 multa
847 562 1042 627 etiam
1083 562 1312 627 referre
1357 586 1394 627 a
1436 562 1643 627 medio
1697 561 1899 625 Latio,
1988 560 2165 641 Rogo
2226 558 2421 635 illum,
2476 556 2588 620 ubi

301 647 571 711 ·literas
640 648 980 713 didicisset.
1037 648 1445 730 ·Respondit:
1511 650 1579 712 in
1636 647 1990 712 Germania.
2083 645 2268 709 Tum:
2326 668 2362 709 a
2416 644 2586 725 quo?

349 734 625 799 Retulit:
693 758 732 799 a
791 734 978 799 docto
1046 735 1322 816 quodam
1392 736 1544 812 vim,
1614 734 1713 799 cui
1776 734 2063 798 Mutiano
2128 731 2292 795 Rufo
2357 752 2583 794 nomen

351 825 540 899 esset,
611 843 734 905 quo
801 826 868 885 et
931 821 1079 886 hero
1145 826 1208 885 et
1267 825 1669 905 praeceptore
1736 842 1926 904 supra
1993 818 2363 882 decennium
2400 839 2585 880 ·usus

352 904 592 969 fuerit.'
685 906 970 989 Cognovi
1015 908 1332 990 extemplo
1378 908 1553 971 istud
1598 929 1824 971 nomen
1858 928 1936 969 ex
1968 905 2203 969 italicis
2248 904 2583 967 academiis

353 997 573 1055 notam
602 1005 630 1033 ⁸
674 992 905 1057 habere
949 997 1142 1075 atque
1185 993 1372 1075 hujus
1416 993 1790 1057 elocutionis
1834 992 2103 1055 rivulum
2137 990 2375 1055 fontem
2406 989 2584 1053 illum

351 1101 590 1160 sapere.
680 1078 944 1143 Addidit
1011 1080 1234 1144 deinde
1300 1080 1519 1156 multa,
1580 1080 1728 1143 dum
1789 1078 2071 1159 quotidie
2115 1099 2244 1140 una
2287 1098 2583 1153 essemuS‚

351 1165 432 1227 de
475 1164 762 1228 doctrina
804 1169 937 1243 tua,
983 1166 1058 1229 de
1108 1165 1416 1245 bonitate,
1462 1167 1538 1230 de
1580 1164 1978 1241 liberalitate,
2027 1166 2101 1228 de
2132 1162 2586 1227 consuetudine

348 1250 750 1315 suavissima.
840 1252 1001 1328 Quid
1077 1252 1376 1334 quaeris?
1476 1251 1700 1335 Coepit
1774 1273 2037 1328 mecum,
2114 1254 2176 1313 et
2247 1248 2394 1311 dum
2469 1248 2587 1311 iter

348 1336 621 1400 facimus
689 1340 752 1401 et
813 1338 961 1401 dum
1029 1336 1328 1402 Coloniae
1393 1360 1632 1417 sumuS,
1699 1339 1789 1402 ita
1854 1337 2086 1401 versari
2152 1341 2215 1399 et
2276 1358 2349 1398 ea
2404 1335 2478 1397 de
2521 1338 2585 1397 te

353 1422 734 1503 praedicare,
781 1428 856 1487 ut
897 1425 1066 1488 intra
1095 1446 1330 1507 paucos
1375 1424 1508 1489 dies
1554 1448 1631 1489 ex
1676 1428 1813 1489 toto
1856 1430 1969 1489 tuo
2016 1423 2221 1487 factus
2266 1421 2349 1485 sit
2394 1422 2585 1484 etiam

354 1530 553 1588 meuS,
601 1513 664 1573 et
708 1510 800 1574 ita
843 1532 1040 1587 1116116,
1086 1514 1160 1575 ut
1204 1532 1330 1575 non
1391 1515 1520 1577 tam
1577 1513 1710 1593 ipse
1764 1511 1971 1576 factus
2015 1510 2101 1575 sit
2144 1530 2344 1583 meuS,
2396 1528 2584 1589 quam

352 1616 454 1659 me
509 1596 713 1678 ipsum
785 1596 970 1679 plane
1034 1596 1253 1661 fecerit
1313 1601 1514 1675 tuum,
1572 1598 1723 1681 quin
1772 1602 1834 1661 et
1877 1598 1970 1661 ita
2020 1600 2221 1673 tuum,
2268 1598 2341 1659 ut
2386 1594 2587 1659 dicere

353 1681 559 1746 ausim
606 1703 685 1745 ne
728 1682 936 1764 ipsum
981 1684 1234 1764 quidem
1281 1706 1414 1747 esse
1457 1689 1588 1747 tam
1634 1687 1835 1763 tuum,
1873 1706 1997 1766 quo
2031 1703 2157 1747 uno
2190 1679 2348 1745 nihil
2380 1684 2589 1764 potest

353 1789 492 1831 esse
551 1768 754 1849 magis
810 1773 1010 1833 tuum.
1102 1770 1238 1847 Quo
1281 1770 1357 1834 fit
1398 1776 1490 1847 ut,
1547 1792 1687 1835 cum
1734 1792 1849 1853 ego
1909 1770 2029 1835 sim
2087 1769 2243 1833 mihi
2300 1767 2589 1831 conscius

354 1854 956 1937 quantuluscunque
1001 1877 1139 1920 sum
1199 1878 1335 1921 esse
1372 1861 1542 1934 tuuS,
1585 1878 1713 1921 non
1745 1856 2017 1921 alienum
2074 1878 2209 1920 esse
2240 1852 2583 1919 censuerim

355 1940 431 2003 de
475 1940 608 2004 viro
666 1940 916 2005 literato
970 1947 1034 2006 et
1079 1963 1170 2017 e0,
1219 1944 1326 2024 qui
1370 1948 1618 2025 praeter
1668 1944 2051 2008 cultissimas
2108 1942 2321 2007 literas
2365 1940 2587 2004 huma-

354 2025 652 2091 nissimos
699 2028 890 2091 etiam
938 2050 1138 2093 mores
1183 2051 1262 2093 ex
1303 2028 1489 2094 Italia
1531 2029 1831 2103 hauserit,
1887 2034 2138 2095 tantum
2194 2027 2348 2093 mihi
2404 2048 2587 2111 posse

354 2112 666 2197 polliceri,
738 2119 809 2178 ut
864 2136 1077 2178 meum
1143 2118 1206 2179 te
1273 2116 1559 2197 dixerim,
1628 2117 1917 2199 quamvis
1980 2138 2182 2199 neque
2246 2115 2421 2179 visus
2464 2113 2585 2178 tibi

358 2220 622 2281 usquam
654 2201 684 2242 ¹²
728 2222 934 2282 neque
965 2202 1219 2266 nomine
1250 2203 1726 2286 quidem‘notus
1756 2226 2038 2286 unquam
2068 2204 2308 2268 fuerim.
2383 2202 2587 2266 Ratus

355 2286 646 2368 equidem
695 2290 758 2351 et
800 2287 1184 2353 urbanitatis
1232 2292 1296 2353 et
1338 2294 1604 2355 naturae
1642 2290 1786 2371 jura
1826 2289 2009 2355 facile
2068 2290 2220 2373 pati,
2276 2293 2349 2354 ut
2400 2308 2587 2370 quem

357 2376 432 2436 tu
479 2394 650 2437 ames
695 2377 760 2438 et
803 2373 974 2438 colas
1019 2375 1100 2439 ab
1147 2396 1219 2439 eo
1265 2378 1329 2439 te
1375 2376 1571 2459 diligi,
1631 2378 1732 2441 cui
1775 2381 1840 2442 te
1883 2380 2091 2441 totum
2151 2376 2469 2441 addixeris
2514 2394 2587 2437 ac

354 2460 610 2543 penitus
655 2483 836 2525 suum
898 2461 1133 2541 feceriS,
1190 2462 1364 2527 illum
1413 2484 1665 2546 quoque
1710 2468 1775 2528 et
1816 2468 1997 2528 tuum
2044 2486 2179 2528 esse
2224 2484 2352 2527 non
2396 2462 2475 2526 ab
2523 2484 2588 2526 re

355 2546 476 2610 tibi
521 2549 826 2630 spondere
872 2549 1094 2630 possis.
1186 2549 1412 2624 Habes,
1462 2552 1607 2632 quis
1650 2551 1770 2614 sim
1817 2551 2048 2632 quidve
2091 2555 2155 2615 te
2200 2571 2404 2614 meum
2458 2549 2589 2632 jam

355 2633 656 2696 audacter
702 2635 1024 2717 appellem.
1118 2633 1444 2717 Cognosce
1487 2659 1674 2713 nunc,
1722 2637 1837 2701 abs
1867 2641 1931 2701 te
1964 2638 2114 2720 quid
2158 2641 2388 2720 petam.
2453 2637 2587 2717 Ego

358 2717 684 2782 Caesarem
732 2743 842 2804 per
886 2719 1286 2786 Germaniam
1334 2745 1569 2787 nonum
1611 2724 1741 2806 jam
1788 2746 2065 2788 mensem
2110 2745 2355 2806 sequor,
2387 2722 2588 2787 Bene-

357 2805 526 2870 dicto
584 2806 716 2888 jam
770 2812 906 2870 tum
961 2808 1043 2871 ab
1103 2807 1290 2873 initio
1345 2813 1410 2873 et
1464 2809 1761 2874 familiari
1802 2815 1867 2874 et
1912 2812 2138 2875 comite
2203 2811 2590 2874 incessanter

354 2897 560 2956 utens.
649 2893 934 2958 Incertus
980 2916 1116 2958 sum
1163 2894 1389 2974 adhuc,
1436 2897 1515 2960 ad
1563 2919 1750 2978 quam
1799 2894 1963 2961 diem
2008 2897 2073 2961 in
2119 2896 2367 2960 ltaliam
2435 2894 2589 2959 mihi

356 2979 441 3042 sit
484 2977 890 3044 redeundum.
983 2979 1139 3045 Peto
1183 3003 1351 3063 ergo,
1397 3001 1497 3046 me
1539 2984 1885 3047 amicorum
1944 2987 2196 3048 tuorum
2255 2982 2448 3047 indici
2508 3003 2588 3044 ne

356 3065 635 3146 graveris
680 3066 1091 3140 subscribere,
1125 3089 1200 3130 ac
1229 3068 1362 3132 sive
1394 3069 1731 3134 Germania
1762 3091 1859 3133 me
1890 3069 2023 3133 sive
2053 3068 2264 3134 natale
2294 3068 2589 3132 habuerit

357 3150 578 3230 solum,
625 3150 1134 3235 quandocunque
1178 3176 1330 3218 usus
1374 3155 1636 3235 venerit,
1668 3155 1866 3237 aeque
1898 3177 1995 3219 me
2026 3179 2101 3220 ac
2129 3154 2326 3219 veteri
2359 3154 2585 3238 quovis

355 3237 555 3300 amico
633 3242 824 3302 utere.
942 3236 1102 3302 Tum
1175 3240 1591 3304 Benedictum
1665 3246 1968 3319 nostrum,
2061 3246 2343 3306 nostrum
2418 3240 2585 3304 enim

355 3323 568 3404 potius
617 3346 806 3406 quam
853 3327 1035 3388 tuum
1080 3330 1192 3390 tua
1235 3327 1434 3390 fretus
1477 3327 1875 3392 humanitate
1932 3328 2217 3406 dixerim,
2270 3327 2387 3391 tibi
2446 3348 2585 3390 meo

356 3409 608 3472 nomine
674 3411 765 3474 sic
828 3410 1014 3474 velim
1083 3413 1612 3488 commendatum,
1682 3418 1755 3477 ut
1815 3414 1880 3477 in
1947 3415 2277 3497 pristinam
2355 3413 2585 3476 illum.⁰

487 3559 515 3587 a
543 3547 721 3598 notum
761 3545 908 3598 Tenx.
1047 3549 1076 3588 b
1102 3563 1336 3615 unquam
1373 3547 1519 3602 Tem.
1660 3564 1685 3592 ο
1711 3549 1857 3603 illam
1896 3549 2041 3602 Tenx.

491 3616 508 3646 ¹
541 3613 625 3666 Da
656 3614 814 3666 Rufin
849 3616 1136 3682 spatestens
1171 3632 1210 3670 S.
1253 3617 1384 3670 1512
1420 3634 1514 3671 aus
1550 3617 1779 3672 Mutians
1813 3619 2064 3672 Diensten
2112 3618 2307 3685 schied,
2346 3635 2403 3671 so
2437 3618 2584 3672 fiihrt

354 3682 496 3736 diese
550 3683 765 3752 Angabe
801 3683 856 3736 in
892 3685 984 3736 das
1017 3684 1065 3736 J.
1106 3685 1238 3738 1502
1285 3686 1362 3738 als
1416 3685 1696 3754 Zeitpunkt
1748 3688 1917 3740 seines
1974 3687 2237 3741 AntritteS.
2308 3687 2583 3741 Demnach

353 3768 498 3805 muss
552 3751 622 3806 M.
676 3753 812 3804 noch
864 3751 936 3805 im
988 3752 1150 3805 Lause
1198 3753 1368 3807 dieses
1413 3755 1459 3809 J.
1513 3756 1622 3823 (am
1673 3758 1717 3810 1.
1764 3757 1889 3809 Juni
1943 3757 2075 3810 1502
2124 3773 2233 3808 war
2267 3774 2324 3809 er
2356 3758 2494 3810 noch
2529 3757 2585 3809 in

351 3819 599 3889 Bologna)
637 3822 762 3873 oder
794 3822 912 3874 Anf.
953 3822 1084 3874 1503
1119 3821 1232 3874 sein
1268 3823 1495 3876 Gothaer
1527 3825 1824 3878 Kanonikat
1847 3825 2048 3894 erlangt
2072 3825 2255 3880 haben.
2310 3826 2427 3894 Vgl.
2447 3826 2581 3878 Einl.

352 3889 460 3942 Seit
495 3889 722 3944 Oktober
758 3890 893 3942 1512
925 3905 1036 3942 war
1080 3890 1234 3944 Rufin
1282 3893 1420 3945 nach
1464 3893 1585 3945 dem
1628 3893 1874 3947 Berichte
1927 3896 2019 3948 des
2074 3894 2475 3962 Chrysostomus
2528 3895 2584 3947 in

352 3958 548 4012 diesem
602 3958 688 4011 ΒΥ.
740 3957 853 4011 sein
903 3958 1166 4026 standiger
1217 3960 1492 4028 Begleiter.
1565 3961 1682 4015 Von
1730 3963 1887 4016 Rufin
1938 3963 2197 4016 berichtet
2230 3963 2298 4018 M.
2335 3965 2473 4018 noch
2508 3965 2582 4016 im

350 4027 470 4079 Dez.
496 4028 627 4080 1513
648 4027 791 4095 (Cod.
813 4027 950 4094 300),
972 4044 1028 4079 er
1046 4027 1184 4079 habe
1209 4045 1274 4082 an
1307 4029 1400 4081 ihn
1436 4031 1790 4098 geschrieben,
1828 4033 1948 4085 dass
1984 4049 2041 4086 er
2075 4033 2227 4085 einen
2260 4035 2583 4088 vornehmen

349 4094 517 4148 Herm
569 4096 720 4160 habe,
775 4096 962 4149 dessen
1021 4095 1224 4149 Bruder
1274 4098 1525 4152 Kardinal
1561 4102 1638 4152 sei
1672 4102 1779 4153 und
1815 4100 1907 4154 der
1942 4101 2055 4153 ihm
2090 4101 2375 4155 monatlich
2428 4103 2583 4155 einen

350 4165 590 4217 Dukaten
639 4164 785 4233 gebe,
843 4165 1000 4218 sowie
1061 4166 1182 4218 dass
1225 4183 1281 4218 er
1321 4167 1420 4220 mit
1471 4169 1584 4220 ihm
1620 4169 1697 4222 als
1733 4169 1847 4223 sein
1890 4171 2170 4224 deutscher
2219 4171 2583 4225 Dolmetscher

350 4233 484 4286 nach
518 4233 651 4286 Rom
687 4235 858 4301 gehen
892 4235 1078 4288 werde.
1153 4235 1252 4287 Die
1287 4234 1443 4288 letzte
1478 4238 1772 4291 Nachricht
1818 4256 1920 4292 von
1966 4240 2079 4292 ihm
2124 4240 2265 4308 giebt
2310 4241 2493 4294 Crotus
2528 4240 2583 4292 in

351 4301 520 4354 einem
555 4301 642 4356 ΒΓ.
680 4319 730 4356 v.
769 4303 814 4356 3.
852 4302 978 4355 Juni
1018 4303 1198 4371 (1514)
1236 4321 1331 4358 aus
1366 4305 1559 4362 Fulda:
1597 4323 1653 4358 er
1685 4307 1821 4360 habe
1858 4309 1950 4361 der
1981 4308 2143 4361 »mala
2165 4309 2351 4362 bestia«
2373 4309 2585 4364 neulich

351 4371 464 4423 eine
499 4371 852 4424 franzosische
887 4371 1061 4425 Krone
1097 4373 1324 4442 geborgt,
1364 4375 1502 4428 ohne
1537 4376 1792 4430 Aussicht
1826 4377 1939 4430 sein
1973 4377 2102 4430 Geld
2138 4378 2331 4433 wieder
2380 4395 2446 4432 zu
2500 4394 2585 4431 erq

349 4439 536 4496 halten.
575 4500 584 4513 ,Ι
609 4439 730 4496 Ood.
769 4441 919 4497 Goth.
955 4443 1018 4497 A.
1059 4441 1160 4496 379
1193 4441 1289 4498 Nr.
1323 4443 1406 4499 47.
