3084 4895
564 357 689 422 358
1162 440 1172 450 Α
1401 356 1577 411 Briefe
1610 356 1705 412 des
1739 357 1788 412 J.
1828 357 1978 413 1513.

565 534 629 594 et
676 528 991 612 quomodo
1037 530 1168 593 sint
1212 527 1557 592 adhibendi
1604 533 1821 593 testes,
1914 529 2178 594 Parcius
2234 531 2547 598 advocent
2598 536 2850 602 incon-

564 637 720 699 grua
778 617 1164 692 testimonia,
1229 615 1578 678 modestius
1631 615 1957 697 proferant
2021 618 2357 700 scriptores
2413 622 2849 688 auctoritatis

567 701 1080 779 contemnendae,
1144 706 1207 765 et
1281 702 1335 764 si
1411 701 1747 783 digladiari
1818 703 1983 766 inter
2057 725 2125 766 se
2199 704 2442 784 volunt,
2520 713 2591 769 ut
2668 714 2852 773 sunt

566 809 904 870 pugnaceS,
951 809 1098 851 suos
1144 787 1268 850 sibi
1315 791 1765 850 consectaneos
1798 789 1999 851 citent
2029 794 2092 852 et
2124 789 2448 854 adducant
2480 795 2847 858 contuber-

567 875 758 938 nales.
850 872 944 938 Tu
992 878 1054 936 et
1101 895 1216 937 nos
1261 873 1556 956 discipuli
1599 874 1697 938 tui
1739 874 1865 938 alio
1898 879 2280 955 spectamuS,
2324 881 2844 959 praestantiores

565 961 882 1041 sequimur
903 981 1108 1041 neque
1133 961 1313 1022 vanis
1339 961 1921 1041 commenticiisque
1950 972 1977 1000 ὅ
2009 963 2414 1045 captionibus
2440 965 2841 1031 accedimus,

565 1046 809 1122 Quibus
853 1049 966 1109 tua
1012 1045 1292 1126 gravitas
1334 1045 1720 1110 christianae
1762 1045 2121 1127 theologiae
2153 1049 2383 1112 studiis
2412 1052 2843 1117 ornatissima

562 1131 762 1196 refelli
825 1132 991 1214 apud
1057 1153 1328 1212 aequum
1395 1131 1884 1214 disceptatorem
1954 1137 2067 1196 aut
2130 1133 2405 1216 judicem
2472 1136 2649 1201 nulla
2714 1141 2841 1204 via

565 1221 792 1302 potest.
883 1215 1034 1280 Vale
1081 1221 1162 1294 et,
1208 1222 1280 1281 ut
1325 1217 1667 1294 consuesti,
1714 1239 1813 1280 me
1860 1218 2070 1301 dilige.

716 1328 790 1392 In
835 1327 1334 1410 Peperiphronas
1379 1329 1856 1410 superstitionis
1906 1330 2065 1394 vitio
2110 1335 2175 1396 et
2222 1332 2671 1398 malevolentia

797 1447 800 1452 ·
1475 1418 1860 1480 aestuantes.
1876 1417 1889 1447 ¹

761 1499 962 1565 Balba
1008 1501 1436 1583 sophistarum
1481 1499 1669 1564 sileat
1712 1521 1997 1580 censura,
2048 1502 2327 1588 profecto

865 1585 1120 1650 irritant
1167 1588 1422 1652 doctum
1470 1585 1859 1669 Capnionem
1908 1587 2088 1652 fatui.

759 1671 1027 1753 Despuit
1070 1674 1136 1736 in
1184 1673 1490 1738 celebrem
1538 1672 1739 1736 bucca
1786 1676 2136 1755 crepitante
2182 1673 2462 1738 Suevum

871 1763 936 1821 et
981 1760 1106 1823 ciet
1151 1759 1454 1842 ambages
1498 1758 1673 1842 lippa
1718 1759 2020 1824 cathedra
2065 1761 2270 1826 rudes,

762 1843 926 1918 Quid
970 1844 1109 1923 tibi,
1151 1845 1374 1925 Barde,
1421 1849 1609 1908 nocet
1654 1847 1821 1926 grati
1866 1844 2239 1928 Thymiama
2283 1846 2587 1928 vaporis?

869 1929 1026 1994 Aere
1071 1930 1330 1996 tabifico
1375 1936 1520 1995 tura
1567 1929 1815 1994 Sabaea
1861 1953 2121 1998 cremas,

769 2013 948 2092 Quod
994 2017 1282 2081 rabidam
1329 2019 1559 2082 conflet
1602 2017 1921 2081 flammam
1968 2021 2276 2084 recutitus
2306 2020 2335 2058 b
2381 2017 2609 2100 Agas0,

873 2105 1110 2167 torrida
1155 2103 1476 2186 falsiloqui
1524 2105 1795 2185 pectoris
1842 2103 2049 2168 Aetna
2094 2107 2273 2170 calet.

765 2212 1040 2278 Primum
1103 2220 1395 2280 notamus
1451 2219 1739 2284 frivolam
1790 2241 2142 2298 censuram,
2200 2221 2421 2298 utpote
2477 2216 2828 2281 notatione

563 2298 838 2380 dignam,
883 2323 1022 2364 cum
1069 2303 1301 2384 perditi
1347 2302 1747 2368 Gnathones²
1798 2307 2231 2370 doctissimum
2280 2304 2510 2366 aetatis
2558 2308 2826 2370 nostrae

561 2386 751 2449 nimis
797 2408 1016 2469 aspere
1059 2392 1357 2465 tractent,
1405 2390 1565 2455 falso
1614 2393 1884 2476 plurima
1930 2392 2275 2475 culpantes,
2370 2389 2509 2453 Non
2561 2395 2661 2453 est
2694 2389 2823 2454 hoc

561 2473 894 2553 castigare,
941 2476 1049 2537 sed
1096 2475 1486 2545 maledicere.
1578 2479 1779 2562 Lippa
1826 2479 2126 2543 cathedra
2172 2499 2471 2541 arcanum
2518 2474 2667 2539 fidei
2701 2498 2824 2559 per

558 2563 964 2623 transennam
1026 2563 1339 2643 aspiciens
1399 2564 1678 2637 damnat,
1747 2566 1918 2646 quod
1987 2566 2257 2645 ignorat.
2349 2562 2492 2626 Non
2562 2560 2821 2627 faciunt

559 2644 1012 2726 ambiguitates
1060 2654 1123 2711 et
1168 2648 1558 2729 sophismata
1604 2650 1989 2733 theologum,
2051 2650 2159 2713 sed
2218 2648 2553 2713 vetustatis
2613 2650 2819 2713 anxia

560 2732 981 2811 perquisitio.'
1036 2732 1352 2816 Despuere
1393 2737 1460 2799 in
1507 2736 1773 2801 alterum
1822 2744 1887 2801 et
1914 2750 1937 2777 ⁰
1984 2736 2239 2819 elegans
2268 2734 2573 2815 loquendi
2604 2732 2816 2798 forma

561 2826 624 2880 et
667 2818 951 2898 antiqua,
1021 2824 1327 2902 tanquam
1374 2822 1546 2886 oleat
1590 2844 1773 2906 quem
1822 2823 2090 2888 fastidis.
2184 2822 2459 2886 Suevum
2505 2820 2627 2885 hoc
2666 2820 2813 2885 loco

558 2902 886 2986 trisyllaba
975 2905 1166 2969 dictio
1255 2912 1369 2971 est.
1488 2908 1859 2990 Thymiama
1946 2909 2170 2974 allusio
2246 2912 2343 2971 est
2416 2908 2514 2992 ad·
2573 2927 2812 2971 nomen

560 2989 890 3053 Reuchlin.
981 2991 1267 3073 Denique
1334 2999 1551 3073 tantae
1618 2995 2045 3060 dimicationis
2106 2997 2326 3058 auctor
2395 2997 2492 3057 est
2558 2993 2811 3058 invisus

558 3072 828 3157 Apella,³
895 3078 1004 3158 qui
1065 3100 1182 3141 sua
1242 3078 1460 3143 fraude
1504 3085 1569 3143 et
1614 3082 1755 3145 dolo
1818 3082 2123 3146 excitavit
2165 3081 2364 3163 ignes,
2429 3078 2665 3163 quibus
2708 3079 2812 3143 in-

557 3163 728 3234 censi
791 3162 1050 3227 fanatici
1121 3164 1368 3228 Scauri⁴
1436 3167 1660 3231 ardent
1719 3168 1961 3233 invidia
2020 3171 2085 3231 et
2150 3166 2606 3231 detrectatione
2664 3170 2810 3231 tur-

553 3248 832 3333 pissima.

864 3366 984 3421 Ood.
1021 3367 1153 3421 me.
1194 3367 1307 3422 189.

690 3620 718 3648 a
745 3608 798 3659 et
831 3606 1204 3660 commentitiis
1243 3607 1390 3661 Tenx.
1531 3613 1559 3651 b
1586 3609 1852 3663 recutibus
1892 3610 2037 3662 Tenz.
2178 3624 2203 3651 ο
2230 3612 2311 3663 est
2352 3610 2499 3663 Tcnx.

553 3692 749 3745 andern
784 3692 861 3745 als
898 3694 1016 3745 dem
1053 3693 1486 3762 urspn‘inglichen
1522 3695 1680 3748 Sinne
1717 3696 1836 3747 eine
1872 3696 2030 3749 Stelle
2067 3696 2144 3749 als
2180 3696 2343 3765 Beleg
2376 3698 2650 3765 anfiihren,
2691 3716 2807 3755 was

555 3759 638 3813 die
691 3760 887 3814 Kolner
938 3762 1202 3815 Reuchlin
1254 3766 1608 3831 vorgeworfen
1660 3764 1857 3817 hatten.
1928 3764 1978 3817 S.
2028 3766 2129 3819 352
2164 3766 2225 3821 A.
2263 3766 2310 3819 4.
2456 3768 2472 3798 ¹
2509 3766 2806 3822 Vielleicht

552 3828 702 3881 nicht
749 3847 815 3882 zu
857 3830 1064 3883 Urbans
1116 3831 1262 3883 Brief
1308 3832 1533 3899 geborig.
1607 3832 1679 3885 Es
1714 3833 1966 3885 scheinen
2012 3834 2177 3887 Verse
2212 3833 2461 3899 Mutians,
2516 3852 2623 3888 von
2677 3838 2805 3891 dem

551 3898 704 3950 mehr
756 3900 932 3951 derart
985 3899 1084 3951 mit
1138 3900 1485 3968 angebangter
1538 3900 1827 3969 Erkliirung
1875 3902 2177 3955 vorhanden
2232 3903 2303 3955 ist
2355 3903 2479 3972 (vgl.
2530 3903 2616 3959 Br.
2658 3905 2803 3977 343),

551 3967 798 4020 wahrend
831 3984 935 4021 von
973 3968 1152 4021 Urban
1186 3968 1337 4021 keine
1379 3970 1703 4036 Versproben
1727 3970 1801 4021 im
1826 3970 2193 4025 Briefwec-hsel
2232 3973 2588 4025 vol-kommen.
2649 3974 2805 4028 Uber

549 4034 963 4103 Peperiphrones
1013 4037 1116 4106 vgl.
1155 4037 1204 4091 S.
1241 4038 1341 4091 349
1376 4039 1436 4092 A.
1473 4039 1522 4091 4.
1664 4040 1683 4070 2
1719 4038 1937 4105 Gnath0,
1986 4041 2078 4092 der
2126 4040 2332 4094 Parasit
2375 4040 2453 4093 im
2500 4042 2803 4097 Eunuchen

551 4104 643 4157 des
678 4104 885 4159 Terenz.
1029 4109 1050 4138 ³
1082 4106 1408 4159 Judenname
1446 4106 1528 4159 bei
1562 4106 1749 4159 Horaz.
1823 4107 1950 4160 Hier
1983 4108 2318 4177 Pfefferkorn,
2372 4110 2473 4162 wie
2511 4110 2606 4163 der
2642 4112 2801 4167 Glos-

550 4176 690 4226 sator
724 4190 810 4227 am
843 4173 1026 4227 Raude
1061 4174 1350 4242 gleichfalls
1385 4175 1635 4228 bemerkt.
1742 4178 1763 4208 ⁴
1798 4176 1941 4229 Weil
1976 4177 2077 4230 den
2111 4179 2144 4230 J
2146 4180 2284 4232 uden
2318 4178 2485 4232 Fiisse
2520 4179 2623 4231 mit
2650 4182 2803 4236 stark

549 4242 1010 4301 hervortretenden
1043 4243 1316 4299 Knocheln
1351 4244 1758 4313 zugeschrieben
1794 4246 2017 4301 werden.
2089 4247 2209 4315 Vgl.
2246 4248 2295 4300 S.
2334 4247 2435 4301 352
2468 4248 2531 4300 A.
2570 4249 2619 4301 3.
