3084 4895
907 416 1115 470 Mutian
1151 431 1220 469 an
1253 413 1480 468 Urban.'
1522 412 1733 466 Mutian
1769 427 1836 465 an
1873 409 2127 480 Petrejua
2467 411 2590 474 329

367 588 508 654 Meo
557 588 818 653 consilio
863 587 1100 651 factum
1147 590 1261 664 est,
1300 591 1374 649 ut
1405 585 1865 650 illustrissimus
1910 583 2263 648 Fridericus
2306 605 2589 666 graecam

371 675 824 757 comparaverit
896 673 1343 737 bibliothecam
1417 671 1693 736 Venetiis
1756 677 1821 735 et
1882 671 2312 753 Wittenburgi
2382 669 2588 752 publi-

369 763 604 825 caverit
675 759 1118 838 ornatissime.¹
1239 757 1306 822 Si
1378 759 1773 822 Herebordus
1849 757 2003 821 mihi
2076 757 2461 820 auscultaret
2529 758 2591 820 et

370 847 676 929 PetrejuS,
721 846 889 927 quod
935 866 1088 929 pace
1131 843 1319 927 hujus
1365 843 1602 908 dictum
1648 846 1749 917 sit,
1807 864 1932 907 non
1993 843 2230 908 faveret
2285 842 2592 920 barbariS,

364 932 575 997 darem
645 932 898 996 modum
964 929 1286 995 Tilonino²
1331 934 1396 994 et
1438 930 1661 994 ceteris
1728 929 2046 993 Musarum
2107 927 2465 1004 comitibus,
2520 933 2594 992 ut

366 1019 716 1084 modestius
764 1039 961 1101 nuper
1003 1017 1194 1081 isthic
1237 1022 1453 1080 natam
1509 1016 1885 1098 elegantiam
1942 1018 2378 1098 propagarent.
2470 1012 2591 1078 Sed

361 1109 438 1170 tu
485 1109 549 1168 et
593 1126 707 1188 ego
751 1107 852 1170 tot
893 1106 1230 1186 magistros
1277 1103 1385 1184 qui
1429 1111 1766 1186 possumus
1810 1102 2160 1179 emendare,
2230 1099 2589 1182 praesertim

365 1191 589 1255 amicis
634 1190 867 1255 nostris
905 1189 1035 1272 jam
1081 1189 1424 1253 nominatis
1465 1210 1686 1271 parum
1726 1187 2147 1270 juvantibus?
2224 1187 2394 1250 Alter
2426 1186 2591 1249 enim

368 1298 515 1358 prae
561 1275 858 1360 superbia
900 1297 966 1338 se
1009 1275 1232 1352 nescit,
1278 1275 1435 1337 alter
1479 1275 1558 1338 ad
1605 1274 1923 1356 sophistas
1967 1273 2248 1337 inclinat.
2337 1272 2484 1336 Vale
2530 1274 2593 1334 et

362 1363 631 1426 occulta.
722 1360 862 1424 Tibi
910 1362 1074 1424 enim
1121 1361 1447 1424 credimus.

669 1463 790 1518 Cod.
827 1462 959 1518 Frcf.
997 1462 1112 1516 329.

366 1651 594 1724 (Gotha.)
877 1641 880 1644 ’
1397 1635 1539 1700 267.
2253 1647 2381 1716 (Juli
2418 1647 2590 1717 1513.)

1041 1761 1327 1832 Mutian
1371 1782 1469 1831 an
1512 1759 1913 1848 Petrejus.³

371 1890 530 1957 (Patr.
565 1891 664 1944 soll
695 1890 841 1943 nich-t
874 1890 938 1944 in
970 1891 1060 1943 der
1093 1891 1252 1944 Hitxe
1301 1891 1484 1944 reisen.
1556 1891 1629 1944 M.
1667 1891 1837 1959 billiyt
1870 1891 1954 1943 die
1986 1888 2087 1941 Bei
2160 1907 2269 1958 unq
2316 1906 2414 1941 von
2468 1886 2595 1941 Geld

367 1977 444 2016 an
475 1960 574 2014 den
608 1959 742 2014 Arxt
780 1959 1004 2028 Sonfeld.
1073 1959 1381 2028 Missbilliqt
1437 1961 1677 2014 Momm
1729 1960 1953 2029 Anyriff
1980 1975 2054 2011 au
2147 1957 2195 2010 ie
2228 1957 2588 2024 Philo-sophon.

377 2029 510 2084 Vom
552 2027 1008 2099 aberqlciubischen
1054 2029 1528 2154 SchwimielKeines
1564 2029 1818 2167 jlrso'nekes
1852 2029 1967 2082 und
1996 2027 2133 2082 eines
2168 2027 2283 2082 ihm
2316 2025 2593 2083 dknlichen

847 2211 1094 2272 Petrejo
1123 2212 1340 2273 juvem
1374 2212 1725 2264 doctissimo
1761 2213 1849 2263 M.
1883 2211 2104 2263 Rufus·

571 2322 634 2388 S.
729 2324 955 2389 Parato
1033 2325 1466 2410 instructoque
1532 2326 1761 2390 viatico
1829 2326 1980 2407 quid
2045 2327 2262 2402 restat,
2330 2323 2451 2386 nisi
2520 2325 2591 2387 ut

363 2408 530 2473 votis
604 2411 982 2495 nuncupatis
1050 2412 1168 2475 iter
1234 2411 1478 2477 facias?
1588 2411 1729 2491 Sed,
1798 2413 1884 2477 mi
1948 2411 2173 2494 Petrei,
2246 2411 2587 2476 amicorum

361 2497 576 2577 prime,
647 2519 769 2561 non
837 2499 902 2561 in
955 2500 1156 2563 tantis
1221 2499 1553 2564 caloribus
1643 2501 1968 2563 Isecurus
2034 2497 2217 2562 initio
2280 2496 2585 2562 autumni.

361 2582 610 2646 Interea
654 2584 919 2649 scribam
970 2585 1049 2649 ad
1097 2587 1265 2649 viros
1310 2591 1647 2669 spectatOS,
1697 2586 1817 2649 nisi
1872 2586 2039 2649 voles
2095 2586 2271 2666 sequi
2334 2589 2480 2647 ante
2523 2584 2587 2647 id

361 2672 612 2751 tempus
699 2670 1002 2735 abituros
1120 2672 1313 2737 Recte
1388 2672 1613 2748 fecisti,
1690 2672 1858 2753 quod
1930 2671 2281 2753 obsignatis
2354 2670 2589 2733 tabulis

363 2760 694 2835 argentum
740 2756 1040 2821 addidisti
1087 2759 1183 2821 vel
1231 2759 1442 2840 potius
1503 2758 1857 2831 inculcasti,
1904 2765 1977 2821 ut
2021 2756 2253 2840 duplici
2318 2758 2590 2840 pondere

364 2841 611 2921 graveis
665 2842 728 2906 id
790 2847 887 2907 est
944 2866 1146 2907 rerum
1193 2851 1257 2908 et
1303 2846 1632 2909 verborum
1701 2845 2020 2908 causatius
2090 2840 2588 2925 Christophoro,⁴

362 2927 564 2989 electo
608 2934 672 2990 et
716 2929 912 3011 probo
970 2935 1032 2993 et
1087 2931 1453 3015 praestanti⁴
1493 2930 1755 3007 medico,
1818 2930 2251 3013 persuadeant.
2340 2930 2583 3004 Errant,

363 3012 476 3093 qui
521 3018 859 3079 autumant
910 3021 1188 3081 oratores
1245 3017 1496 3081 demum
1559 3017 1949 3098 persuadere,
2010 3016 2198 3079 etiam
2262 3019 2591 3096 argentum

361 3099 718 3181 persuadet.
794 3100 917 3165 Sed
950 3102 1382 3166 vehementius
1427 3103 1583 3166 haec
1627 3103 1751 3167 duo
1796 3102 2151 3183 conjunct-a.
2227 3102 2358 3182 Ego
2391 3100 2591 3163 multa

365 3184 570 3261 omisi,
617 3188 904 3268 quamvis
949 3188 1057 3251 illa
1101 3189 1238 3270 ipsa
1283 3211 1380 3251 me
1419 3189 1756 3271 juvabunt.
1850 3187 2077 3252 Crotus
2135 3188 2388 3250 omnino
2435 3184 2592 3249 nihil

364 3272 754 3353 respondet.⁵
803 3276 990 3337 toties
1035 3274 1429 3356 objurgatuS,
1474 3276 1839 3357 increpituS,
1888 3274 2221 3351 excitatuS,
2267 3273 2397 3335 sive
2447 3271 2581 3333 Am-

373 3355 616 3420 brosio⁶
661 3358 922 3425 daturus
967 3360 1180 3423 literas
1224 3362 1355 3424 sive
1400 3362 1567 3444 quod
1615 3361 1789 3424 canis
1822 3359 2204 3423 corniculum
2250 3357 2589 3422 arefecerit.

373 3441 534 3505 Nam
581 3446 845 3508 aestatis
891 3451 1104 3509 aestus
1149 3453 1213 3510 et
1256 3445 1458 3510 fervor
1514 3468 1643 3509 non
1687 3447 1889 3510 solum
1942 3443 2224 3529 „findit“,
2269 3448 2341 3507 ut
2385 3442 2591 3524 inquit

366 3528 718 3609 HoratiuS,⁷
771 3531 1088 3612 „Infantes
1133 3532 1439 3609 statuas“,
1487 3533 1596 3596 sed
1628 3534 1813 3595 etiam
1851 3533 2164 3596 madorem
2212 3530 2501 3593 exhaurit
2529 3528 2593 3591 in

297 3670 302 3677 .
367 3618 834 3681 atramentario.
946 3617 1036 3680 De
1103 3617 1268 3682 bello
1337 3619 1587 3700 quaeris
1648 3622 1713 3682 et
1781 3617 2135 3701 legionibus
2205 3615 2589 3697 conscriptis

373 3700 553 3797 §licut
618 3702 767 3765 olim
832 3703 1117 3785 Petrejus
1180 3706 1428 3786 legatus
1491 3705 1751 3786 Pompei
1818 3706 2049 3768 bellum
2121 3701 2407 3766 Caesaris
2468 3722 2592 3764 non

370 3786 608 3865 timuit,
653 3788 743 3851 ita
785 3793 857 3852 tu
904 3793 1230 3854 externum
1281 3812 1421 3854 cum
1468 3791 1812 3872 peregrinis
1877 3790 2107 3853 bellum
2170 3809 2294 3852 non
2348 3788 2594 3853 timeas,

507 3973 522 4002 ¹
556 3972 674 4042 Vgl.
719 3973 797 4027 ΒΓ.
835 3976 950 4030 346.
1094 3978 1114 4009 ²
1147 3976 1208 4029 In
1245 3975 1443 4030 seinem
1479 3976 1667 4031 Streite
1715 3977 1812 4030 mit
1858 3977 2054 4031 Cordus
2106 3976 2212 4027 und
2267 3975 2366 4027 den
2418 3974 2594 4028 Philo-

361 4039 578 4107 sophen.
646 4042 766 4118 Ygl.
802 4061 910 4097 vor.
947 4044 1032 4098 Br.
1175 4046 1195 4077 ⁸
1227 4045 1286 4100 P.
1335 4062 1442 4099 war
1496 4047 1572 4097 im
1620 4046 1863 4115 Begriffe,
1918 4046 2059 4099 seine
2112 4044 2596 4097 Humanistenfahrt

361 4109 501 4161 nach
538 4109 725 4163 Itahen
761 4116 1079 4167 anzutreten.
1154 4114 1272 4183 Vgl.
1311 4114 1360 4169 S.
1399 4116 1495 4169 301
1534 4117 1597 4168 A.
1636 4116 1681 4169 3.
1825 4117 1845 4147 4
1878 4114 2103 4177 Sonfeld,
2153 4113 2421 4181 Leipziger
2453 4115 2595 4173 Arzt,

360 4179 516 4230 unter
553 4179 736 4233 dessen
771 4180 1004 4251 Leitung
1052 4181 1111 4234 P.
1151 4183 1265 4235 eine
1301 4183 1414 4236 Zeit
1458 4183 1579 4252 lang
1628 4183 1851 4237 Medizin
1904 4183 2124 4237 studiert
2158 4184 2318 4234 hatte.
2388 4182 2503 4250 Vgl.
2544 4181 2592 4235 S.

367 4246 470 4299 264
505 4248 570 4301 A.
611 4250 655 4300 1.
796 4252 817 4282 ⁵
850 4250 922 4303 Er
955 4251 1170 4304 scheint
1215 4252 1418 4305 damals
1454 4269 1557 4305 von
1592 4252 1758 4305 Fulda
1793 4253 2069 4306 abwesend
2114 4266 2347 4320 gewesen
2386 4268 2452 4303 zu
2486 4266 2598 4303 sein
2662 4294 2667 4301 .

275 4374 280 4381 ¹
367 4316 479 4367 und
514 4315 569 4367 in
603 4316 740 4370 Koln
775 4318 891 4372 sich
946 4320 1280 4388 ausgehalton
1330 4338 1393 4373 zu
1429 4322 1616 4387 haben,
1662 4338 1742 4375 wo
1789 4338 1846 4373 er
1894 4322 2007 4374 eino
2044 4320 2278 4387 Stellung
2330 4336 2395 4371 zu
2428 4320 2598 4372 finden

377 4383 650 4462 gedachte.
689 4385 767 4438 Cr.
807 4403 873 4440 an
908 4387 1040 4443 Mut.
1077 4390 1122 4441 3.
1145 4390 1270 4442 Juni
1307 4389 1499 4460 (1514).
1539 4390 1661 4444 God.
1700 4390 1848 4445 Goth.
1887 4394 1947 4443 A.
1986 4390 2087 4442 379
2120 4389 2174 4453 F.
2210 4390 2291 4443 47.
2396 4390 2418 4421 ⁶
2441 4391 2599 4440 Ama-

381 4468 598 4507 nuensis
635 4454 1002 4526 Sommerings,
1058 4458 1149 4511 der
1181 4459 1236 4511 in
1270 4458 1436 4512 Fulda
1469 4476 1580 4512 war
1616 4459 1721 4529 (Br.
1760 4459 1897 4530 257).
2038 4458 2057 4491 ⁷
2093 4458 2195 4513 Sat.
2232 4456 2301 4526 11,
2337 4460 2389 4525 5,
2423 4454 2487 4509 39
2523 4471 2597 4527 sq.
