3084 4895
1256 419 1469 472 Mutian
1508 435 1578 473 an
1614 417 1816 474 Urban.
2532 419 2660 484 457

408 596 475 656 et
518 589 565 652 Ι.
616 587 891 652 Senecae
938 589 1378 671 tragoediam.¹
1470 589 1823 655 Miraberis.
1911 589 2046 672 Ego
2095 612 2220 653 non
2281 591 2465 655 credo
2528 595 2662 654 tam

407 678 633 742 fortem
684 675 885 737 virum
919 676 1089 744 vinci
1120 677 1406 758 potuisse
1438 699 1476 739 a
1508 677 1850 758 voluptate.
1931 676 2156 740 Linum
2192 681 2659 757 praeceptorem

403 761 641 826 occidit
686 764 750 822 et
810 761 1081 824 crudelis
1135 765 1201 824 et
1254 762 1706 843 sanguinarius
1773 760 1913 824 fuit.
2006 761 2130 825 Sed
2199 781 2443 824 amores
2511 761 2661 826 Om-

404 848 625 930 phales
672 848 737 908 et
781 851 1225 927 praeposterae
1268 844 1556 910 Veneris²
1601 846 1786 910 fictos
1841 850 2123 924 autumo,
2182 847 2308 910 nisi
2367 847 2530 911 forte
2590 850 2660 910 tu

407 932 593 998 aliter
662 932 917 1003 sentias,
968 953 1109 994 cum
1156 936 1221 995 et
1262 932 1515 1014 Jupiter
1584 931 1942 995 defamatus
1988 933 2091 1010 sit,
2137 936 2202 997 et
2246 936 2467 996 notum
2542 933 2662 996 hoc

406 1037 692 1082 carmen:
769 1017 931 1095 „Dat
996 1039 1151 1099 puer
1220 1017 1521 1080 Aeacides
1591 1018 1773 1080 nivea
1842 1017 2166 1081 carchesia
2227 1017 2471 1096 dextra,
2538 1017 2662 1082 Sed

404 1126 561 1168 suus
610 1100 866 1165 Alcidae
912 1103 1139 1182 pocula
1184 1104 1409 1166 miscet
1467 1103 1680 1184 Hylas
1695 1099 1758 1133 “⁸
1847 1103 2213 1167 Notandum
2283 1107 2382 1167 est
2444 1124 2664 1167 omnes

402 1188 556 1252 olim
604 1186 771 1250 viros
814 1187 1009 1250 fortes
1059 1188 1263 1251 dictos
1310 1187 1505 1251 fuisse
1554 1187 1872 1262 HerculeS,
1936 1188 2103 1270 quod
2169 1189 2368 1252 tradit
2429 1189 2664 1252 Philel-

405 1271 623 1355 phu8,¹
671 1269 841 1336 hunc
886 1277 1097 1336 autem
1147 1271 1428 1336 Alcidem
1477 1272 1676 1338 fuisse
1718 1275 2262 1356 cognominatum.
2355 1273 2491 1338 Ohe
2529 1275 2661 1358 jam

402 1360 562 1424 satis
608 1360 722 1421 est.
818 1357 1158 1439 Concerpe.

712 1439 835 1496 Cod.
873 1439 1005 1494 Frcf.
1044 1441 1161 1495 377.

402 1592 635 1664 (Gotha.)
1464 1578 1610 1642 388.
1875 1631 1888 1638 -
2203 1595 2282 1648 10.
2319 1593 2430 1649 Juli
2465 1593 2660 1666 (1514).

1157 1688 1449 1760 Mutian
1492 1709 1593 1760 an
1636 1687 1916 1758 Urban.
1974 1724 1979 1729 ·

408 1801 545 1869 (Diu
590 1799 841 1873 qmisser
890 1799 1302 1857 Kindelbnoelaer
1351 1799 1465 1855 wdl
1514 1800 1762 1854 Muciana
1831 1799 2100 1869 Weinbery
2151 1799 2360 1870 kaufen,
2407 1800 2499 1854 der
2541 1799 2666 1856 aber

1258 1869 1408 1924 nieht
1440 1869 1680 1940 haumala
1709 1869 1783 1922 ist
1786 1871 1820 1936 .)

527 1966 773 2020 Eximio
806 1967 979 2030 patri
1011 1967 1094 2020 H.
1129 1966 1423 2086 Urbim}1
1420 1968 1741 2086 ιιιίειῃὲἓτο
1778 1979 2129 2026 oeconomo,
2165 1966 2364 2018 amico
2399 1965 2524 2018 fido

1425 2071 1441 2085 .
1655 2049 1703 2086 s.

608 2129 673 2194 S.
765 2128 1033 2206 Quidam
1097 2127 1728 2213 Kindepontanus⁸⁸
1790 2129 1867 2192 de
1912 2151 2061 2211 pera
2105 2133 2170 2194 et
2214 2127 2470 2194 baculo⁶
2531 2129 2658 2211 pri-

400 2216 636 2280 marias
678 2213 909 2279 Libero
955 2214 1173 2296 fruges
1218 2215 1427 2280 dicare
1475 2216 1632 2293 vult,
1678 2220 1742 2279 et
1787 2216 1938 2298 quia
1970 2217 2252 2281 vinetum
2287 2237 2412 2279 non
2447 2215 2662 2294 habet,

408 2321 490 2364 ex
536 2321 663 2382 quo
708 2301 880 2383 legat
925 2300 1329 2378 vindemiam,
1378 2305 1670 2366 nostrum
1717 2303 2039 2383 empturit‚
2087 2303 2270 2384 quasi
2303 2303 2388 2366 sit
2421 2302 2661 2365 venale.

398 2385 545 2451 Non
593 2406 710 2469 ego
756 2407 1151 2470 repueras00‚
1185 2391 1258 2451 ut
1287 2407 1427 2452 mea
1472 2388 1733 2455 omnino
1767 2386 2114 2469 dilapidare
2156 2389 2361 2453 velim.
2437 2386 2662 2469 Itaque

399 2470 563 2537 nihil
612 2476 765 2553 agat
810 2476 1071 2554 emptor.
1160 2472 1304 2538 Non
1369 2472 1573 2538 exibit
1626 2473 1970 2555 pisciculus
2013 2497 2046 2537 e
2094 2496 2298 2539 nassa.
2393 2474 2662 2539 Manebo

399 2558 919 2623 finium-illorum
976 2558 1229 2625 vinitor.
1322 2558 1531 2641 Atque
1579 2558 1768 2642 hujus
1813 2559 1969 2623 mihi
2006 2559 2161 2625 facti
2190 2562 2354 2625 ratio
2387 2563 2658 2624 constat.

401 2643 519 2707 Dic
564 2664 713 2725 ergo
759 2644 929 2707 bono
990 2644 1125 2707 viro
1188 2665 1315 2708 non
1384 2666 1521 2709 esse
1589 2644 1872 2709 venalem
1941 2648 2212 2712 vineam.
2303 2646 2472 2709 Vale.
2562 2645 2659 2709 VI.

403 2728 495 2792 Id.
543 2729 767 2795 Julias.

710 2812 832 2867 cod.
870 2812 1003 2866 Frcf.
1041 2812 1157 2867 380.

397 2947 631 3019 (Gotha.)
1451 2934 1598 3001 389.
2203 2952 2281 3005 17.
2318 2950 2430 3007 iuli
2466 2951 2662 3023 (1514).

1154 3043 1446 3115 Mutian
1490 3064 1590 3114 an
1635 3042 1914 3116 Urban.

399 3151 645 3218 (Kwrxm
677 3152 842 3221 Brief
865 3156 982 3207 und
1012 3155 1215 3235 Papier
1260 3155 1511 3224 empfany
1510 3173 1590 3209 en.
1661 3156 1734 3211 M.
1771 3156 1886 3210 wia
1916 3158 2018 3211 den
2063 3156 2140 3221 U„
2176 3174 2327 3210 wenn
2360 3174 2417 3209 er
2449 3158 2662 3222 loomm,

691 3238 841 3275 xwar
874 3222 1022 3276 nicht
1056 3224 1154 3276 wie
1188 3225 1463 3281 Herkuloe,
1502 3225 1626 3277 aber
1659 3226 1798 3279 nach
1831 3225 2056 3293 Krdften
2091 3224 2336 3279 bewirten
2339 3227 2373 3292 .)

502 3317 768 3369 Erudito
804 3320 1105 3381 magistro
1140 3322 1223 3371 Η.
1258 3321 1535 3380 Urbano,
1584 3323 1783 3373 amico
1817 3323 2177 3383 praecipuo,
2212 3324 2300 3373 M.
2336 3320 2560 3372 Rufus.

610 3409 675 3474 S.
764 3411 998 3496 Accepi
1042 3412 1463 3479 laconismum
1510 3419 1693 3481 tuum
1739 3420 1805 3479 et
1848 3415 2250 3480 membranas
2291 3419 2355 3478 et
2385 3413 2661 3494 chartaS,

534 3559 562 3587 ⁸
589 3544 699 3597 Am
733 3546 952 3599 Raude:
990 3546 1367 3616 Kindelbrugk.

544 3614 561 3645 ¹
598 3613 857 3667 Hercules
910 3616 1102 3669 furens,
1246 3617 1265 3649 ²
1301 3616 1676 3670 Knabenliebe
1819 3619 1839 3650 ⁸
1873 3618 2035 3672 Wohl
2087 3617 2170 3671 ein
2226 3616 2512 3671 Schulvers
2569 3634 2664 3671 zur

394 3678 733 3760 Einprfignng
786 3684 881 3736 dei·
932 3683 1349 3737 verschiedenen
1408 3685 1680 3749 Quantitat
1715 3686 1810 3739 der
1842 3685 2134 3740 voi-letzten
2182 3685 2324 3740 Silbe
2359 3686 2414 3737 in
2449 3684 2664 3739 Alcides

392 3764 445 3799 ιι.
486 3749 761 3804 Aeacides,
906 3752 927 3783 ⁴
960 3751 1275 3805 Franciscus
1328 3752 1537 3821 Philelp
1538 3754 1644 3807 hus
1678 3755 1718 3821 †
1757 3754 1905 3821 1481,
1941 3754 2140 3808 Lehrer
2195 3755 2288 3807 der
2338 3754 2666 3809 Humaniora

391 3815 447 3867 in
499 3816 739 3886 Venedig
774 3835 825 3870 u.
864 3834 909 3873 a.
948 3818 1030 3878 0.,
1079 3819 1444 3889 Heiausgeber
1499 3822 1632 3874 altei
1684 3824 1933 3888 Antoren,
1989 3824 2128 3876 auch
2180 3822 2323 3876 Poet.
2465 3824 2486 3855 ⁵
2522 3822 2646 3891 Mag

392 3883 511 3937 Job.
566 3885 707 3953 Hopf
756 3902 861 3939 von
912 3886 1272 3941 Kindelbriick
1320 3889 1947 3957 (»phi10sophaster«B1-.
1996 3892 2137 3960 465).
2208 3891 2291 3943 Im
2338 3890 2480 3943 Marz
2528 3893 2661 3946 1515

392 3952 571 4005 wollte
606 3954 718 4006 ihm
755 3954 825 4008 M.
864 3956 969 4009 den
1004 3956 1257 4011 Weinber
1324 3959 1411 4010 fiir
1446 3974 1489 4010 c.
1528 3958 1597 4012 30
1633 3959 1711 4011 Gl.
1748 3958 1940 4021 lassen,
1962 3960 2099 4013 doch
2127 3960 2335 4012 inachto
2357 3960 2448 4011 dei·
2468 3960 2664 4012 Kaufer

392 4020 495 4072 mit
531 4022 653 4074 dem
690 4022 962 4075 Bezahlen
998 4024 1187 4077 keinen
1290 4028 1400 4078 rust
1451 4025 1562 4078 und
1612 4026 1705 4079 der
1755 4027 1962 4080 Handel
2016 4026 2292 4096 zerschlug
2345 4028 2474 4081 sich.
2546 4029 2663 4081 Den

392 4088 603 4141 Namen
647 4090 791 4157 giebt
838 4091 928 4144 die
974 4091 1217 4145 Matr-ikel
1264 4094 1638 4147 verschieden:
1689 4096 1823 4148 1494
1859 4094 1967 4149 Ost.
2005 4095 2231 4149 immatr.
2259 4045 2348 4149 {Is
2383 4095 2430 4148 J
2469 4095 2662 4164 Huphe

392 4156 460 4208 de
495 4107 872 4225 Kindeglbnick,
924 4160 1059 4213 1496
1107 4160 1289 4214 Bacul.
1340 4162 1417 4215 als
1453 4162 1499 4215 J.
1539 4162 1658 4230 Hop
1659 4164 1704 4214 ff
1734 4163 1798 4215 de
1834 4164 1917 4220 K..
1957 4165 2090 4218 1504
2126 4180 2248 4230 mag
2299 4165 2377 4217 als
2411 4165 2458 4218 J.
2501 4165 2662 4231 Huph

394 4224 443 4277 d.
481 4222 566 4287 K.
608 4228 738 4279 1517
776 4226 855 4279 als
890 4227 1099 4281 Elector
1134 4230 1226 4281 des
1261 4230 1484 4283 Rektors
1518 4230 1622 4297 Mg.
1625 4180 1707 4284 p.J
1747 4232 1951 4299 Hupfer
1995 4234 2104 4284 und
2153 4232 2286 4285 1520
2336 4232 2413 4285 als
2459 4232 2550 4300 Mg
2517 4250 2563 4300 g.
2611 4234 2659 4287 J.

396 4290 490 4343 Hu
492 4294 585 4359 pfh
611 4294 677 4346 de
700 4294 763 4347 K.
837 4294 937 4348 Die
966 4296 1153 4349 beiden
1176 4296 1376 4349 letzten
1411 4298 1552 4363 Male
1586 4299 1754 4351 heisst
1789 4315 1848 4352 er
1882 4301 2019 4352 auch
2054 4300 2210 4353 theol.
2248 4300 2420 4354 bacul.
2458 4301 2660 4359 format

398 4362 532 4414 1517
570 4361 756 4415 Dekan
792 4364 885 4417 der
918 4364 1104 4431 philos
1141 4364 1397 4418 Ε’3Ιιιι1131.
1470 4357 1618 4419 Uber
1660 4368 1760 4420 den
1805 4368 2041 4421 Erfurter
2092 4368 2379 4437 Wcinberg
2429 4368 2662 4428 Mutians

359 4426 591 4508 §.134
627 4432 689 4483 A.
734 4430 780 4483 1.
924 4434 947 4465 ⁶
984 4432 1103 4487 Von
1135 4432 1352 4491 Ranzen
1388 4435 1497 4491 und
1530 4434 1659 4489 Stab
1694 4456 1762 4475 =
1796 4435 2009 4495 Bettler.
