3084 4895
437 322 522 388 54
1197 316 1371 374 Briefe
1408 336 1507 373 von
1548 321 1902 376 1505-1508.

441 495 477 558 i.
508 518 557 557 e.
585 495 930 556 secundum
962 493 1341 575 opinionem,
1375 494 1577 557 secuti
1613 494 1676 556 ni
1707 493 1890 556 fallor
1922 494 2381 558 Manichaeum.
2445 493 2678 557 Contra

442 582 704 644 istorum
736 580 1246 660 impugnationes
1274 592 1301 619 ἃ
1332 579 1784 661 scripturarum
1809 581 2176 644 testimonia
2202 580 2525 644 Mutianus
2556 581 2680 644 sibi

441 666 711 747 collegit,
758 666 1084 729 Mutianus
1130 666 1251 738 ille,
1304 667 1410 748 qui
1458 688 1599 729 cum
1634 665 1887 730 Urbano
1922 672 1984 729 et
2016 666 2346 747 Spalatino
2388 671 2680 748 vpoetatur

446 757 510 816 et
554 753 898 834 graecissat
945 757 1007 814 et
1053 752 1243 833 impie
1276 753 1493 827 sentit,
1527 752 1637 834 qui
1666 751 1784 814 XX
1815 753 2148 816 annorum'
2184 753 2677 830 lucubrationeS‚

440 839 683 913 exsilia,
712 840 740 877 b
801 837 1353 918 peregrinationes,
1411 839 1812 902 incommoda
1857 839 2058 902 multa
2103 839 2422 901 literarum
2470 861 2680 902 amore

442 925 749 988 sustinuit
794 928 857 986 et
904 947 1070 986 nunc
1117 925 1279 986 inter
1324 924 1627 987 barbaros
1673 925 1856 1005 quasi
1902 925 1965 987 in
2012 931 2281 1007 utroque
2310 924 2505 988 latere
2550 925 2681 988 vul-

443 1015 697 1073 neratur
743 1010 1022 1090 indignis
1068 1010 1385 1073 conviciis
1418 1022 1443 1049 0
1529 1011 1641 1073 Ille
1687 1011 2009 1073 Mutianus
2079 1012 2271 1088 rudiS,
2338 1011 2682 1091 improbus;

448 1096 646 1160 malus
692 1096 845 1158 haec
892 1118 1091 1177 pauca
1137 1096 1253 1157 tibi
1299 1096 1513 1172 tradit,
1563 1101 1634 1159 ut
1677 1095 1910 1170 videaS,
1959 1119 2036 1158 an
2087 1098 2298 1160 inania
2350 1099 2480 1159 sint
2515 1098 2685 1160 velut

448 1182 735 1257 nebulae,
768 1205 846 1244 an
883 1183 1117 1262 gravia,
1153 1183 1384 1262 quibus
1418 1182 1614 1245 dediti
1647 1204 1883 1254 sumus,
1917 1183 2146 1245 studia.
2199 1184 2359 1264 Lege
2393 1183 2681 1257 Paulum,

442 1269 851 1343 Ezechielem,
899 1266 1311 1343 Matthaeur'n,
1362 1267 1628 1344 Esaiam,
1664 1268 2008 1330 Danielem.
2103 1269 2274 1345 Quae
2305 1270 2518 1332 omnia
2554 1290 2680 1332 non

442 1354 663 1418 frivola
726 1358 896 1416 sunt:
1002 1353 1265 1435 Oportet
1323 1355 1487 1417 enim
1551 1353 1954 1435 corruptibile
2008 1355 2128 1417 hoc
2173 1355 2432 1417 induere
2478 1356 2684 1419 incor-

441 1441 796 1521 ruptionem
846 1444 910 1502 et
956 1439 1215 1502 mortale
1259 1439 1377 1504 hoc
1423 1439 1682 1502 induere
1726 1440 2286 1518 immortalitatem,
2342 1446 2413 1504 ut
2475 1441 2686 1524 inquit

442 1525 806 1606 evangelica
858 1527 1033 1600 tuba,
1093 1526 1312 1589 doctor
1371 1525 1676 1607 gentium,
1742 1548 1853 1588 vas
1914 1549 2170 1590 aureum
2231 1529 2296 1590 in
2353 1532 2488 1590 toto
2534 1528 2684 1590 orbe

444 1609 899 1693 resplendens²
992 1611 1233 1676 Omitto
1280 1612 1545 1676 aliorum
1592 1613 1962 1675 testimonia
2007 1616 2261 1696 propter
2321 1615 2683 1694 angustiam

444 1700 698 1762 chartae
763 1699 1008 1780 tibique
1073 1698 1357 1780 injungo,
1435 1705 1505 1760 ut
1572 1699 1810 1774 credaS,
1895 1700 2080 1762 sicuti
2157 1699 2374 1763 credis.
2485 1701 2565 1763 Et
2632 1700 2683 1762 si

445 1785 813 1866 Spalatinus
868 1784 1167 1848 clamabit
1212 1791 1276 1846 et
1335 1785 1531 1848 dicet:
1603 1785 1767 1864 Ergo
1825 1786 2040 1848 eadem
2107 1807 2252 1848 ossa
2311 1791 2374 1849 et
2427 1788 2687 1868 sanguis

449 1877 513 1934 et
557 1893 721 1946 caro,
770 1871 929 1934 idem
967 1871 1179 1934 vultus
1213 1876 1276 1933 et
1308 1871 1593 1934 membra
1624 1872 1946 1953 totiusque
1975 1884 2002 1912 ὃ
2033 1873 2310 1953 corporis
2343 1872 2704 1955 particulae

444 1962 777 2040 resurgent
819 1958 882 2020 in
931 1957 1275 2020 novissima
1334 1957 1453 2034 die,
1516 1957 1756 2020 scilicet
1815 1965 1887 2021 ut
1949 1957 2213 2039 pedibus
2275 1959 2686 2034 ambulemuS,

444 2066 773 2126 operemur
832 2043 1145 2120 manibuS‚
1216 2043 1540 2106 videamus
1596 2044 1814 2116 oculis,
1870 2045 2132 2108 auribus
2185 2045 2516 2108 audiamus
2575 2046 2690 2108 cir-

446 2131 993 2212 cumferamusque
1070 2138 1349 2193 ventrem
1430 2129 1857 2194 insatiabilem
1928 2135 1992 2195 et
2051 2131 2226 2194 cibos
2293 2131 2688 2195 stomachum

445 2221 961 2300 concoquentem,
1061 2223 1451 2298 consequens
1516 2222 1725 2279 autem
1795 2239 1948 2292 esse,
2041 2223 2111 2280 ut
2180 2218 2580 2282 comedamus
2627 2222 2692 2281 et

450 2305 743 2367 bibamus
802 2309 865 2366 et
912 2307 1117 2366 cetera
1176 2303 1453 2383 corporis
1500 2325 1690 2383 opera
1733 2303 2065 2366 faciamus:
2137 2305 2568 2385 respondebis,
2619 2309 2690 2369 ut

448 2392 635 2468 dicat,
685 2390 1000 2474 quomodo
1046 2390 1248 2471 possit
1293 2411 1458 2466 cam,
1506 2411 1668 2469 quae
1714 2389 2068 2470 putrefacta
2117 2390 2496 2465 dissolvitur,
2560 2391 2690 2455 col-

449 2479 562 2559 ligi
598 2500 842 2541 rursum
883 2481 945 2539 et
980 2476 1411 2558 redintegrari.
1504 2476 1619 2538 His
1651 2476 2168 2541 altercationibus
2214 2480 2460 2541 concito
2493 2479 2689 2559 gradu

450 2564 811 2645 pervenitur
868 2564 945 2625 ad
995 2563 1229 2625 nudam
1296 2562 1731 2625 credulitatem
1789 2564 2092 2646 majorum
2147 2564 2542 2646 praejudiciis
2586 2565 2689 2628 fir·-

446 2655 702 2713 matam.
793 2648 953 2712 Illud
1004 2648 1105 2711 hic
1151 2648 1502 2731 subjiciam,
1553 2648 1739 2731 longe
1786 2651 2007 2714 melius
2051 2672 2185 2713 esse
2217 2651 2295 2714 ab
2329 2651 2692 2733 ignorantia

450 2738 527 2799 ad
574 2735 902 2800 scientiam
963 2756 1339 2817 consurgere
1395 2757 1582 2817 quam
1645 2757 1895 2817 sperare
1949 2736 2180 2801 futura.
2288 2736 2356 2801 Si
2410 2739 2688 2801 animum

452 2828 631 2886 tuum
681 2823 952 2892 noveris,
1026 2824 1087 2883 in
1138 2821 1311 2885 coelo
1357 2844 1456 2900 es3
1523 2822 1575 2884 si
1624 2843 1696 2884 eo
1744 2823 1898 2886 duce
1944 2824 2322 2906 cogitaveris
2365 2829 2430 2887 et
2473 2824 2692 2888 feceris

449 2909 680 2985 omnia,
729 2930 854 2971 non
902 2909 1158 2978 errabis,
1250 2906 1474 2986 Saluta
1520 2908 1998 2973 dilectissimum
2066 2915 2400 2992 patronum
2465 2933 2691 2991 meum,

449 2996 793 3078 principem
840 2995 1078 3057 ordinis
1124 2996 1239 3072 tui,
1288 2998 1351 3057 et
1395 3016 1536 3057 ama
1582 3016 1716 3059 nos.

755 3096 875 3150 Cod.
913 3096 1047 3149 Frcf.
1085 3096 1167 3149 27.

451 3286 677 3356 (Gotha.)
1520 3270 1620 3334 50.
2367 3290 2479 3355 (um
2519 3290 2690 3359 1506.)
2759 3315 2765 3321 ·

1189 3396 1475 3466 Mutian
1520 3418 1614 3466 an
1666 3398 1939 3469 Urban.

510 3525 825 3595 (Gesprc‘iclze
858 3524 995 3577 heim
1029 3525 1257 3579 Besuche
1308 3526 1516 3579 Urbem-s
1552 3527 1616 3579 in
1658 3527 1841 3580 Gotha.
1916 3527 2170 3597 Tros-tany
2199 3547 2358 3599 yeyen
2393 3530 2448 3585 F
2443 3530 2628 3597 einde.)

704 3641 785 3691 H.
822 3641 1076 3691 Urbano
1112 3642 1538 3702 religiosorum
1574 3643 2025 3701 sapientissimo
2063 3641 2173 3710 (M.
2209 3644 2454 3711 Rufus).

656 3750 719 3815 S.
810 3751 1094 3831 Exposui
1151 3752 1270 3815 tibi
1328 3753 1662 3816 consilium
1733 3776 1936 3816 meum
2009 3754 2083 3817 de
2149 3756 2384 3837 pietate
2453 3758 2689 3818 nostra.

452 3839 619 3901 Deus
664 3837 843 3914 faxit,
892 3843 962 3899 ut
1010 3859 1501 3921 promoveamus,
1612 3838 1805 3913 Quem
1863 3840 2244 3905 eruditulum
2311 3848 2516 3923 putaS,
2589 3841 2700 3905 fiet

459 3926 648 3987 etiam
697 3923 1025 3986 sanctulus
1070 3924 1433 4006 adjumento
1480 3924 1864 3988 salvatoris.³
1956 3926 2089 3989 Hoc
2135 3928 2251 3990 tibi
2301 3930 2523 4011 placet.
2620 3926 2700 3991 Et

450 4015 521 4074 tu
566 4008 699 4072 heri
746 4010 1035 4091 placebas
1081 4016 1275 4091 atque
1318 4013 1425 4085 ita,
1494 4020 1565 4073 ut
1619 4018 1729 4074 tua
1791 4013 2146 4093 praesentia
2212 4016 2494 4077 salvatus
2562 4036 2698 4076 esse

454 4097 711 4159 viderer.
804 4095 1009 4159 Unum
1072 4097 1411 4179 displicuit,
1474 4098 1641 4176 quod
1701 4120 1836 4160 sero
1896 4098 2099 4162 fecisti
2171 4102 2553 4164 mentionem
2624 4100 2698 4161 de

584 4245 611 4271 a
638 4230 686 4282 ci
725 4212 786 4281 st.
826 4231 879 4284 ti.
953 4236 981 4272 b
1012 4231 1182 4283 exilia.
1258 4246 1281 4271 ο
1310 4230 1570 4285 convitiis

600 4301 615 4329 ¹
650 4298 831 4364 Fiihrt,
868 4316 991 4353 vom
1028 4300 1073 4353 J.
1116 4300 1247 4353 1486
1285 4316 1349 4352 an
1386 4302 1682 4368 gerechnet,
1719 4318 1800 4353 wo
1835 4300 1905 4354 M.
1944 4300 2027 4353 die
2061 4301 2384 4354 Universitat
2405 4302 2581 4369 bezog,
2619 4298 2702 4354 ins

446 4369 494 4422 J.
534 4369 680 4423 1506.
741 4430 749 4437 ‚
822 4371 841 4401 ²
879 4371 905 4421 1
947 4369 1057 4421 Cor.
1099 4371 1177 4437 15,
1216 4370 1297 4423 53.
1440 4371 1460 4401 ³
1494 4369 1612 4437 Vgl.
1649 4368 1882 4452 Schluss
1905 4371 2000 4423 des
2033 4386 2142 4424 vor.
2179 4370 2264 4423 Br.
