3084 4895
478 417 599 484 108
1252 415 1423 470 Briefe
1460 433 1562 470 von
1601 417 1955 472 1508—1509.

477 596 590 664 est,
640 614 762 654 non
815 613 1045 654 nocens
1093 595 1155 654 et
1200 591 1403 672 turpis
1449 591 1792 675 dissipator
1837 592 1944 654 sed
1997 590 2267 673 diligens
2314 595 2375 654 et
2434 593 2729 672 copiosus

477 677 945 760 paterfamiliaS‚
1008 678 1311 741 innocens
1373 679 1701 761 projicitur
1767 679 1828 740 in
1887 679 2141 741 exilium
2208 677 2519 741 Urbanus.
2629 677 2726 740 Oh

478 765 766 828 miseram
818 765 1241 827 conditionem
1290 769 1594 827 attonsae·
1631 765 1920 846 pietatis!
2012 764 2206 840 Quem
2257 764 2409 826 deus
2471 764 2731 828 coelesti

480 852 625 913 dote
670 851 937 928 ornavit,
983 852 1186 912 virtus
1232 850 1462 913 extulit
1508 852 1586 914 ad
1633 851 1902 927 laudem,
1964 851 2063 913 cui
2110 856 2321 931 patres
2366 851 2730 913 tribuerunt

480 938 796 1011 honorem,
864 937 1128 999 eundem
1179 934 1440 999 fratrum
1492 937 1664 1000 furor
1709 945 1771 1000 et
1818 938 2098 999 amentia
2145 935 2387 1015 depulit
2432 937 2507 998 ad
2556 936 2727 999 cala-

479 1026 780 1088 mitatem.
871 1022 1023 1098 Quis
1055 1027 1274 1086 tantae
1307 1023 1640 1085 seditionis
1672 1022 2085 1086 stimulator?
2131 1023 2273 1103 quis
2306 1027 2433 1084 tam
2468 1023 2728 1104 iniquae

478 1110 809 1172 seditionis
855 1110 1255 1172 concitator?
1303 1106 1484 1171 Certe
1535 1109 1706 1171 rudis
1738 1109 2068 1189 imperitia.
2148 1107 2333 1171 Caeci
2364 1122 2533 1182 sunt,
2577 1129 2727 1192 pro-

480 1196 643 1259 fecto
690 1197 878 1268 caeci,
942 1196 1050 1276 qui
1095 1195 1305 1257 lumen
1354 1195 1592 1258 ordinis
1645 1195 2044 1271 submovent,
2105 1194 2285 1276 cujus
2335 1196 2725 1258 necessarius

478 1281 658 1346 labor
703 1283 893 1344 etiam
927 1286 1308 1345 me-tacente
1358 1281 1582 1362 probat
1629 1304 1910 1345 casuram
1959 1304 2094 1344 esse
2125 1281 2576 1363 rempublicam
2611 1281 2722 1343 ab·

479 1375 655 1431 sente
688 1368 961 1433 Urbano.
1017 1365 1174 1448 „Sed
1211 1367 1515 1430 videbunt
1546 1367 1794 1436 Judaei.
1841 1368 1903 1430 in
1939 1389 2122 1450 quem
2169 1367 2716 1430 transfixerunt.“'

476 1454 939 1518 Desiderabunt
970 1454 1316 1530 absentem,
1364 1475 1515 1516 suae
1547 1454 1860 1517 stultitiae
1887 1466 1914 1494 ⁸
1949 1454 2288 1536 praemium
2322 1454 2541 1517 ferent.
2629 1453 2722 1518 Tu

478 1563 641 1613 vem,
709 1541 909 1611 dulcis
955 1540 1170 1612 amice,
1234 1560 1357 1601 non
1408 1539 1601 1603 vitam
1651 1541 1839 1622 deges
1884 1541 1946 1602 in
1997 1541 2206 1613 exilio,
2255 1546 2326 1603 ut
2369 1541 2463 1604 tui
2511 1541 2720 1605 forsan

476 1629 883 1702 arbitrantur,
942 1628 1047 1690 sed
1098 1627 1268 1689 vives
1315 1648 1452 1688 eum
1503 1627 1785 1702 eruditis,
1847 1649 1986 1689 eum
2038 1626 2235 1699 bellis,
2297 1649 2436 1690 cum
2485 1628 2724 1691 amabi-

479 1715 646 1779 libus
693 1717 751 1776 in
792 1714 989 1777 solida
1024 1717 1085 1775 et
1120 1719 1413 1794 perpetua
1462 1713 1758 1776 laetitia.a
1832 1713 2149 1776 Duronius
2195 1714 2478 1778 subsidia
2526 1714 2722 1788 dabit,

478 1800 674 1863 habes
736 1805 799 1865 et
852 1802 984 1881 ipse
1049 1798 1359 1880 praesidia
1418 1801 1771 1863 nummaria
1831 1803 1895 1861 et
1956 1800 2376 1864 instrumenta
2433 1805 2560 1862 tam
2611 1800 2720 1862 ho-

479 1893 695 1951 nestae
741 1909 927 1968 quam
980 1885 1369 1964 voluptariae
1416 1887 1600 1947 vitae.
1693 1886 1828 1948 Erit.
1874 1887 2018 1948 istie
2051 1886 2312 1950 officiosi
2347 1886 2580 1950 laboris
2625 1887 2717 1948 tui

481 1976 659 2055 quies
694 1979 933 2057 optata.
982 1971 1241 2034 Publice
1268 1971 1513 2035 videtur
1537 1974 1662 2048 ista
1688 1973 1918 2054 legatio
1949 1985 1976 2012 ²
2010 1972 2341 2055 plurimum
2371 1972 2724 2037 honestatis

478 2060 724 2124 habere.
795 2059 875 2123 Et
919 2060 1008 2122 ita
1055 2064 1168 2121 est.
1257 2058 1517 2122 Reditus
1563 2080 1708 2121 vero
1756 2060 1954 2141 pariet
2000 2059 2121 2122 tibi
2167 2082 2457 2142 magnam
2504 2059 2726 2142 ampli-

480 2149 763 2212 tudinem
812 2152 875 2210 et
921 2145 1198 2209 futurum
1248 2144 1503 2208 abbatis
1552 2145 1869 2208 honorem.
1961 2145 2115 2222 Quis
2161 2147 2347 2223 enim‚
2395 2147 2564 2226 quod
2612 2145 2722 2209 ho-

478 2239 727 2300 nestum
776 2238 892 2310 est,
941 2255 1063 2296 non
1113 2229 1267 2294 utile
1313 2229 1621 2295 diceret?²
1713 2233 1871 2294 Nam
1919 2233 1972 2295 si
2019 2233 2098 2296 ad
2146 2233 2540 2298 honestatem
2592 2233 2722 2296 nati

479 2343 722 2398 sumus,
769 2343 1020 2384 neeesse
1065 2323 1180 2396 est,
1227 2318 1395 2399 quod
1444 2318 1774 2382 honestum
1810 2319 1911 2394 sit,
1962 2319 2022 2381 id
2068 2342 2201 2383 esse
2232 2325 2345 2384 aut
2376 2320 2577 2383 solum
2613 2327 2724 2383 aut.

477 2431 789 2474 summum
858 2407 1122 2487 bonum3
1190 2404 1355 2487 quod
1418 2410 1628 2468 autem
1680 2405 1932 2483 bonum,
1981 2405 2044 2469 id
2092 2412 2258 2471 certe
2304 2406 2492 2481 utile3
2556 2406 2720 2489 quod

477 2501 688 2561 autem
723 2495 1059 2559 honestum
1094 2496 1157 2557 et
1189 2491 1362 2564 utile,
1410 2491 1469 2555 id
1505 2492 1799 2555 nimirum
1835 2493 2069 2555 honore
2113 2499 2175 2557 et
2205 2495 2404 2575 gloria
2437 2495 2721 2575 dignum.

483 2583 648 2664 Lege
693 2582 859 2665 apud
908 2580 1269 2644 Ciceronem
1318 2577 1601 2641 Stoicum
1648 2578 1800 2642 illud
1838 2579 2194 2644 decretum:
2244 2602 2462 2644 omnes
2495 2581 2725 2644 stultos

480 2666 836 2747 insanireg³
883 2668 1030 2730 item
1080 2688 1327 2729 carmen
1376 2665 1703 2747 Baptistae
1734 2664 1755 2697 ⁴
1802 2666 1878 2728 de
1937 2667 2279 2747 patientia3
2349 2689 2725 2749 magnopere

475 2756 835 2819 laetaberis.
928 2754 993 2817 Si
1043 2753 1191 2834 quid
1245 2775 1337 2815 me
1388 2772 1718 2833 procurare
1769 2753 1954 2815 voles.
2004 2752 2334 2835 Spalatino
2380 2754 2472 2816 tui
2507 2777 2724 2817 aman-

479 2843 724 2906 tissimo
773 2841 1007 2905 eredas
1100 2839 1269 2902 Tuus
1316 2860 1474 2914 sum,
1527 2860 1856 2901 mansurus
1903 2845 2050 2901 tuus
2097 2842 2158 2902 in
2217 2842 2389 2904 omni
2451 2840 2720 2903 fortuna.

479 2930 709 2992 Munus
754 2933 932 2991 tuum
981 2930 1043 2989 et
1086 2926 1302 2989 literas
1348 2928 1419 2989 ut
1464 2947 1562 2987 me
1609 2926 1814 3007 ipsum
1861 2926 2203 3007 amplector
2248 2932 2435 3009 teque
2485 2926 2633 2989 forti
2663 2932 2722 2989 et

485 3016 652 3079 bono
698 3016 909 3079 animo
955 3035 1090 3075 esse
1128 3012 1339 3095 jubeo,
1434 3010 1601 3089 Vale,
1649 3011 1839 3089 salve,
1888 3012 2045 3075 vive.

796 3115 917 3169 Cod.
954 3114 1085 3168 Frof.
1126 3114 1239 3167 196.

481 3271 799 3339 strassburg.
1553 3253 1652 3315 93.
2285 3269 2364 3320 31.
2404 3270 2535 3337 Aug.
2578 3268 2723 3323 1508.

1078 3370 1326 3441 Thom.
1372 3370 1582 3440 Wolf
1603 3374 1624 3405 ⁵
1671 3392 1766 3441 an
1812 3371 2117 3441 Mutian.

479 3504 497 3559 (
509 3492 1296 3561 F'reundsclmftsversioheruny.
1368 3492 1532 3560 Klaqe
1568 3494 1694 3545 iiber
1726 3493 1825 3545 den
1867 3492 2066 3555 Omine,
2101 3492 2192 3545 der
2227 3492 2322 3545 iim
2362 3491 2419 3543 in
2455 3492 2593 3543 Rom
2627 3508 2726 3543 an-

474 3564 679 3632 yeklayt
703 3563 816 3615 und
838 3579 941 3614 zur
964 3562 1118 3615 Reise
1134 3562 1302 3615 dahin
1324 3562 1769 3699 ηόίῲίῂνῗῶίῧεο
1797 3579 1870 3614 an
1895 3562 2093 3624 E'oban,
2132 3560 2413 3621 Eberbcwh,
2459 3560 2725 3629 Spalatin,

537 3738 823 3787 Mutiano
859 3736 1022 3787 Rufo
1059 3738 1291 3787 oratori
1327 3740 1388 3787 et
1418 3737 1862 3797 jureconsulto,
1919 3738 2114 3786 amieo
2150 3736 2380 3796 optimo
2418 3738 2481 3786 et
2516 3738 2586 3784 ut
2615 3736 2642 3773 b

846 3822 1027 3873 fratri
1062 3824 1378 3874 carissimo
1414 3824 1682 3874 'I'homas
1716 3823 2070 3883 Vuolphius
2105 3822 2148 3873 J
2148 3822 2349 3872 unior.

689 3926 749 3990 S.
844 3926 1077 4003 Quanti
1124 3932 1187 3990 te
1236 3928 1483 4003 faciam,
1530 3928 1835 4006 Mutiane‚
1879 3934 1942 3991 et
1987 3932 2226 4008 quanta
2273 3926 2673 3990 veneratione
2701 3935 2729 3963 ⁸

481 4018 544 4077 et
590 4018 829 4095 quanto
905 4031 1131 4077 amore'
1181 4020 1245 4079 te
1273 4026 1297 4053 ⁰
1344 4035 1702 4095 prosequar,
1773 4036 1896 4077 non
1933 4035 2214 4101 possum
2267 4012 2530 4077 dicendo
2577 4032 2728 4073 con—

616 4199 642 4225 a
672 4184 718 4235 ci
756 4189 817 4235 st.
860 4185 914 4237 ti.
1022 4188 1049 4225 b
1080 4188 1137 4235 ut
1173 4190 1225 4237 et
1263 4182 1409 4236 Tem.
1513 4197 1536 4223 ο
1565 4186 1616 4235 te
1651 4184 1774 4250 fehlt
1811 4182 1893 4234 bei
1930 4183 2073 4235 Tem.

626 4257 641 4285 ¹
677 4253 795 4305 Joh.
845 4255 922 4313 19,
963 4254 1044 4305 37.
1118 4254 1319 4321 Wegen
1366 4254 1457 4304 der
1504 4254 1623 4306 dem
1676 4253 1808 4305 Abte
1845 4252 2032 4304 schuld
2071 4252 2363 4321 gegebenen
2399 4249 2560 4301 Iliirte
2599 4248 2726 4300 wird

482 4340 537 4374 er
574 4322 626 4374 in
664 4323 863 4374 diesem
904 4322 989 4377 ΒΥ.
1029 4339 1149 4374 zum
1185 4327 1357 4375 ersten
1394 4321 1533 4374 Male
1558 4321 1821 4374 Duronius
1848 4325 2088 4389 genannt,
2126 4337 2226 4371 von
2255 4336 2360 4370 nun
2387 4335 2450 4370 an
2475 4317 2726 4369 stehende

481 4392 865 4514 Bezgichgussg.
987 4394 1028 4513 12
1064 4392 1191 4493 Cio.5
1204 4392 1283 4514 Ιέθ
1312 4391 1427 4513 gffA
1441 4390 1537 4497 1191,
1574 4392 1624 4458 4,
1665 4394 1741 4444 15.
1885 4392 1904 4422 ³
1934 4391 2116 4444 Parad.
2143 4389 2298 4443 Stoic.
2336 4390 2383 4439 4.
2526 4387 2546 4417 ⁴
2581 4386 2631 4440 S.
2661 4385 2726 4438 52
