3084 4895
441 373 563 451 148
1191 371 1366 442 Briefe
1405 404 1508 442 von
1550 373 1907 459 1508—1'509.

439 557 508 622 Id
556 559 766 641 ipsum
811 559 1048 622 lectum
1096 559 1172 622 iri
1219 558 1474 623 dicebat
1517 562 1582 624 in
1629 560 1989 624 Proverbiis
2032 561 2283 624 Erasini
2326 581 2521 642 seque
2550 582 2705 625 con-

440 644 678 708 sultum
741 645 817 706 de
873 645 1236 724 significatu
1282 667 1322 706 a
1365 646 1673 725 magistro
1734 644 1858 707 sibi
1920 667 2065 709 caro
2129 646 2297 727 apud
2368 645 2706 726 collegium

438 729 880 792 humanitatis,
991 729 1128 810 Ego
1203 750 1372 806 ver0,
1449 732 1560 811 qui
1629 730 1964 811 proverbia
2032 753 2159 794 non
2230 730 2435 794 habeo
2502 752 2707 813 neque

440 812 679 895 Copiae
727 813 963 877 Cornu'
1013 819 1128 878 aut
1173 814 1346 877 aliud
1392 815 1665 892 lexicon,
1713 819 1777 878 et
1822 821 1976 878 tunc
2017 816 2109 880 fui
2156 820 2221 879 et
2267 838 2436 879 nunc
2466 838 2604 880 sum
2639 817 2705 879 in

446 899 565 961 hac
611 901 986 979 quaestione
1035 899 1300 962 velutin
1338 922 1648 963 marmore
1695 904 1937 964 cretata
1982 901 2169 964 linea.
2245 901 2469 983 Itaque
2502 923 2705 964 meam

440 984 757 1048 inscitiam
793 985 1169 1066 simpliciter
1192 984 1498 1047 confiteor
1522 992 1715 1065 teque
1739 1007 1910 1065 rog0,
1938 993 2011 1048 ut
2038 987 2291 1049 evolvas
2318 986 2707 1048 collectanea

442 1074 556 1132 tua
615 1076 680 1143 et
738 1070 988 1150 Petrejo
1057 1069 1456 1151 respondeas,
1550 1070 1720 1132 Cedo
1789 1071 1929 1148 tibi,
2000 1072 2259 1134 tametsi
2332 1073 2481 1152 „qui
2554 1072 2708 1133 velit

443 1155 700 1236 ingenio
761 1154 978 1218 cedere
1023 1176 1201 1217 rarus
1247 1153 1457 1218 erit.“²
1550 1155 1745 1218 Dabis
1804 1157 1997 1218 etiam
2044 1157 2122 1218 ad
2170 1179 2336 1230 eum,
2392 1156 2449 1218 si
2508 1177 2706 1238 popo-

443 1241 652 1317 scerit,
712 1239 1236 1302 Emendationem
1299 1261 1619 1303 sacrarum
1687 1239 2065 1304 literarum.⁸
2176 1241 2334 1306 Nam
2403 1240 2707 1304 debemus

443 1325 714 1406 PetrejO,
783 1331 848 1387 et
916 1325 1196 1388 maxima
1258 1325 1324 1386 in
1386 1346 1504 1388 nos
1569 1325 1772 1406 ipsius
1836 1328 2065 1390 merita
2133 1326 2363 1390 bonam
2435 1327 2705 1406 gratiam

447 1414 781 1473 merentur.
871 1409 1165 1473 Intellexi
1223 1432 1362 1473 eum
1431 1411 1495 1472 id
1551 1431 1711 1491 opus
1771 1415 2139 1491 exspectare
2186 1415 2251 1474 et
2295 1411 2467 1474 dicto
2536 1412 2706 1492 quod

446 1497 630 1576 quasi
706 1495 1083 1558 subacidum
1157 1494 1492 1557 mordebat
1569 1496 1964 1576 (quanquam
2039 1497 2315 1559 ironicos
2390 1497 2705 1578 prolatum

441 1579 634 1662 esset)
712 1581 1174 1644 inflammatum
1255 1581 1460 1642 irasci.
1512 1657 1517 1664 .
1573 1579 1773 1661 Terge
1842 1581 2005 1644 hanc
2073 1582 2409 1658 maculam,
2479 1604 2556 1643 ne
2623 1582 2707 1643 ob

371 1725 377 1730 .
444 1666 872 1729 urbanitatem
923 1687 1124 1728 meam
1172 1666 1439 1747 incipiat
1483 1687 1600 1728 nos
1647 1667 1823 1728 flocci
1874 1667 2163 1748 pendere.
2240 1667 2441 1729 Deum
2476 1671 2704 1730 testem

441 1751 647 1813 habeo
715 1752 983 1831 primum
1055 1771 1332 1813 meorum
1412 1771 1550 1813 esse
1625 1750 1941 1832 Petrejum
2021 1752 2284 1832 dignum
2366 1773 2577 1816 amore
2644 1758 2710 1814 et

444 1836 850 1899 observantia
927 1837 1332 1917 sempiterna.
1451 1835 1716 1899 Videtur
1786 1837 1864 1898 ad
1933 1837 2086 1900 iram
2168 1838 2356 1918 paulo
2432 1838 2706 1918 pronior,

443 1922 617 1984 velut
661 1921 734 1998 is,
785 1922 895 2001 qui
941 1927 1081 1984 atra
1127 1920 1254 1983 bile
1298 1920 1635 1984 laborare*
1723 1921 1948 1984 Verum
1998 1923 2061 1983 in
2106 1921 2351 1985 Eobani
2384 1923 2706 1986 molestia⁵

443 2006 821 2088 placabilem
887 2028 955 2069 se
1019 2011 1302 2087 praestat
1361 2011 1555 2085 atque
1616 2008 1729 2080 ita,
1788 2011 1862 2069 ut
1917 2007 2188 2070 multum
2253 2009 2585 2071 remittens
2632 2007 2709 2070 de

441 2092 799 2155 intentione
845 2114 962 2155 sua
1007 2093 1180 2155 dicat
1225 2113 1352 2154 non
1399 2113 1538 2154 esse
1599 2112 1759 2172 opus
1820 2093 2130 2172 precibus,
2226 2094 2391 2156 Audi
2451 2114 2707 2173 quaes0,

442 2198 570 2258 qua
601 2179 687 2240 sit
716 2178 950 2240 mentis
983 2177 1344 2252 altitudine,
1378 2197 1507 2256 qua
1538 2176 1893 2240 clementia.
1991 2178 2171 2260 „Non
2218 2177 2377 2256 est“,
2424 2179 2708 2258 inquam,

446 2263 785 2344 „Eobanus
845 2285 1072 2326 saevus
1119 2268 1182 2324 et
1227 2262 1599 2325 indomitus
1692 2262 1951 2324 Veniam
2018 2267 2233 2345 optat;
2293 2270 2570 2327 ceterum
2628 2265 2709 2328 ad

439 2349 700 2411 verbum
768 2350 958 2428 ,rogo‘
1008 2348 1177 2429 quod
1227 2353 1326 2412 est
1374 2348 1633 2428 ingenio
1696 2349 1922 2410 durum
1983 2349 2151 2411 flecti
2214 2370 2339 2412 non
2401 2347 2709 2430 potest.“⁶

448 2433 606 2497 Tum
676 2434 991 2516 Petrejus:
1069 2433 1160 2515 „O
1229 2434 1452 2497 miram
1529 2434 2176 2516 extemporalitatem!
2284 2434 2427 2497 Non
2505 2433 2709 2511 sum“,

441 2522 674 2601 inquit,
753 2519 1102 2603 „Jupiter“,
1172 2522 1356 2601 quasi
1422 2520 1685 2583 diceret:
1766 2519 1954 2589 homo
2022 2542 2179 2583 sum.
2297 2520 2455 2602 „Qui
2522 2521 2711 2601 fingit

443 2627 656 2669 sacros
723 2628 876 2669 auro
937 2606 1037 2669 vel
1101 2626 1412 2668 marmore
1470 2605 1706 2679 vultu&
1769 2604 1909 2668 Non
1972 2606 2129 2669 facit
2190 2605 2292 2668 ille
2354 2606 2538 2684 deos;
2599 2606 2711 2685 qui

441 2696 645 2771 rogat,
693 2691 799 2753 ille
843 2689 1091 2754 facit.“⁷
1184 2691 1332 2753 Vale
1377 2690 1530 2753 felix
1577 2692 1640 2752 in
1702 2690 2104 2753 silvest-ribus
2150 2692 2370 2755 antris.
2464 2690 2715 2755 Gothae

440 2776 604 2838 XIX.
655 2774 1360 2913 CaldosstssrntfmssAnno
1409 2780 1559 2857 post
1603 2778 1947 2839 adventum
1994 2777 2328 2840 salvatoris
2374 2775 2605 2839 MDlX.

859 2900 871 2912 .
978 2874 1042 2911 C.
1185 2899 1196 2910 .

443 2993 674 3063 (Gotha.)
1497 2980 1638 3042 119.
2276 2994 2356 3048 13.
2393 2993 2521 3046 Juni
2559 2994 2709 3047 1509.

1151 3087 1440 3156 Mutian
1487 3108 1585 3157 an
1631 3086 2001 3156 Her-bord.

359 3172 363 3175 ’
439 3197 633 3263 (Ueber
665 3198 765 3249 den
800 3197 1077 3264 Aufstand
1108 3198 1195 3249 des
1232 3197 1484 3264 Erfurter
1531 3198 1709 3251 Vozkes
1740 3215 1901 3266 qeqen
1935 3198 2003 3251 H.
2042 3198 2249 3251 Kecner.
2320 3199 2423 3252 Die
2468 3198 2713 3253 „tur-istm

437 3266 618 3333 finden
651 3266 806 3318 selbst
840 3266 904 3317 in
937 3266 1028 3318 der
1075 3266 1417 3334 Verwirrunq
1451 3267 1538 3319 des
1583 3268 1995 3319 Gemeinwesens
2029 3268 2145 3319 ihre
2179 3267 2481 3335 Reckmmq.
2541 3268 2713 3320 Ilmen

505 3335 606 3386 soll
639 3334 878 3386 Herbord
909 3334 1096 3402 solym.
1173 3334 1377 3401 Schrift
1410 3335 1498 3387 des
1535 3334 1769 3387 Hermol.
1806 3335 2087 3389 Barbarus
2118 3353 2277 3404 yeyen
2310 3337 2396 3388 die
2428 3336 2653 3403 Poeten.)

649 3431 753 3481 Ad
789 3431 1228 3481 Herebordum
1264 3432 1584 3481 literar-iae
1619 3432 2005 3491 reipublicae
2042 3432 2346 3491 columen,
2395 3433 2713 3483 doctorem

1186 3516 1536 3568 Gallorum⁹
1572 3515 1682 3584 (M.
1718 3516 1964 3585 Rufus).

648 3608 716 3674 S.
810 3610 1126 3674 Ovidiana
1157 3610 1380 3674 Medea
1425 3612 1517 3674 sic
1565 3612 1874 3691 loquitur:
1930 3611 2160 3693 „Video
2192 3612 2454 3675 meliora
2482 3613 2714 3693 probo-

442 3716 587 3777 que,
634 3695 948 3759 deteriora
993 3696 1347 3777 sequor.“¹⁰
1440 3698 1726 3759 Prudens
1772 3703 1869 3760 est
1914 3699 2232 3772 nimirum,
2295 3699 2586 3779 quisquis
2644 3698 2712 3759 in

583 3833 600 3862 ¹
637 3830 898 3888 Perottus,
940 3830 1295 3899 Cornucopiae
1333 3848 1373 3883 S.
1411 3831 1624 3899 linguae
1660 3832 1749 3883 lat.
1788 3832 2170 3885 commentarii.
2222 3832 2353 3885 Ven.
2403 3832 2521 3885 Ald.
2562 3832 2710 3887 1499.

441 3900 461 3930 2
497 3897 650 3951 Mart.
701 3899 848 3964 VIII,
889 3899 970 3965 18,
1011 3900 1088 3954 10.
1237 3902 1258 3932 ³
1291 3900 1421 3952 Eine
1470 3900 1799 3953 verbesserte
1850 3899 2251 3967 Bibelausgabe
2395 3902 2415 3931 ⁴
2448 3900 2711 3966 Erganze:

439 3966 665 4019 videtur.
736 3967 835 4019 Die
872 3967 1033 4020 Stelle
1070 3968 1281 4021 scheint
1318 3968 1625 4021 verdorben.
1750 3970 1771 4001 ⁵
1806 3968 1856 4021 S.
1897 3968 1997 4020 132
2036 3972 2098 4022 A.
2138 3970 2183 4022 7.
2320 3970 2343 4000 ⁰
2378 3969 2503 4021 »Ein
2537 3970 2716 4020 harter

440 4034 569 4087 Sinn
606 4035 737 4087 lasst
771 4035 884 4087 sich
923 4036 1074 4088 nicht
1107 4038 1246 4090 nach
1283 4038 1404 4089 dem
1451 4037 1689 4089 Verbum
1723 4052 1847 4103 rogo
1884 4037 2200 4089 flektieren.«
2270 4035 2573 4090 Schulwitz.

441 4104 460 4134 ⁷
494 4101 648 4156 Mart.
687 4103 833 4171 VIII,
872 4104 954 4171 24,
993 4108 1024 4157 5
1061 4118 1138 4173 sq.
1283 4108 1304 4137 ⁸
1339 4106 1565 4158 XVarum
1602 4105 1751 4158 nicht
1784 4105 1917 4158 Idib.
1956 4104 2121 4157 Jun.‘?
2180 4105 2331 4157 Auch
2362 4105 2454 4156 der
2474 4105 2713 4172 folgende

441 4169 529 4223 ΒΓ.
553 4186 619 4222 an
643 4170 880 4225 Herbord
917 4173 988 4225 ist
1024 4190 1128 4226 von
1164 4174 1469 4227 demselben
1505 4174 1720 4239 Datum,
1758 4174 1810 4225 in
1848 4174 2035 4225 beiden
2072 4176 2211 4225 setzt
2246 4174 2339 4224 der
2362 4173 2715 4226 Abschreiber

443 4241 499 4289 in
535 4238 875 4293 Buchstaben
911 4242 1311 4309 undevigesimo
1348 4243 1457 4295 Cal.
1497 4242 1675 4305 Quint.
1714 4242 1879 4309 (Jul.).
1954 4242 2254 4294 Auffallend
2290 4241 2362 4293 ist
2397 4242 2552 4305 auch,
2591 4242 2713 4293 dass

443 4306 648 4359 Mutian
681 4313 836 4360 unter
874 4310 1133 4375 gleichem
1184 4311 1382 4362 Datum
1419 4311 1551 4362 zwei
1588 4310 1761 4362 Briefo
1798 4327 1861 4362 an
1900 4310 2141 4362 Herbord
2176 4311 2375 4361 sendet.
2519 4311 2541 4341 ⁹
2576 4309 2639 4361 D.
2677 4309 2710 4360 i.

440 4374 640 4427 Lehrer
675 4378 766 4429 der
800 4377 1025 4430 M'onche
1064 4378 1139 4447 (in
1177 4378 1562 4446 Georgenthal).
1707 4382 1750 4410 ¹⁰
1783 4378 1995 4431 Metam.
2034 4378 2155 4447 VII,
2194 4378 2261 4431 20
2298 4394 2376 4445 sq.
