3084 4895
457 356 585 425 208
1225 342 1400 409 Briefe
1433 369 1539 409 von
1578 354 1934 410 1509—1511.

460 530 622 595 velle
664 550 732 593 se
763 548 1026 610 puerum
1059 525 1582 607 Wittenburgum
1627 525 1929 605 mittere,¹
1962 527 2075 593 ubi
2106 534 2323 611 posset
2352 528 2727 613 Spalatinus

462 638 592 679 una
639 636 782 678 cum
829 633 1024 695 puero
1071 634 1296 676 vacare
1339 612 1589 675 studiis.
1683 612 1951 677 Amatur
1994 613 2075 678 ab
2121 618 2395 697 utroque
2456 616 2617 678 duce
2660 619 2727 677 et

461 704 674 763 tamen
722 700 834 762 flet
877 703 943 761 et
985 699 1388 761 lamentatur.
1465 696 1518 760 Ο
1568 697 1863 760 miserum
1909 697 2434 763 homuncionem!
2511 699 2725 763 Mirari

465 786 624 849 satis
671 806 796 848 non
844 804 1124 866 possum,
1171 782 1340 846 unde
1371 783 1458 844 sit
1487 785 1676 844 tanta
1706 783 2124 899 impatientia.
2194 784 2539 849 Provideas
2568 786 2723 859 suis,

467 874 543 933 ut
591 868 940 951 hospitium
1002 868 1284 931 habeant
1329 887 1440 948 pro
1489 867 1793 929 Vallibus.
1915 866 2118 932 Credo
2172 875 2378 933 mater
2423 875 2489 933 et
2532 869 2725 931 frater

461 956 771 1029 cruciant,
820 974 1189 1034 quanquam
1238 956 1468 1015 natura
1511 953 1599 1016 sit
1643 951 1891 1015 flebilis.
1980 952 2151 1032 Vale,
2198 955 2471 1018 domine.

769 1070 894 1123 Cod.
931 1068 1064 1122 Frcf.
1102 1069 1218 1123 211.

456 1289 688 1360 (ουτω.)
1513 1272 1657 1337 160.
2478 1290 2725 1369 §1511?)⁸

1169 1399 1461 1470 Mutian
1505 1420 1605 1470 an
1649 1364 2018 1469 Herliord.

458 1524 719 1592 (Antwort
762 1526 873 1605 apos
897 1525 1176 1596 Anfraqen
1209 1528 1337 1581 iiber
1372 1529 1553 1583 latein.
1598 1529 1956 1583 Grmnnwtik.
2025 1528 2191 1582 Kann
2231 1528 2334 1580 den
2370 1527 2558 1581 Sextus
2592 1528 2723 1581 ohne

469 1593 680 1647 Urbane
727 1594 1046 1663 Emwillv'yu
1168 1596 1317 1650 nicht
1361 1596 1617 1651 schielcen.
1687 1597 1803 1651 Jok.
1840 1614 1941 1650 von
1972 1598 2064 1649 der
2112 1597 2346 1650 Such-sen
2387 1597 2471 1649 als
2515 1596 2723 1649 Redner

455 1661 701 1783 “²22ss
733 1662 1053 1785 ἐζΐὲἔὲαι.
1087 1666 1291 1786 w
1311 1667 2199 1802 vzzwfmsszmfflffi
2210 1665 2723 1801 {mffirff

554 1862 922 1913 Herebordo
958 1863 1304 1925 Margarito
1342 1867 1643 1926 tanquam
1677 1863 1860 1915 fratri
1897 1865 2214 1915 carissimo
2252 1860 2359 1930 (M.
2395 1862 2641 1927 Rums).

661 1970 726 2035 S.
815 1972 990 2037 Petis
1033 1995 1407 2055 responsum
1454 1976 1689 2057 dignus
1734 1974 1855 2040 hoc
1900 1976 2060 2058 ipso,
2106 1975 2275 2057 quod
2323 1974 2506 2055 petis.
2599 1973 2719 2038 Cui

455 2057 622 2121 enim
668 2079 980 2140 peraeque
1025 2065 1220 2140 atque
1265 2060 1386 2123 tibi
1433 2062 1812 2143 respondere
1856 2060 2106 2125 debeo?
2174 2060 2298 2125 Sed
2330 2060 2483 2142 quid
2516 2061 2721 2140 potis-

453 2143 732 2205 simum?
821 2141 1006 2207 Certe
1065 2145 1290 2208 merito
1344 2144 1672 2210 referenda
1726 2148 1932 2226 gratia
1979 2147 2075 2209 vel
2120 2145 2345 2209 saltem
2402 2144 2717 2208 habenda.

457 2226 742 2309 Vectigal
787 2226 1211 2311 Calepinatis⁴
1255 2252 1563 2313 usurpare
1608 2252 1735 2296 non
1782 2231 2105 2295 debemus
2172 2230 2316 2293 Non
2349 2230 2517 2293 enim
2564 2251 2720 2293 auc-

452 2313 714 2377 toritate
743 2315 1098 2395 principum
1133 2315 1371 2379 latinae
1400 2317 1658 2398 linguae
1702 2317 2080 2398 permissum
2112 2320 2226 2379 est.
2276 2314 2421 2377 Aldi
2466 2314 2715 2395 regula⁸

451 2419 600 2462 vera
643 2403 742 2464 est
785 2404 850 2464 et
881 2401 1104 2481 puerili
1148 2402 1460 2465 versiculo
1505 2403 1927 2483 suffragatur:
1980 2401 2369 2485 „Praeterito
2404 2402 2716 2475 venimu8‚

452 2486 772 2566 praesenti
818 2486 959 2548 dico
1004 2487 1350 2549 venimuS.“
1406 2489 1677 2551 Possum
1724 2488 1827 2551 hic
1858 2488 2017 2552 illud
2040 2488 2179 2570 jure
2212 2487 2438 2560 dicere,
2471 2486 2718 2548 nullum

451 2591 590 2632 esse
634 2571 864 2634 librum
928 2577 1058 2635 tam
1116 2571 1373 2649 malum,
1429 2575 1583 2654 quin
1638 2573 1856 2655 aliqua
1900 2597 1978 2636 ex
2026 2578 2203 2655 parte
2246 2568 2497 2653 prosit.⁶
2583 2571 2720 2634 Nos

454 2655 600 2717 dum
649 2656 886 2736 majora
932 2657 1251 2726 rimamur,
1281 2668 1310 2697 ⁸
1354 2658 1666 2734 molimur,
1712 2658 2215 2722 rudimentorum
2262 2657 2513 2719 interim
2548 2657 2716 2719 obli-

459 2741 776 2804 viscimur.
867 2740 1040 2803 Nihil
1110 2742 1358 2806 erudito
1428 2744 1821 2807 commodius
1874 2745 2212 2807 sodalitate
2286 2742 2583 2817 literaria,
2642 2745 2720 2804 ut

453 2826 755 2888 memoria
801 2826 1350 2891 confabulatorum
1388 2829 1704 2910 praesidio
1738 2829 2056 2892 fulciatur.
2106 2825 2405 2890 Sextnm'
2444 2828 2714 2902 mittere,

451 2910 575 2972 nisi
620 2910 871 2993 placeat
899 2911 1158 2976 Urbano
1191 2915 1629 2991 commutatio,
1662 2934 1790 2977 non
1824 2914 1997 2978 libet.
2062 2914 2237 2989 Quae
2266 2912 2495 2974 levitas
2524 2917 2713 2984 esset,

454 2993 664 3077 qualis
709 2997 1161 3072 inconstantia,
1230 2998 1446 3062 datum
1508 3003 1792 3080 repetere
1846 3020 1954 3080 per
2013 2999 2285 3080 speciem
2348 3001 2715 3077 permutan-

454 3081 675 3143 dorum
721 3081 1070 3145 librorum?
1157 3082 1299 3146 Non
1348 3084 1545 3164 igitur
1590 3084 1831 3148 sufficit
1872 3088 1937 3148 te
1982 3085 2187 3165 egisse
2240 3104 2381 3145 cum
2428 3080 2711 3146 Urban0.

589 3296 617 3324 ι
641 3282 900 3336 rimamur
933 3283 1135 3336 scheint
1169 3285 1338 3338 daarch
1370 3289 1742 3352 unteryesetxte
1780 3285 1986 3338 Punlcte
2036 3301 2157 3336 vom
2204 3282 2545 3336 Abschreiber
2590 3282 2717 3333 oder

447 3352 621 3403 emm
658 3351 885 3418 Spo‘z‘tern
919 3353 1268 3406 beanstandet.

595 3441 607 3470 ¹
644 3438 772 3491 Dies
806 3438 1039 3505 geschah
1087 3438 1234 3491 1511.
1305 3437 1450 3491 Kurz
1497 3439 1691 3491 vorher
1732 3453 1881 3490 muss
1925 3438 2019 3489 der
2053 3436 2139 3490 Br.
2190 3435 2531 3504 geschrieben
2580 3435 2711 3488 sein.

449 3507 548 3559 Die
577 3507 814 3559 Audienz
855 3505 1086 3558 Mutians
1122 3506 1264 3559 beim
1300 3507 1615 3560 Kurfiirsten
1651 3507 1783 3560 wird
1817 3507 1875 3557 in
1913 3506 2016 3558 den
2050 3504 2270 3572 iibrigen
2294 3503 2503 3556 Briefen
2540 3501 2717 3554 dieser

451 3575 565 3627 Zeit
612 3575 761 3626 nicht
804 3575 1039 3628 erwahnt
1079 3575 1188 3626 und
1238 3591 1295 3626 es
1332 3575 1400 3628 ist
1437 3575 1767 3640 zweifelhaft,
1818 3575 1883 3627 ob
1924 3573 2001 3626 sie
2036 3573 2092 3624 in
2126 3572 2327 3640 Torgau
2372 3572 2497 3623 oder
2540 3570 2717 3623 Gotha

449 3644 838 3711 stattgefunden
875 3643 983 3695 hat.
1091 3645 1112 3675 ²
1127 3643 1226 3694 Die
1262 3643 1318 3694 in
1353 3643 1615 3711 diirftigen
1639 3642 2038 3696 Verhfflmissen
2070 3641 2327 3693 lebenden
2360 3639 2711 3691 Vel-wandten

451 3711 730 3779 Spalatins‚
768 3711 880 3763 sein
922 3711 1127 3764 Bruder
1161 3711 1315 3763 nebst
1348 3711 1487 3764 Frau
1521 3713 1630 3764 und
1664 3709 2008 3770 Tochterlein,
2045 3708 2354 3761 erscheinen
2388 3707 2509 3760 bald
2544 3707 2711 3758 nach-

452 3780 549 3831 her
569 3781 624 3832 in
647 3779 1011 3847 Georgenthal‚
1051 3795 1132 3832 wo
1169 3779 1328 3830 ihnen
1355 3780 1616 3832 demnach
1650 3779 1831 3833 Urban
1856 3777 1972 3829 eine
1992 3777 2419 3830 Zufluchtsstatte
2444 3775 2708 3827 eroffnete.

449 3848 568 3916 Vgl.
608 3848 694 3904 ΒΓ.
733 3848 835 3899 214
871 3848 964 3899 des
999 3849 1120 3901 Cod.
1192 3847 1345 3899 Nach
1380 3847 1466 3900 ΒΓ.
1504 3848 1573 3900 99
1610 3848 1703 3899 des
1741 3847 1863 3900 Cod.
1901 3861 2076 3898 waren
2111 3844 2423 3897 fraterculus
2460 3846 2513 3894 et
2549 3857 2709 3894 uxor-

451 3917 573 3970 cula
606 3920 660 3968 et
694 3916 857 3969 filiola
891 3916 976 3967 die
1013 3916 1198 3980 Quclle
1237 3931 1336 3967 von
1372 3915 1636 3982 Spalatins
1673 3914 2247 3981 Geldverlegenheiten.
2286 3914 2353 3964 da
2388 3927 2445 3963 ei·
2478 3910 2608 3964 alles
2642 3926 2709 3962 an

449 3986 528 4037 sie
563 3985 776 4053 hingab.
849 3986 960 4038 Auf
990 3986 1090 4036 den
1126 3983 1344 4035 »stultus
1381 3985 1563 4036 frater«
1599 3984 1668 4036 ist
1711 3983 1915 4037 Mutian
1950 3983 2087 4035 noch
2122 3981 2395 4033 mehr-sach
2429 3979 2581 4031 nicht
2614 3981 2709 4045 gut

449 4071 516 4106 zu
552 4054 822 4120 sprechen.
965 4055 985 4084 ³
1019 4053 1094 4104 Zu
1130 4067 1358 4120 genauer
1410 4052 1881 4119 Zeitbestimmung
1930 4051 2107 4103 fehlen
2145 4051 2228 4102 die
2266 4047 2707 4114 Anhaltspunkte.

448 4123 470 4154 ⁴
506 4122 814 4174 Ambrosius
865 4121 1145 4188 Calepinus
1199 4122 1259 4188 (†
1311 4121 1481 4188 1511),
1529 4121 1802 4174 Vel-fasser
1858 4121 2003 4171 eines
2061 4118 2440 4170 Dictionarium
2504 4120 2705 4182 septem

446 4192 761 4258 linguarum.
798 4189 963 4256 Rheg.
1005 4190 1150 4242 1502.
1253 4192 1274 4221 ⁵
1309 4189 1368 4241 In
1407 4189 1587 4241 seinen
1623 4188 1943 4241 Rudimenta
1977 4188 2251 4256 grammat.
2294 4185 2417 4252 ling.
2445 4185 2532 4236 lat.
2558 4184 2704 4236 1501.

449 4259 673 4328 Bezieht
708 4260 823 4310 sich
863 4261 954 4312 aus
986 4259 1101 4310 eine
1137 4258 1322 4309 zweite
1343 4257 1570 4324 Anfrage
1600 4257 1877 4312 HerbordS.
1984 4257 2006 4288 ⁶
2030 4255 2130 4306 Ein
2162 4254 2469 4321 Ausspruch
2503 4251 2707 4304 Plinius

448 4330 541 4381 des
575 4327 680 4381 Alt.
718 4327 854 4378 nach
891 4326 1023 4379 Plin.
1062 4326 1155 4393 Ep.
1193 4326 1288 4381 ΙΙΙ.
1325 4328 1373 4393 5,
1414 4327 1493 4381 10.
1603 4328 1621 4359 ⁷
1660 4325 1775 4394 Vgl.
1813 4326 1898 4377 Br.
1940 4323 2051 4377 158.
