<?xml version="1.0" encoding="UTF-8"?>
<!DOCTYPE html PUBLIC "-//W3C//DTD XHTML 1.0 Transitional//EN"
    "http://www.w3.org/TR/xhtml1/DTD/xhtml1-transitional.dtd">
<html xmlns="http://www.w3.org/1999/xhtml" xml:lang="en" lang="en">
 <head>
  <title>
</title>
<meta http-equiv="Content-Type" content="text/html;charset=utf-8" />
  <meta name='ocr-system' content='tesseract 3.04.00' />
  <meta name='ocr-capabilities' content='ocr_page ocr_carea ocr_par ocr_line ocrx_word'/>
</head>
<body>
  <div class='ocr_page' id='page_1' title='image "./derbriefwechsel02kraugoog_0275.png"; bbox 0 0 3084 4895; ppageno 0'>
   <div class='ocr_carea' id='block_1_1' title="bbox 1254 376 2657 458">
    <p class='ocr_par' dir='ltr' id='par_1_1' title="bbox 1254 376 2657 458">
     <span class='ocr_line' id='line_1_1' title="bbox 1254 376 2657 458; baseline 0.011 -16"><span class='ocrx_word' id='word_1_1' title='bbox 1254 376 1468 442; x_wconf 78' lang='lat' dir='ltr'>Mutian</span> <span class='ocrx_word' id='word_1_2' title='bbox 1500 403 1573 440; x_wconf 83' lang='lat' dir='ltr'>an</span> <span class='ocrx_word' id='word_1_3' title='bbox 1610 385 1809 440; x_wconf 83' lang='lat' dir='ltr'>Urban.</span> <span class='ocrx_word' id='word_1_4' title='bbox 2534 385 2657 458; x_wconf 81' lang='grc'>189</span> 
     </span>
    </p>
   </div>
   <div class='ocr_carea' id='block_1_2' title="bbox 369 557 2671 3368">
    <p class='ocr_par' dir='ltr' id='par_1_2' title="bbox 369 557 2671 3368">
     <span class='ocr_line' id='line_1_2' title="bbox 398 557 2659 642; baseline 0.001 -18"><span class='ocrx_word' id='word_1_5' title='bbox 398 557 620 625; x_wconf 77' lang='lat' dir='ltr'>fitetur</span> <span class='ocrx_word' id='word_1_6' title='bbox 661 559 1010 642; x_wconf 78' lang='lat' dir='ltr'><strong>Apostolus</strong></span> <span class='ocrx_word' id='word_1_7' title='bbox 1055 582 1124 624; x_wconf 90' lang='lat' dir='ltr'>se</span> <span class='ocrx_word' id='word_1_8' title='bbox 1167 559 1531 641; x_wconf 88' lang='lat' dir='ltr'>imperitum</span> <span class='ocrx_word' id='word_1_9' title='bbox 1566 581 1703 626; x_wconf 85' lang='lat' dir='ltr'>esse</span> <span class='ocrx_word' id='word_1_10' title='bbox 1734 580 2039 635; x_wconf 82' lang='lat' dir='ltr'>sermone,</span> <span class='ocrx_word' id='word_1_11' title='bbox 2072 559 2181 622; x_wconf 88' lang='lat' dir='ltr'>sed</span> <span class='ocrx_word' id='word_1_12' title='bbox 2213 581 2342 624; x_wconf 88' lang='lat' dir='ltr'>non</span> <span class='ocrx_word' id='word_1_13' title='bbox 2374 563 2659 628; x_wconf 88' lang='lat' dir='ltr'>scientia.</span> 
     </span>
     <span class='ocr_line' id='line_1_3' title="bbox 400 643 2661 726; baseline 0.002 -18"><span class='ocrx_word' id='word_1_14' title='bbox 400 647 575 708; x_wconf 84' lang='lat' dir='ltr'>Haec</span> <span class='ocrx_word' id='word_1_15' title='bbox 623 651 722 708; x_wconf 85' lang='lat' dir='ltr'>est</span> <span class='ocrx_word' id='word_1_16' title='bbox 765 645 1116 709; x_wconf 87' lang='lat' dir='ltr'>christiana</span> <span class='ocrx_word' id='word_1_17' title='bbox 1151 645 1482 708; x_wconf 86' lang='lat' dir='ltr'>modestia.</span> <span class='ocrx_word' id='word_1_18' title='bbox 1574 643 2153 726; x_wconf 79' lang='lat' dir='ltr'>Eloquentissimus</span> <span class='ocrx_word' id='word_1_19' title='bbox 2184 645 2421 710; x_wconf 88' lang='lat' dir='ltr'>Paulus</span> <span class='ocrx_word' id='word_1_20' title='bbox 2453 648 2661 712; x_wconf 90' lang='lat' dir='ltr'>detra-</span> 
     </span>
     <span class='ocr_line' id='line_1_4' title="bbox 399 729 2655 811; baseline 0.002 -18"><span class='ocrx_word' id='word_1_21' title='bbox 399 731 500 794; x_wconf 88' lang='lat' dir='ltr'>hit</span> <span class='ocrx_word' id='word_1_22' title='bbox 569 731 692 792; x_wconf 90' lang='lat' dir='ltr'>sibi</span> <span class='ocrx_word' id='word_1_23' title='bbox 759 731 1010 794; x_wconf 88' lang='lat' dir='ltr'>laudem</span> <span class='ocrx_word' id='word_1_24' title='bbox 1079 731 1434 792; x_wconf 85' lang='lat' dir='ltr'>facundiae.</span> <span class='ocrx_word' id='word_1_25' title='bbox 1527 729 1636 792; x_wconf 87' lang='lat' dir='ltr'>Sic</span> <span class='ocrx_word' id='word_1_26' title='bbox 1681 734 1772 804; x_wconf 87' lang='lat' dir='ltr'>tu,</span> <span class='ocrx_word' id='word_1_27' title='bbox 1818 731 1913 792; x_wconf 86' lang='lat' dir='ltr'>vir</span> <span class='ocrx_word' id='word_1_28' title='bbox 1968 731 2335 811; x_wconf 78' lang='lat' dir='ltr'>apostolice,</span> <span class='ocrx_word' id='word_1_29' title='bbox 2404 737 2655 797; x_wconf 86' lang='lat' dir='ltr'>tantum</span> 
     </span>
     <span class='ocr_line' id='line_1_5' title="bbox 391 814 2659 896; baseline 0.002 -17"><span class='ocrx_word' id='word_1_30' title='bbox 391 817 604 879; x_wconf 60' lang='lat' dir='ltr'>rlatino</span> <span class='ocrx_word' id='word_1_31' title='bbox 653 816 870 878; x_wconf 78' lang='lat' dir='ltr'>valens</span> <span class='ocrx_word' id='word_1_32' title='bbox 915 817 1238 888; x_wconf 82' lang='lat' dir='ltr'>idiomate,</span> <span class='ocrx_word' id='word_1_33' title='bbox 1287 819 1597 894; x_wconf 86' lang='lat' dir='ltr'>quantum</span> <span class='ocrx_word' id='word_1_34' title='bbox 1647 814 1753 878; x_wconf 83' lang='lat' dir='ltr'>ille</span> <span class='ocrx_word' id='word_1_35' title='bbox 1798 836 2022 894; x_wconf 86' lang='lat' dir='ltr'>graeco</span> <span class='ocrx_word' id='word_1_36' title='bbox 2055 818 2441 896; x_wconf 75' lang='lat' dir='ltr'>praestabat.</span> <span class='ocrx_word' id='word_1_37' title='bbox 2518 819 2659 883; x_wconf 89' lang='lat' dir='ltr'>Non</span> 
     </span>
     <span class='ocr_line' id='line_1_6' title="bbox 403 899 2661 982; baseline 0.001 -18"><span class='ocrx_word' id='word_1_38' title='bbox 403 907 502 964; x_wconf 88' lang='lat' dir='ltr'>est</span> <span class='ocrx_word' id='word_1_39' title='bbox 547 901 762 980; x_wconf 87' lang='lat' dir='ltr'>igitur,</span> <span class='ocrx_word' id='word_1_40' title='bbox 811 906 885 962; x_wconf 87' lang='lat' dir='ltr'>ut</span> <span class='ocrx_word' id='word_1_41' title='bbox 929 900 1044 962; x_wconf 90' lang='lat' dir='ltr'>tali</span> <span class='ocrx_word' id='word_1_42' title='bbox 1091 899 1358 982; x_wconf 87' lang='lat' dir='ltr'>posthac</span> <span class='ocrx_word' id='word_1_43' title='bbox 1411 900 1615 964; x_wconf 86' lang='lat' dir='ltr'>utaris</span> <span class='ocrx_word' id='word_1_44' title='bbox 1670 900 2053 962; x_wconf 80' lang='lat' dir='ltr'>defensione.</span> <span class='ocrx_word' id='word_1_45' title='bbox 2149 901 2255 963; x_wconf 87' lang='lat' dir='ltr'>Vel</span> <span class='ocrx_word' id='word_1_46' title='bbox 2302 904 2354 964; x_wconf 91' lang='lat' dir='ltr'>si</span> <span class='ocrx_word' id='word_1_47' title='bbox 2400 906 2661 967; x_wconf 88' lang='lat' dir='ltr'>omnino</span> 
     </span>
     <span class='ocr_line' id='line_1_7' title="bbox 405 985 2662 1072; baseline 0.002 -24"><span class='ocrx_word' id='word_1_48' title='bbox 405 986 682 1066; x_wconf 87' lang='lat' dir='ltr'>gaudere</span> <span class='ocrx_word' id='word_1_49' title='bbox 728 987 824 1048; x_wconf 89' lang='lat' dir='ltr'>vis</span> <span class='ocrx_word' id='word_1_50' title='bbox 869 985 1282 1066; x_wconf 89' lang='lat' dir='ltr'>simplicitate</span> <span class='ocrx_word' id='word_1_51' title='bbox 1327 985 1683 1061; x_wconf 80' lang='lat' dir='ltr'>verborum,</span> <span class='ocrx_word' id='word_1_52' title='bbox 1718 989 1969 1064; x_wconf 88' lang='lat' dir='ltr'>praesta</span> <span class='ocrx_word' id='word_1_53' title='bbox 2000 985 2225 1048; x_wconf 86' lang='lat' dir='ltr'>salt-em</span> <span class='ocrx_word' id='word_1_54' title='bbox 2257 987 2345 1068; x_wconf 92' lang='lat' dir='ltr'>pii</span> <span class='ocrx_word' id='word_1_55' title='bbox 2379 988 2662 1072; x_wconf 86' lang='lat' dir='ltr'>theologi</span> 
     </span>
     <span class='ocr_line' id='line_1_8' title="bbox 404 1070 2662 1152; baseline 0.001 -18"><span class='ocrx_word' id='word_1_56' title='bbox 404 1070 828 1151; x_wconf 83' lang='lat' dir='ltr'>disciplinam,</span> <span class='ocrx_word' id='word_1_57' title='bbox 875 1091 1004 1150; x_wconf 88' lang='lat' dir='ltr'>qua</span> <span class='ocrx_word' id='word_1_58' title='bbox 1047 1070 1192 1151; x_wconf 86' lang='lat' dir='ltr'>plus</span> <span class='ocrx_word' id='word_1_59' title='bbox 1237 1070 1491 1151; x_wconf 85' lang='lat' dir='ltr'>quidem</span> <span class='ocrx_word' id='word_1_60' title='bbox 1550 1070 1826 1132; x_wconf 90' lang='lat' dir='ltr'>delector</span> <span class='ocrx_word' id='word_1_61' title='bbox 1870 1091 2061 1151; x_wconf 91' lang='lat' dir='ltr'>quam</span> <span class='ocrx_word' id='word_1_62' title='bbox 2108 1070 2271 1133; x_wconf 85' lang='lat' dir='ltr'>fucis</span> <span class='ocrx_word' id='word_1_63' title='bbox 2317 1078 2662 1152; x_wconf 86' lang='lat' dir='ltr'>oratorum,</span> 
     </span>
     <span class='ocr_line' id='line_1_9' title="bbox 400 1154 2662 1236; baseline 0.002 -18"><span class='ocrx_word' id='word_1_64' title='bbox 400 1159 478 1218; x_wconf 89' lang='lat' dir='ltr'>ut</span> <span class='ocrx_word' id='word_1_65' title='bbox 544 1154 814 1236; x_wconf 87' lang='lat' dir='ltr'>epistola</span> <span class='ocrx_word' id='word_1_66' title='bbox 887 1155 1216 1218; x_wconf 86' lang='lat' dir='ltr'>familiaris</span> <span class='ocrx_word' id='word_1_67' title='bbox 1291 1155 1585 1220; x_wconf 88' lang='lat' dir='ltr'>coelestis</span> <span class='ocrx_word' id='word_1_68' title='bbox 1658 1155 1903 1236; x_wconf 86' lang='lat' dir='ltr'>fulgore</span> <span class='ocrx_word' id='word_1_69' title='bbox 1972 1155 2299 1219; x_wconf 83' lang='lat' dir='ltr'>doctrinae</span> <span class='ocrx_word' id='word_1_70' title='bbox 2365 1161 2662 1222; x_wconf 80' lang='lat' dir='ltr'>tenebras</span> 
     </span>
     <span class='ocr_line' id='line_1_10' title="bbox 407 1239 2665 1325; baseline 0.002 -22"><span class='ocrx_word' id='word_1_71' title='bbox 407 1244 658 1304; x_wconf 88' lang='lat' dir='ltr'>nostras</span> <span class='ocrx_word' id='word_1_72' title='bbox 703 1240 1042 1303; x_wconf 87' lang='lat' dir='ltr'>illuminet.</span> <span class='ocrx_word' id='word_1_73' title='bbox 1137 1239 1316 1317; x_wconf 88' lang='lat' dir='ltr'>Amo,</span> <span class='ocrx_word' id='word_1_74' title='bbox 1361 1262 1489 1303; x_wconf 89' lang='lat' dir='ltr'>non</span> <span class='ocrx_word' id='word_1_75' title='bbox 1539 1241 1829 1316; x_wconf 89' lang='lat' dir='ltr'>mentior,</span> <span class='ocrx_word' id='word_1_76' title='bbox 1878 1240 2378 1304; x_wconf 89' lang='lat' dir='ltr'>ecclesiasticum</span> <span class='ocrx_word' id='word_1_77' title='bbox 2433 1244 2665 1325; x_wconf 84' lang='lat' dir='ltr'>dogma</span> 
     </span>
     <span class='ocr_line' id='line_1_11' title="bbox 403 1325 2663 1411; baseline 0.002 -23"><span class='ocrx_word' id='word_1_78' title='bbox 403 1330 744 1406; x_wconf 87' lang='lat' dir='ltr'>cooptatus</span> <span class='ocrx_word' id='word_1_79' title='bbox 811 1326 877 1387; x_wconf 90' lang='lat' dir='ltr'>in</span> <span class='ocrx_word' id='word_1_80' title='bbox 942 1330 1175 1388; x_wconf 83' lang='lat' dir='ltr'>sortem</span> <span class='ocrx_word' id='word_1_81' title='bbox 1245 1325 1505 1388; x_wconf 89' lang='lat' dir='ltr'>domini.</span> <span class='ocrx_word' id='word_1_82' title='bbox 1619 1325 1755 1400; x_wconf 88' lang='lat' dir='ltr'>Quo</span> <span class='ocrx_word' id='word_1_83' title='bbox 1824 1326 1918 1402; x_wconf 88' lang='lat' dir='ltr'>fit,</span> <span class='ocrx_word' id='word_1_84' title='bbox 1990 1330 2063 1388; x_wconf 91' lang='lat' dir='ltr'>ut</span> <span class='ocrx_word' id='word_1_85' title='bbox 2122 1327 2373 1409; x_wconf 87' lang='lat' dir='ltr'>ineptos</span> <span class='ocrx_word' id='word_1_86' title='bbox 2441 1335 2663 1411; x_wconf 86' lang='lat' dir='ltr'>poetas</span> 
     </span>
     <span class='ocr_line' id='line_1_12' title="bbox 403 1411 2665 1495; baseline 0.002 -21"><span class='ocrx_word' id='word_1_87' title='bbox 403 1413 697 1474; x_wconf 91' lang='lat' dir='ltr'>detester.</span> <span class='ocrx_word' id='word_1_88' title='bbox 790 1411 1032 1492; x_wconf 85' lang='lat' dir='ltr'>Legisti</span> <span class='ocrx_word' id='word_1_89' title='bbox 1063 1432 1100 1473; x_wconf 92' lang='lat' dir='ltr'>o</span> <span class='ocrx_word' id='word_1_90' title='bbox 1147 1433 1224 1474; x_wconf 83' lang='lat' dir='ltr'>us</span> <span class='ocrx_word' id='word_1_91' title='bbox 1258 1411 1576 1474; x_wconf 85' lang='lat' dir='ltr'>Hermolai</span> <span class='ocrx_word' id='word_1_92' title='bbox 1608 1412 1886 1493; x_wconf 86' lang='lat' dir='ltr'>episcopi</span> <span class='ocrx_word' id='word_1_93' title='bbox 1920 1412 2344 1474; x_wconf 86' lang='lat' dir='ltr'>Veronensis.¹</span> <span class='ocrx_word' id='word_1_94' title='bbox 2423 1413 2665 1495; x_wconf 86' lang='lat' dir='ltr'>Legisti</span> 
     </span>
     <span class='ocr_line' id='line_1_13' title="bbox 405 1495 2665 1581; baseline 0.003 -23"><span class='ocrx_word' id='word_1_95' title='bbox 405 1495 744 1578; x_wconf 88' lang='lat' dir='ltr'>epistolam</span> <span class='ocrx_word' id='word_1_96' title='bbox 793 1495 1102 1577; x_wconf 85' lang='lat' dir='ltr'>Campani</span> <span class='ocrx_word' id='word_1_97' title='bbox 1179 1496 1496 1558; x_wconf 90' lang='lat' dir='ltr'>antistitis</span> <span class='ocrx_word' id='word_1_98' title='bbox 1537 1495 1851 1576; x_wconf 84' lang='lat' dir='ltr'>Aprutini.</span> <span class='ocrx_word' id='word_1_99' title='bbox 1943 1497 2034 1560; x_wconf 86' lang='lat' dir='ltr'>De</span> <span class='ocrx_word' id='word_1_100' title='bbox 2079 1519 2153 1558; x_wconf 82' lang='lat' dir='ltr'>ea</span> <span class='ocrx_word' id='word_1_101' title='bbox 2196 1497 2439 1577; x_wconf 90' lang='lat' dir='ltr'>loquor,</span> <span class='ocrx_word' id='word_1_102' title='bbox 2502 1522 2665 1581; x_wconf 87' lang='lat' dir='ltr'>quae</span> 
     </span>
     <span class='ocr_line' id='line_1_14' title="bbox 403 1581 2664 1666; baseline 0.002 -22"><span class='ocrx_word' id='word_1_103' title='bbox 403 1587 522 1658; x_wconf 83' lang='lat' dir='ltr'>est,</span> <span class='ocrx_word' id='word_1_104' title='bbox 567 1584 642 1644; x_wconf 93' lang='lat' dir='ltr'>ut</span> <span class='ocrx_word' id='word_1_105' title='bbox 685 1585 863 1664; x_wconf 89' lang='lat' dir='ltr'>put0,</span> <span class='ocrx_word' id='word_1_106' title='bbox 908 1581 1045 1644; x_wconf 88' lang='lat' dir='ltr'>XII.</span> <span class='ocrx_word' id='word_1_107' title='bbox 1094 1581 1506 1663; x_wconf 84' lang='lat' dir='ltr'>epistolarum</span> <span class='ocrx_word' id='word_1_108' title='bbox 1537 1581 1661 1643; x_wconf 91' lang='lat' dir='ltr'>.lib.</span> <span class='ocrx_word' id='word_1_109' title='bbox 1710 1581 1845 1643; x_wconf 92' lang='lat' dir='ltr'><strong>IIII.</strong></span> <span class='ocrx_word' id='word_1_110' title='bbox 1936 1581 2070 1662; x_wconf 88' lang='lat' dir='ltr'>Ego</span> <span class='ocrx_word' id='word_1_111' title='bbox 2116 1582 2458 1646; x_wconf 79' lang='lat' dir='ltr'>stultitiam</span> <span class='ocrx_word' id='word_1_112' title='bbox 2504 1607 2664 1666; x_wconf 90' lang='lat' dir='ltr'>quo-</span> 
     </span>
     <span class='ocr_line' id='line_1_15' title="bbox 403 1663 2668 1748; baseline 0.002 -19"><span class='ocrx_word' id='word_1_113' title='bbox 403 1667 692 1740; x_wconf 90' lang='lat' dir='ltr'>rundam,</span> <span class='ocrx_word' id='word_1_114' title='bbox 750 1667 859 1746; x_wconf 90' lang='lat' dir='ltr'>qui</span> <span class='ocrx_word' id='word_1_115' title='bbox 915 1667 1042 1732; x_wconf 89' lang='lat' dir='ltr'>sibi</span> <span class='ocrx_word' id='word_1_116' title='bbox 1098 1666 1377 1729; x_wconf 86' lang='lat' dir='ltr'>lauream</span> <span class='ocrx_word' id='word_1_117' title='bbox 1439 1663 1827 1743; x_wconf 80' lang='lat' dir='ltr'>assumunt,⁸</span> <span class='ocrx_word' id='word_1_118' title='bbox 1874 1687 2059 1748; x_wconf 85' lang='lat' dir='ltr'>aegre</span> <span class='ocrx_word' id='word_1_119' title='bbox 2104 1666 2255 1746; x_wconf 79' lang='lat' dir='ltr'>fem,</span> <span class='ocrx_word' id='word_1_120' title='bbox 2302 1672 2377 1731; x_wconf 86' lang='lat' dir='ltr'>ut</span> <span class='ocrx_word' id='word_1_121' title='bbox 2420 1675 2668 1734; x_wconf 87' lang='lat' dir='ltr'>amator</span> 
     </span>
     <span class='ocr_line' id='line_1_16' title="bbox 403 1749 2664 1833; baseline 0.002 -19"><span class='ocrx_word' id='word_1_122' title='bbox 403 1757 700 1815; x_wconf 86' lang='lat' dir='ltr'>aeternae</span> <span class='ocrx_word' id='word_1_123' title='bbox 774 1752 1083 1816; x_wconf 68' lang='lat' dir='ltr'>veritatis</span> <span class='ocrx_word' id='word_1_124' title='bbox 1206 1749 1487 1833; x_wconf 89' lang='lat' dir='ltr'>Culpant</span> <span class='ocrx_word' id='word_1_125' title='bbox 1559 1750 1913 1831; x_wconf 86' lang='lat' dir='ltr'>theologos,</span> <span class='ocrx_word' id='word_1_126' title='bbox 1990 1752 2187 1814; x_wconf 85' lang='lat' dir='ltr'>sacris</span> <span class='ocrx_word' id='word_1_127' title='bbox 2260 1754 2461 1816; x_wconf 89' lang='lat' dir='ltr'>literis</span> <span class='ocrx_word' id='word_1_128' title='bbox 2540 1778 2664 1819; x_wconf 90' lang='lat' dir='ltr'>non</span> 
     </span>
     <span class='ocr_line' id='line_1_17' title="bbox 407 1835 2666 1920; baseline 0.001 -20"><span class='ocrx_word' id='word_1_129' title='bbox 407 1837 676 1900; x_wconf 87' lang='lat' dir='ltr'>credunt</span> <span class='ocrx_word' id='word_1_130' title='bbox 720 1838 1008 1900; x_wconf 87' lang='lat' dir='ltr'>viventes</span> <span class='ocrx_word' id='word_1_131' title='bbox 1055 1837 1495 1917; x_wconf 82' lang='lat' dir='ltr'>perditissime.</span> <span class='ocrx_word' id='word_1_132' title='bbox 1588 1835 1735 1899; x_wconf 88' lang='lat' dir='ltr'>Scio</span> <span class='ocrx_word' id='word_1_133' title='bbox 1768 1837 1903 1916; x_wconf 89' lang='lat' dir='ltr'>pari</span> <span class='ocrx_word' id='word_1_134' title='bbox 1937 1837 2273 1901; x_wconf 88' lang='lat' dir='ltr'>maledicto</span> <span class='ocrx_word' id='word_1_135' title='bbox 2320 1839 2666 1920; x_wconf 87' lang='lat' dir='ltr'>subjacere,</span> 
     </span>
     <span class='ocr_line' id='line_1_18' title="bbox 405 1921 2665 2006; baseline 0.002 -21"><span class='ocrx_word' id='word_1_136' title='bbox 405 1924 516 2002; x_wconf 92' lang='lat' dir='ltr'>qui</span> <span class='ocrx_word' id='word_1_137' title='bbox 563 1922 730 1988; x_wconf 85' lang='lat' dir='ltr'>bona</span> <span class='ocrx_word' id='word_1_138' title='bbox 777 1923 946 1984; x_wconf 88' lang='lat' dir='ltr'>mala</span> <span class='ocrx_word' id='word_1_139' title='bbox 1005 1922 1248 1996; x_wconf 89' lang='lat' dir='ltr'>dicunt,</span> <span class='ocrx_word' id='word_1_140' title='bbox 1297 1926 1361 1984; x_wconf 88' lang='lat' dir='ltr'>et</span> <span class='ocrx_word' id='word_1_141' title='bbox 1403 1922 1547 1985; x_wconf 79' lang='lat' dir='ltr'>illos</span> <span class='ocrx_word' id='word_1_142' title='bbox 1604 1922 1717 2002; x_wconf 90' lang='lat' dir='ltr'>qui</span> <span class='ocrx_word' id='word_1_143' title='bbox 1759 1923 1928 1984; x_wconf 89' lang='lat' dir='ltr'>mala</span> <span class='ocrx_word' id='word_1_144' title='bbox 1975 1921 2141 1984; x_wconf 89' lang='lat' dir='ltr'>bona</span> <span class='ocrx_word' id='word_1_145' title='bbox 2182 1923 2494 2004; x_wconf 86' lang='lat' dir='ltr'>judicant,</span> <span class='ocrx_word' id='word_1_146' title='bbox 2557 1928 2665 2006; x_wconf 92' lang='lat' dir='ltr'>qui</span> 
     </span>
     <span class='ocr_line' id='line_1_19' title="bbox 405 2007 2663 2088; baseline 0.002 -18"><span class='ocrx_word' id='word_1_147' title='bbox 405 2007 654 2074; x_wconf 84' lang='lat' dir='ltr'>faciunt</span> <span class='ocrx_word' id='word_1_148' title='bbox 705 2029 989 2070; x_wconf 86' lang='lat' dir='ltr'>amarum</span> <span class='ocrx_word' id='word_1_149' title='bbox 1039 2007 1222 2070; x_wconf 84' lang='lat' dir='ltr'>dulce</span> <span class='ocrx_word' id='word_1_150' title='bbox 1269 2012 1334 2070; x_wconf 87' lang='lat' dir='ltr'>et</span> <span class='ocrx_word' id='word_1_151' title='bbox 1379 2007 1561 2070; x_wconf 86' lang='lat' dir='ltr'>dulce</span> <span class='ocrx_word' id='word_1_152' title='bbox 1621 2028 1922 2070; x_wconf 88' lang='lat' dir='ltr'>amarum.</span> <span class='ocrx_word' id='word_1_153' title='bbox 2015 2007 2149 2088; x_wconf 88' lang='lat' dir='ltr'>Ego</span> <span class='ocrx_word' id='word_1_154' title='bbox 2209 2009 2301 2072; x_wconf 90' lang='lat' dir='ltr'>sic</span> <span class='ocrx_word' id='word_1_155' title='bbox 2360 2011 2663 2075; x_wconf 87' lang='lat' dir='ltr'>decerno:</span> 
     </span>
     <span class='ocr_line' id='line_1_20' title="bbox 407 2092 2667 2174; baseline 0.002 -20"><span class='ocrx_word' id='word_1_156' title='bbox 407 2092 714 2172; x_wconf 82' lang='lat' dir='ltr'>legendos</span> <span class='ocrx_word' id='word_1_157' title='bbox 758 2113 894 2154; x_wconf 88' lang='lat' dir='ltr'>esse</span> <span class='ocrx_word' id='word_1_158' title='bbox 941 2093 1006 2155; x_wconf 91' lang='lat' dir='ltr'>in</span> <span class='ocrx_word' id='word_1_159' title='bbox 1055 2096 1265 2154; x_wconf 84' lang='lat' dir='ltr'>aetate</span> <span class='ocrx_word' id='word_1_160' title='bbox 1312 2093 1512 2172; x_wconf 86' lang='lat' dir='ltr'>prima</span> <span class='ocrx_word' id='word_1_161' title='bbox 1560 2092 1824 2173; x_wconf 91' lang='lat' dir='ltr'>pudicos</span> <span class='ocrx_word' id='word_1_162' title='bbox 1869 2098 2109 2174; x_wconf 83' lang='lat' dir='ltr'>poetas,</span> <span class='ocrx_word' id='word_1_163' title='bbox 2145 2095 2457 2158; x_wconf 85' lang='lat' dir='ltr'>sacerdoti</span> <span class='ocrx_word' id='word_1_164' title='bbox 2490 2097 2667 2160; x_wconf 86' lang='lat' dir='ltr'>nullo</span> 
     </span>
     <span class='ocr_line' id='line_1_21' title="bbox 412 2177 2668 2261; baseline 0.002 -21"><span class='ocrx_word' id='word_1_165' title='bbox 412 2178 596 2242; x_wconf 87' lang='lat' dir='ltr'>modo</span> <span class='ocrx_word' id='word_1_166' title='bbox 643 2178 962 2258; x_wconf 74' lang='lat' dir='ltr'>legendos,</span> <span class='ocrx_word' id='word_1_167' title='bbox 1041 2178 1307 2252; x_wconf 84' lang='lat' dir='ltr'>Quaeris</span> <span class='ocrx_word' id='word_1_168' title='bbox 1352 2177 1545 2258; x_wconf 85' lang='lat' dir='ltr'>hujus</span> <span class='ocrx_word' id='word_1_169' title='bbox 1589 2179 1945 2261; x_wconf 89' lang='lat' dir='ltr'>sententiae</span> <span class='ocrx_word' id='word_1_170' title='bbox 1981 2179 2437 2242; x_wconf 89' lang='lat' dir='ltr'>testimonium.</span> <span class='ocrx_word' id='word_1_171' title='bbox 2516 2182 2668 2245; x_wconf 90' lang='lat' dir='ltr'>Pro—</span> 
     </span>
     <span class='ocr_line' id='line_1_22' title="bbox 408 2262 2669 2346; baseline 0.003 -22"><span class='ocrx_word' id='word_1_172' title='bbox 408 2263 542 2328; x_wconf 84' lang='lat' dir='ltr'>fero</span> <span class='ocrx_word' id='word_1_173' title='bbox 589 2263 1036 2326; x_wconf 86' lang='lat' dir='ltr'>auctoritatem</span> <span class='ocrx_word' id='word_1_174' title='bbox 1086 2263 1451 2343; x_wconf 83' lang='lat' dir='ltr'>Hieronymi</span> <span class='ocrx_word' id='word_1_175' title='bbox 1498 2269 1563 2324; x_wconf 87' lang='lat' dir='ltr'>et</span> <span class='ocrx_word' id='word_1_176' title='bbox 1607 2262 1973 2342; x_wconf 81' lang='lat' dir='ltr'>Augustini,</span> <span class='ocrx_word' id='word_1_177' title='bbox 2030 2285 2299 2345; x_wconf 90' lang='lat' dir='ltr'>quorum</span> <span class='ocrx_word' id='word_1_178' title='bbox 2359 2269 2669 2346; x_wconf 86' lang='lat' dir='ltr'>posterior</span> 
     </span>
     <span class='ocr_line' id='line_1_23' title="bbox 405 2348 2669 2432; baseline 0.002 -20"><span class='ocrx_word' id='word_1_179' title='bbox 405 2349 674 2418; x_wconf 86' lang='lat' dir='ltr'>damnat</span> <span class='ocrx_word' id='word_1_180' title='bbox 720 2349 1085 2430; x_wconf 90' lang='lat' dir='ltr'>episcopum</span> <span class='ocrx_word' id='word_1_181' title='bbox 1133 2353 1557 2430; x_wconf 83' lang='lat' dir='ltr'>exponentem</span> <span class='ocrx_word' id='word_1_182' title='bbox 1599 2353 1892 2410; x_wconf 88' lang='lat' dir='ltr'>auctores</span> <span class='ocrx_word' id='word_1_183' title='bbox 1922 2348 2232 2427; x_wconf 79' lang='lat' dir='ltr'>ethnicos,</span> <span class='ocrx_word' id='word_1_184' title='bbox 2266 2352 2433 2432; x_wconf 90' lang='lat' dir='ltr'>prior</span> <span class='ocrx_word' id='word_1_185' title='bbox 2464 2374 2612 2416; x_wconf 88' lang='lat' dir='ltr'>vero</span> <span class='ocrx_word' id='word_1_186' title='bbox 2641 2365 2669 2393; x_wconf 72' lang='lat'>⁸⁴</span> 
     </span>
     <span class='ocr_line' id='line_1_24' title="bbox 405 2431 2668 2515; baseline 0.002 -19"><span class='ocrx_word' id='word_1_187' title='bbox 405 2434 500 2496; x_wconf 87' lang='lat' dir='ltr'>sic</span> <span class='ocrx_word' id='word_1_188' title='bbox 548 2433 862 2514; x_wconf 88' lang='lat' dir='ltr'>loquitur:</span> <span class='ocrx_word' id='word_1_189' title='bbox 916 2431 1119 2515; x_wconf 83' lang='lat' dir='ltr'>„Quid</span> <span class='ocrx_word' id='word_1_190' title='bbox 1165 2432 1322 2496; x_wconf 84' lang='lat' dir='ltr'>facit</span> <span class='ocrx_word' id='word_1_191' title='bbox 1367 2455 1509 2495; x_wconf 89' lang='lat' dir='ltr'>cum</span> <span class='ocrx_word' id='word_1_192' title='bbox 1557 2433 1868 2497; x_wconf 85' lang='lat' dir='ltr'>Psalterio</span> <span class='ocrx_word' id='word_1_193' title='bbox 1914 2433 2236 2512; x_wconf 81' lang='lat' dir='ltr'>HoratiuS,</span> <span class='ocrx_word' id='word_1_194' title='bbox 2284 2458 2425 2499; x_wconf 86' lang='lat' dir='ltr'>cum</span> <span class='ocrx_word' id='word_1_195' title='bbox 2462 2437 2668 2501; x_wconf 85' lang='lat' dir='ltr'>Evan-</span> 
     </span>
     <span class='ocr_line' id='line_1_25' title="bbox 369 2516 2664 2601; baseline 0.003 -20"><span class='ocrx_word' id='word_1_196' title='bbox 369 2538 373 2541; x_wconf 69' lang='grc'><strong>’</strong></span> <span class='ocrx_word' id='word_1_197' title='bbox 407 2519 592 2601; x_wconf 87' lang='lat' dir='ltr'>geliis</span> <span class='ocrx_word' id='word_1_198' title='bbox 637 2518 833 2593; x_wconf 64' lang='grc' dir='ltr'>Μαι-ο,</span> <span class='ocrx_word' id='word_1_199' title='bbox 882 2541 1022 2581; x_wconf 91' lang='lat' dir='ltr'>cum</span> <span class='ocrx_word' id='word_1_200' title='bbox 1057 2518 1378 2599; x_wconf 84' lang='lat' dir='ltr'>Apostolis</span> <span class='ocrx_word' id='word_1_201' title='bbox 1413 2516 1631 2581; x_wconf 87' lang='lat' dir='ltr'>Cicero</span> <span class='ocrx_word' id='word_1_202' title='bbox 1648 2517 1717 2581; x_wconf 87' lang='lat'>‘?“</span> <span class='ocrx_word' id='word_1_203' title='bbox 1756 2526 1819 2581; x_wconf 87' lang='lat' dir='ltr'>et</span> <span class='ocrx_word' id='word_1_204' title='bbox 1850 2519 1932 2582; x_wconf 88' lang='lat' dir='ltr'>ad</span> <span class='ocrx_word' id='word_1_205' title='bbox 1961 2520 2303 2583; x_wconf 85' lang='lat' dir='ltr'>Damasum</span> <span class='ocrx_word' id='word_1_206' title='bbox 2353 2523 2664 2587; x_wconf 82' lang='lat' dir='ltr'>scribens:</span> 
     </span>
     <span class='ocr_line' id='line_1_26' title="bbox 415 2604 2666 2687; baseline 0.002 -21"><span class='ocrx_word' id='word_1_207' title='bbox 415 2605 850 2685; x_wconf 86' lang='lat' dir='ltr'>„Daemonum</span> <span class='ocrx_word' id='word_1_208' title='bbox 899 2604 1079 2666; x_wconf 87' lang='lat' dir='ltr'>cibus</span> <span class='ocrx_word' id='word_1_209' title='bbox 1113 2608 1210 2665; x_wconf 86' lang='lat' dir='ltr'>est</span> <span class='ocrx_word' id='word_1_210' title='bbox 1241 2604 1522 2666; x_wconf 87' lang='lat' dir='ltr'>carmina</span> <span class='ocrx_word' id='word_1_211' title='bbox 1569 2604 1957 2685; x_wconf 88' lang='lat' dir='ltr'>poetarum.“</span> <span class='ocrx_word' id='word_1_212' title='bbox 2037 2606 2275 2687; x_wconf 87' lang='lat' dir='ltr'>Excipe</span> <span class='ocrx_word' id='word_1_213' title='bbox 2304 2606 2666 2687; x_wconf 88' lang='lat' dir='ltr'>Baptistam</span> 
     </span>
     <span class='ocr_line' id='line_1_27' title="bbox 408 2689 2669 2769; baseline 0.003 -18"><span class='ocrx_word' id='word_1_214' title='bbox 408 2689 850 2766; x_wconf 85' lang='lat' dir='ltr'>Mantuanum,</span> <span class='ocrx_word' id='word_1_215' title='bbox 898 2690 1008 2769; x_wconf 90' lang='lat' dir='ltr'>qui</span> <span class='ocrx_word' id='word_1_216' title='bbox 1039 2690 1328 2767; x_wconf 76' lang='lat' dir='ltr'>virtuteS,</span> <span class='ocrx_word' id='word_1_217' title='bbox 1363 2710 1490 2752; x_wconf 90' lang='lat' dir='ltr'>non</span> <span class='ocrx_word' id='word_1_218' title='bbox 1526 2690 1715 2751; x_wconf 89' lang='lat' dir='ltr'>etiam</span> <span class='ocrx_word' id='word_1_219' title='bbox 1753 2690 1909 2752; x_wconf 84' lang='lat' dir='ltr'>vitia</span> <span class='ocrx_word' id='word_1_220' title='bbox 1944 2695 2269 2769; x_wconf 86' lang='lat' dir='ltr'>poetarum</span> <span class='ocrx_word' id='word_1_221' title='bbox 2313 2694 2669 2757; x_wconf 88' lang='lat' dir='ltr'>aemulatur</span> 
     </span>
     <span class='ocr_line' id='line_1_28' title="bbox 410 2774 2668 2859; baseline 0.002 -21"><span class='ocrx_word' id='word_1_222' title='bbox 410 2779 476 2838; x_wconf 92' lang='lat' dir='ltr'>et</span> <span class='ocrx_word' id='word_1_223' title='bbox 538 2797 723 2837; x_wconf 86' lang='lat' dir='ltr'>verus</span> <span class='ocrx_word' id='word_1_224' title='bbox 789 2774 1106 2837; x_wconf 79' lang='lat' dir='ltr'>israelites</span> <span class='ocrx_word' id='word_1_225' title='bbox 1172 2776 1356 2838; x_wconf 87' lang='lat' dir='ltr'>uxori</span> <span class='ocrx_word' id='word_1_226' title='bbox 1423 2776 1717 2856; x_wconf 89' lang='lat' dir='ltr'>captivae</span> <span class='ocrx_word' id='word_1_227' title='bbox 1784 2775 2111 2838; x_wconf 87' lang='lat' dir='ltr'>calvitium</span> <span class='ocrx_word' id='word_1_228' title='bbox 2179 2776 2351 2855; x_wconf 87' lang='lat' dir='ltr'>facit,</span> <span class='ocrx_word' id='word_1_229' title='bbox 2421 2800 2668 2859; x_wconf 85' lang='lat' dir='ltr'>ungues</span> 
     </span>
     <span class='ocr_line' id='line_1_29' title="bbox 407 2857 2669 2942; baseline 0.002 -19"><span class='ocrx_word' id='word_1_230' title='bbox 407 2864 756 2942; x_wconf 85' lang='lat' dir='ltr'>praesecat,</span> <span class='ocrx_word' id='word_1_231' title='bbox 804 2857 966 2940; x_wconf 91' lang='lat' dir='ltr'>pilos</span> <span class='ocrx_word' id='word_1_232' title='bbox 1012 2858 1238 2935; x_wconf 84' lang='lat' dir='ltr'>aufert,</span> <span class='ocrx_word' id='word_1_233' title='bbox 1285 2864 1358 2922; x_wconf 87' lang='lat' dir='ltr'>ut</span> <span class='ocrx_word' id='word_1_234' title='bbox 1405 2881 1560 2941; x_wconf 90' lang='lat' dir='ltr'>pura</span> <span class='ocrx_word' id='word_1_235' title='bbox 1606 2864 1764 2941; x_wconf 88' lang='lat' dir='ltr'>puta</span> <span class='ocrx_word' id='word_1_236' title='bbox 1825 2861 1961 2923; x_wconf 89' lang='lat' dir='ltr'>sine</span> <span class='ocrx_word' id='word_1_237' title='bbox 2016 2862 2310 2925; x_wconf 89' lang='lat' dir='ltr'>sordibus</span> <span class='ocrx_word' id='word_1_238' title='bbox 2379 2863 2669 2929; x_wconf 87' lang='lat' dir='ltr'>foveatur</span> 
     </span>
     <span class='ocr_line' id='line_1_30' title="bbox 413 2944 2667 3031; baseline 0.003 -24"><span class='ocrx_word' id='word_1_239' title='bbox 413 2948 478 3007; x_wconf 90' lang='lat' dir='ltr'>in</span> <span class='ocrx_word' id='word_1_240' title='bbox 510 2946 538 2984; x_wconf 78' lang='lat'>¹³</span> <span class='ocrx_word' id='word_1_241' title='bbox 586 2945 900 3027; x_wconf 80' lang='lat' dir='ltr'>amplexu,</span> <span class='ocrx_word' id='word_1_242' title='bbox 991 2944 1229 3007; x_wconf 87' lang='lat' dir='ltr'>Nasum</span> <span class='ocrx_word' id='word_1_243' title='bbox 1279 2944 1563 3025; x_wconf 81' lang='lat' dir='ltr'>profecto</span> <span class='ocrx_word' id='word_1_244' title='bbox 1610 2965 1736 3007; x_wconf 91' lang='lat' dir='ltr'>non</span> <span class='ocrx_word' id='word_1_245' title='bbox 1784 2945 1998 3021; x_wconf 84' lang='lat' dir='ltr'>habet,</span> <span class='ocrx_word' id='word_1_246' title='bbox 2046 2948 2156 3028; x_wconf 91' lang='lat' dir='ltr'>qui</span> <span class='ocrx_word' id='word_1_247' title='bbox 2202 2948 2445 3011; x_wconf 88' lang='lat' dir='ltr'>illotam</span> <span class='ocrx_word' id='word_1_248' title='bbox 2507 2951 2667 3031; x_wconf 91' lang='lat' dir='ltr'>pilo—</span> 
     </span>
     <span class='ocr_line' id='line_1_31' title="bbox 409 3028 2663 3113; baseline 0.003 -22"><span class='ocrx_word' id='word_1_249' title='bbox 409 3051 673 3110; x_wconf 85' lang='lat' dir='ltr'>samque</span> <span class='ocrx_word' id='word_1_250' title='bbox 720 3029 934 3092; x_wconf 85' lang='lat' dir='ltr'>futuit.</span> <span class='ocrx_word' id='word_1_251' title='bbox 1029 3028 1134 3093; x_wconf 86' lang='lat' dir='ltr'>Sic</span> <span class='ocrx_word' id='word_1_252' title='bbox 1195 3031 1304 3110; x_wconf 89' lang='lat' dir='ltr'>qui</span> <span class='ocrx_word' id='word_1_253' title='bbox 1361 3030 1857 3110; x_wconf 87' lang='lat' dir='ltr'>graveolentiam</span> <span class='ocrx_word' id='word_1_254' title='bbox 1912 3033 2121 3113; x_wconf 87' lang='lat' dir='ltr'>spurci</span> <span class='ocrx_word' id='word_1_255' title='bbox 2179 3035 2477 3097; x_wconf 88' lang='lat' dir='ltr'>carminis</span> <span class='ocrx_word' id='word_1_256' title='bbox 2538 3057 2663 3098; x_wconf 87' lang='lat' dir='ltr'>non</span> 
     </span>
     <span class='ocr_line' id='line_1_32' title="bbox 409 3114 2670 3206; baseline 0.003 -29"><span class='ocrx_word' id='word_1_257' title='bbox 409 3116 630 3191; x_wconf 85' lang='lat' dir='ltr'>sentit,</span> <span class='ocrx_word' id='word_1_258' title='bbox 675 3115 1132 3206; x_wconf 59' lang='lat' dir='ltr'>rheumatismo</span> <span class='ocrx_word' id='word_1_259' title='bbox 1179 3115 1449 3178; x_wconf 88' lang='lat' dir='ltr'>laborat.</span> <span class='ocrx_word' id='word_1_260' title='bbox 1541 3114 1815 3179; x_wconf 85' lang='lat' dir='ltr'>Sanctos</span> <span class='ocrx_word' id='word_1_261' title='bbox 1850 3116 1907 3179; x_wconf 90' lang='lat' dir='ltr'>h.</span> <span class='ocrx_word' id='word_1_262' title='bbox 1944 3139 1994 3179; x_wconf 92' lang='lat' dir='ltr'>e.</span> <span class='ocrx_word' id='word_1_263' title='bbox 2033 3119 2305 3181; x_wconf 88' lang='lat' dir='ltr'>mundos</span> <span class='ocrx_word' id='word_1_264' title='bbox 2338 3120 2670 3203; x_wconf 23' lang='lat' dir='ltr'>purifica-ta</span> 
     </span>
     <span class='ocr_line' id='line_1_33' title="bbox 409 3201 2665 3283; baseline 0.002 -19"><span class='ocrx_word' id='word_1_265' title='bbox 409 3223 682 3282; x_wconf 86' lang='lat' dir='ltr'>rasaque</span> <span class='ocrx_word' id='word_1_266' title='bbox 757 3202 999 3263; x_wconf 88' lang='lat' dir='ltr'>decent.</span> <span class='ocrx_word' id='word_1_267' title='bbox 1113 3201 1454 3281; x_wconf 89' lang='lat' dir='ltr'>Nunquam</span> <span class='ocrx_word' id='word_1_268' title='bbox 1538 3201 1831 3263; x_wconf 87' lang='lat' dir='ltr'>revelabo</span> <span class='ocrx_word' id='word_1_269' title='bbox 1897 3201 2338 3283; x_wconf 87' lang='lat' dir='ltr'>theologorum</span> <span class='ocrx_word' id='word_1_270' title='bbox 2415 3228 2665 3283; x_wconf 88' lang='lat' dir='ltr'>arcana,</span> 
     </span>
     <span class='ocr_line' id='line_1_34' title="bbox 411 3285 2671 3368; baseline 0.001 -19"><span class='ocrx_word' id='word_1_271' title='bbox 411 3287 580 3368; x_wconf 88' lang='lat' dir='ltr'>quod</span> <span class='ocrx_word' id='word_1_272' title='bbox 629 3290 949 3367; x_wconf 87' lang='lat' dir='ltr'>poetaster</span> <span class='ocrx_word' id='word_1_273' title='bbox 1006 3285 1413 3349; x_wconf 81' lang='lat' dir='ltr'>Philoinusus</span> <span class='ocrx_word' id='word_1_274' title='bbox 1474 3286 1646 3349; x_wconf 85' lang='lat' dir='ltr'>facit.</span> <span class='ocrx_word' id='word_1_275' title='bbox 1736 3286 1992 3367; x_wconf 75' lang='lat' dir='ltr'>Jejunia</span> <span class='ocrx_word' id='word_1_276' title='bbox 2038 3293 2102 3351; x_wconf 86' lang='lat' dir='ltr'>et</span> <span class='ocrx_word' id='word_1_277' title='bbox 2145 3290 2465 3351; x_wconf 87' lang='lat' dir='ltr'>orationes</span> <span class='ocrx_word' id='word_1_278' title='bbox 2527 3291 2671 3353; x_wconf 88' lang='lat' dir='ltr'>libi-</span> 
     </span>
    </p>
   </div>
   <div class='ocr_carea' id='block_1_3' title="bbox 407 3424 822 3433">
    <p class='ocr_par' dir='ltr' id='par_1_3' title="bbox 407 3424 822 3433">
     <span class='ocr_line' id='line_1_35' title="bbox 407 3424 822 3433; baseline 0 1462"><span class='ocrx_word' id='word_1_279' title='bbox 407 3424 822 3433; x_wconf 95' lang='lat' dir='ltr'> </span> 
     </span>
    </p>
   </div>
   <div class='ocr_carea' id='block_1_4' title="bbox 411 3485 2674 4442">
    <p class='ocr_par' dir='ltr' id='par_1_4' title="bbox 550 3485 2007 3555">
     <span class='ocr_line' id='line_1_36' title="bbox 550 3485 2007 3555; baseline 0 -16"><span class='ocrx_word' id='word_1_280' title='bbox 550 3502 578 3529; x_wconf 77' lang='lat' dir='ltr'>a</span> <span class='ocrx_word' id='word_1_281' title='bbox 605 3488 782 3555; x_wconf 82' lang='lat' dir='ltr'>autem</span> <span class='ocrx_word' id='word_1_282' title='bbox 816 3492 950 3540; x_wconf 77' lang='lat' dir='ltr'>statt</span> <span class='ocrx_word' id='word_1_283' title='bbox 983 3503 1108 3539; x_wconf 83' lang='lat' dir='ltr'>vero</span> <span class='ocrx_word' id='word_1_284' title='bbox 1148 3486 1294 3538; x_wconf 68' lang='lat' dir='ltr'>Tenx.</span> <span class='ocrx_word' id='word_1_285' title='bbox 1436 3490 1464 3527; x_wconf 88' lang='lat' dir='ltr'>b</span> <span class='ocrx_word' id='word_1_286' title='bbox 1492 3486 1547 3538; x_wconf 91' lang='lat' dir='ltr'>in</span> <span class='ocrx_word' id='word_1_287' title='bbox 1580 3485 1707 3552; x_wconf 77' lang='lat' dir='ltr'>fehlt</span> <span class='ocrx_word' id='word_1_288' title='bbox 1742 3486 1825 3539; x_wconf 67' lang='lat' dir='ltr'>beo:</span> <span class='ocrx_word' id='word_1_289' title='bbox 1860 3486 2007 3539; x_wconf 62' lang='lat' dir='ltr'>Temo.</span> 
     </span>
    </p>

    <p class='ocr_par' dir='ltr' id='par_1_5' title="bbox 411 3554 2674 4442">
     <span class='ocr_line' id='line_1_37' title="bbox 556 3554 2599 3623; baseline 0.001 -15"><span class='ocrx_word' id='word_1_290' title='bbox 556 3558 572 3587; x_wconf 86' lang='lat'><strong>¹</strong></span> <span class='ocrx_word' id='word_1_291' title='bbox 609 3556 754 3608; x_wconf 87' lang='lat' dir='ltr'>Uber</span> <span class='ocrx_word' id='word_1_292' title='bbox 790 3555 1104 3612; x_wconf 86' lang='lat' dir='ltr'>Hermolaus</span> <span class='ocrx_word' id='word_1_293' title='bbox 1141 3554 1338 3609; x_wconf 76' lang='lat' dir='ltr'>Solu-ist</span> <span class='ocrx_word' id='word_1_294' title='bbox 1373 3570 1538 3623; x_wconf 85' lang='lat' dir='ltr'>gegen</span> <span class='ocrx_word' id='word_1_295' title='bbox 1576 3555 1661 3607; x_wconf 86' lang='lat' dir='ltr'>die</span> <span class='ocrx_word' id='word_1_296' title='bbox 1696 3555 2017 3609; x_wconf 85' lang='lat' dir='ltr'>Dichtkunst</span> <span class='ocrx_word' id='word_1_297' title='bbox 2049 3555 2153 3623; x_wconf 85' lang='lat' dir='ltr'>vgl.</span> <span class='ocrx_word' id='word_1_298' title='bbox 2192 3555 2241 3609; x_wconf 80' lang='lat' dir='ltr'>S.</span> <span class='ocrx_word' id='word_1_299' title='bbox 2284 3556 2383 3609; x_wconf 89' lang='grc'>149</span> <span class='ocrx_word' id='word_1_300' title='bbox 2417 3558 2478 3610; x_wconf 90' lang='grc' dir='ltr'>Α.</span> <span class='ocrx_word' id='word_1_301' title='bbox 2520 3558 2599 3612; x_wconf 91' lang='grc'>10.</span> 
     </span>
     <span class='ocr_line' id='line_1_38' title="bbox 413 3623 2669 3691; baseline 0.001 -15"><span class='ocrx_word' id='word_1_302' title='bbox 413 3626 434 3657; x_wconf 79' lang='lat'><strong>²</strong></span> <span class='ocrx_word' id='word_1_303' title='bbox 468 3624 584 3677; x_wconf 88' lang='lat' dir='ltr'>Den</span> <span class='ocrx_word' id='word_1_304' title='bbox 621 3624 770 3675; x_wconf 85' lang='lat' dir='ltr'>Brief</span> <span class='ocrx_word' id='word_1_305' title='bbox 801 3625 894 3677; x_wconf 87' lang='lat' dir='ltr'>des</span> <span class='ocrx_word' id='word_1_306' title='bbox 929 3624 1048 3677; x_wconf 90' lang='lat' dir='ltr'>Joh.</span> <span class='ocrx_word' id='word_1_307' title='bbox 1087 3624 1400 3691; x_wconf 75' lang='lat' dir='ltr'>Campanus,</span> <span class='ocrx_word' id='word_1_308' title='bbox 1441 3624 1585 3676; x_wconf 88' lang='lat' dir='ltr'>eines</span> <span class='ocrx_word' id='word_1_309' title='bbox 1619 3623 1815 3676; x_wconf 85' lang='lat' dir='ltr'>italien.</span> <span class='ocrx_word' id='word_1_310' title='bbox 1841 3624 2190 3676; x_wconf 88' lang='lat' dir='ltr'>Humanisten</span> <span class='ocrx_word' id='word_1_311' title='bbox 2210 3627 2319 3678; x_wconf 88' lang='lat' dir='ltr'>und</span> <span class='ocrx_word' id='word_1_312' title='bbox 2342 3625 2669 3679; x_wconf 85' lang='lat' dir='ltr'>fanatischen</span> 
     </span>
     <span class='ocr_line' id='line_1_39' title="bbox 411 3692 2667 3761; baseline 0.001 -17"><span class='ocrx_word' id='word_1_313' title='bbox 411 3692 930 3745; x_wconf 87' lang='lat' dir='ltr'>Deutschenhassers</span> <span class='ocrx_word' id='word_1_314' title='bbox 979 3694 1072 3745; x_wconf 89' lang='lat' dir='ltr'>des</span> <span class='ocrx_word' id='word_1_315' title='bbox 1124 3695 1203 3745; x_wconf 86' lang='lat'>15.</span> <span class='ocrx_word' id='word_1_316' title='bbox 1254 3692 1359 3756; x_wconf 85' lang='lat' dir='ltr'>Jh.,</span> <span class='ocrx_word' id='word_1_317' title='bbox 1413 3692 1656 3745; x_wconf 81' lang='lat' dir='ltr'>Bischofs</span> <span class='ocrx_word' id='word_1_318' title='bbox 1708 3708 1812 3745; x_wconf 79' lang='lat' dir='ltr'>von</span> <span class='ocrx_word' id='word_1_319' title='bbox 1864 3692 2080 3745; x_wconf 84' lang='lat' dir='ltr'>Teramo</span> <span class='ocrx_word' id='word_1_320' title='bbox 2127 3692 2182 3744; x_wconf 91' lang='lat' dir='ltr'>in</span> <span class='ocrx_word' id='word_1_321' title='bbox 2230 3694 2331 3745; x_wconf 87' lang='lat' dir='ltr'>den</span> <span class='ocrx_word' id='word_1_322' title='bbox 2376 3694 2667 3761; x_wconf 83' lang='lat' dir='ltr'>Abruzzen,</span> 
     </span>
     <span class='ocr_line' id='line_1_40' title="bbox 412 3760 2668 3883; baseline 0.001 -3"><span class='ocrx_word' id='word_1_323' title='bbox 412 3777 618 3881; x_wconf 50' lang='lat' dir='ltr'>{iffi</span> <span class='ocrx_word' id='word_1_324' title='bbox 633 3761 1238 3881; x_wconf 52' lang='lat' dir='ltr'>diiiffitsstssnsfferfflss</span> <span class='ocrx_word' id='word_1_325' title='bbox 1283 3760 1412 3880; x_wconf 56' lang='lat' dir='ltr'>in?</span> <span class='ocrx_word' id='word_1_326' title='bbox 1407 3760 1673 3881; x_wconf 54' lang='grc' dir='ltr'>1ξῖθέίὲἕᾶ</span> <span class='ocrx_word' id='word_1_327' title='bbox 1685 3762 1834 3881; x_wconf 66' lang='lat' dir='ltr'>t¹05f⁰f⁷</span> <span class='ocrx_word' id='word_1_328' title='bbox 1859 3761 1925 3880; x_wconf 66' lang='lat' dir='ltr'>,in</span> <span class='ocrx_word' id='word_1_329' title='bbox 1946 3761 2165 3881; x_wconf 49' lang='lat' dir='ltr'>&amp;3353ss</span> <span class='ocrx_word' id='word_1_330' title='bbox 2200 3761 2411 3883; x_wconf 51' lang='lat' dir='ltr'>Sstmiteo</span> <span class='ocrx_word' id='word_1_331' title='bbox 2425 3762 2523 3882; x_wconf 60' lang='lat' dir='ltr'>¹³?st</span> <span class='ocrx_word' id='word_1_332' title='bbox 2550 3764 2668 3883; x_wconf 54' lang='lat' dir='ltr'>‘irai‘</span> 
     </span>
     <span class='ocr_line' id='line_1_41' title="bbox 413 3847 2671 3965; baseline 0.002 -16"><span class='ocrx_word' id='word_1_333' title='bbox 413 3860 499 3949; x_wconf 52' lang='lat' dir='ltr'>Iir.</span> <span class='ocrx_word' id='word_1_334' title='bbox 543 3896 656 3949; x_wconf 84' lang='lat'>138.</span> <span class='ocrx_word' id='word_1_335' title='bbox 727 3897 948 3962; x_wconf 85' lang='lat' dir='ltr'>Mutian,</span> <span class='ocrx_word' id='word_1_336' title='bbox 989 3898 1082 3949; x_wconf 89' lang='lat' dir='ltr'>der</span> <span class='ocrx_word' id='word_1_337' title='bbox 1116 3897 1168 3948; x_wconf 92' lang='lat' dir='ltr'>in</span> <span class='ocrx_word' id='word_1_338' title='bbox 1207 3870 1308 3949; x_wconf 80' lang='lat' dir='ltr'>den</span> <span class='ocrx_word' id='word_1_339' title='bbox 1343 3867 1552 3949; x_wconf 73' lang='lat' dir='ltr'>Briefcn</span> <span class='ocrx_word' id='word_1_340' title='bbox 1602 3898 1693 3950; x_wconf 88' lang='lat' dir='ltr'>des</span> <span class='ocrx_word' id='word_1_341' title='bbox 1746 3870 1933 3949; x_wconf 63' lang='lat' dir='ltr'>Ja&#39;hrcis</span> <span class='ocrx_word' id='word_1_342' title='bbox 1990 3847 2124 3951; x_wconf 53' lang='lat'>1515</span> <span class='ocrx_word' id='word_1_343' title='bbox 2171 3867 2476 3965; x_wconf 58' lang='lat' dir='ltr'>uberhaupt</span> <span class='ocrx_word' id='word_1_344' title='bbox 2526 3850 2671 3953; x_wconf 40' lang='lat' dir='ltr'>seiffie</span> 
     </span>
     <span class='ocr_line' id='line_1_42' title="bbox 413 3965 2670 4036; baseline 0.002 -20"><span class='ocrx_word' id='word_1_345' title='bbox 413 3965 673 4016; x_wconf 83' lang='lat' dir='ltr'>frommen</span> <span class='ocrx_word' id='word_1_346' title='bbox 710 3966 1178 4033; x_wconf 85' lang='lat' dir='ltr'>Anwandelungcn</span> <span class='ocrx_word' id='word_1_347' title='bbox 1210 3966 1305 4017; x_wconf 87' lang='lat' dir='ltr'>hat</span> <span class='ocrx_word' id='word_1_348' title='bbox 1341 3965 1464 4033; x_wconf 85' lang='lat' dir='ltr'>(vgl.</span> <span class='ocrx_word' id='word_1_349' title='bbox 1503 3966 1589 4017; x_wconf 69' lang='grc' dir='ltr'>ΒΓ.</span> <span class='ocrx_word' id='word_1_350' title='bbox 1630 3967 1749 4035; x_wconf 82' lang='lat'>137)</span> <span class='ocrx_word' id='word_1_351' title='bbox 1787 3966 1928 4017; x_wconf 83' lang='lat' dir='ltr'>stellt</span> <span class='ocrx_word' id='word_1_352' title='bbox 1964 3966 2079 4018; x_wconf 90' lang='lat' dir='ltr'>sich</span> <span class='ocrx_word' id='word_1_353' title='bbox 2117 3967 2215 4018; x_wconf 86' lang='lat' dir='ltr'>mit</span> <span class='ocrx_word' id='word_1_354' title='bbox 2258 3968 2350 4019; x_wconf 87' lang='lat' dir='ltr'>dor</span> <span class='ocrx_word' id='word_1_355' title='bbox 2395 3968 2670 4036; x_wconf 83' lang='lat' dir='ltr'>folgenden</span> 
     </span>
     <span class='ocr_line' id='line_1_43' title="bbox 413 4032 2669 4104; baseline 0.002 -20"><span class='ocrx_word' id='word_1_356' title='bbox 413 4032 766 4101; x_wconf 88' lang='lat' dir='ltr'>Bemcrkung,</span> <span class='ocrx_word' id='word_1_357' title='bbox 806 4034 927 4086; x_wconf 86' lang='lat' dir='ltr'>dass</span> <span class='ocrx_word' id='word_1_358' title='bbox 965 4034 1057 4085; x_wconf 84' lang='lat' dir='ltr'>der</span> <span class='ocrx_word' id='word_1_359' title='bbox 1091 4034 1323 4086; x_wconf 86' lang='lat' dir='ltr'>Priester</span> <span class='ocrx_word' id='word_1_360' title='bbox 1356 4034 1507 4085; x_wconf 90' lang='lat' dir='ltr'>keine</span> <span class='ocrx_word' id='word_1_361' title='bbox 1552 4035 1798 4100; x_wconf 85' lang='lat' dir='ltr'>profanen</span> <span class='ocrx_word' id='word_1_362' title='bbox 1852 4035 2072 4086; x_wconf 87' lang='lat' dir='ltr'>Dichter</span> <span class='ocrx_word' id='word_1_363' title='bbox 2122 4035 2264 4087; x_wconf 88' lang='lat' dir='ltr'>lesen</span> <span class='ocrx_word' id='word_1_364' title='bbox 2320 4037 2485 4100; x_wconf 77' lang='lat' dir='ltr'>diii-fe,</span> <span class='ocrx_word' id='word_1_365' title='bbox 2538 4053 2669 4104; x_wconf 82' lang='lat' dir='ltr'>ganz</span> 
     </span>
     <span class='ocr_line' id='line_1_44' title="bbox 415 4102 2671 4169; baseline 0.001 -15"><span class='ocrx_word' id='word_1_366' title='bbox 415 4102 510 4154; x_wconf 84' lang='lat' dir='ltr'>auf</span> <span class='ocrx_word' id='word_1_367' title='bbox 559 4102 664 4153; x_wconf 89' lang='lat' dir='ltr'>den</span> <span class='ocrx_word' id='word_1_368' title='bbox 717 4102 1045 4169; x_wconf 85' lang='lat' dir='ltr'>Standpunkt</span> <span class='ocrx_word' id='word_1_369' title='bbox 1099 4103 1192 4153; x_wconf 89' lang='lat' dir='ltr'>der</span> <span class='ocrx_word' id='word_1_370' title='bbox 1245 4102 1629 4169; x_wconf 76' lang='lat' dir='ltr'>Poetenfeinde,</span> <span class='ocrx_word' id='word_1_371' title='bbox 1684 4118 1835 4154; x_wconf 83' lang='lat' dir='ltr'>wenn</span> <span class='ocrx_word' id='word_1_372' title='bbox 1890 4119 1946 4155; x_wconf 86' lang='lat' dir='ltr'>er</span> <span class='ocrx_word' id='word_1_373' title='bbox 1998 4104 2135 4155; x_wconf 84' lang='lat' dir='ltr'>auch</span> <span class='ocrx_word' id='word_1_374' title='bbox 2170 4105 2225 4156; x_wconf 90' lang='lat' dir='ltr'>in</span> <span class='ocrx_word' id='word_1_375' title='bbox 2261 4104 2345 4156; x_wconf 69' lang='grc' dir='ltr'>ΒΓ.</span> <span class='ocrx_word' id='word_1_376' title='bbox 2404 4106 2502 4157; x_wconf 87' lang='grc'>139</span> <span class='ocrx_word' id='word_1_377' title='bbox 2556 4106 2671 4157; x_wconf 89' lang='lat' dir='ltr'>eine</span> 
     </span>
     <span class='ocr_line' id='line_1_45' title="bbox 416 4170 2674 4238; baseline 0.002 -18"><span class='ocrx_word' id='word_1_378' title='bbox 416 4170 664 4221; x_wconf 87' lang='lat' dir='ltr'>tadelnde</span> <span class='ocrx_word' id='word_1_379' title='bbox 701 4170 1036 4237; x_wconf 87' lang='lat' dir='ltr'>Bemerkung</span> <span class='ocrx_word' id='word_1_380' title='bbox 1070 4186 1234 4237; x_wconf 84' lang='lat' dir='ltr'>gegen</span> <span class='ocrx_word' id='word_1_381' title='bbox 1275 4170 1339 4221; x_wconf 90' lang='lat' dir='ltr'>W</span> <span class='ocrx_word' id='word_1_382' title='bbox 1345 4170 1635 4237; x_wconf 89' lang='lat' dir='ltr'>impheling</span> <span class='ocrx_word' id='word_1_383' title='bbox 1668 4172 1775 4223; x_wconf 84' lang='lat' dir='ltr'>hat.</span> <span class='ocrx_word' id='word_1_384' title='bbox 1835 4170 1933 4223; x_wconf 90' lang='lat' dir='ltr'>Die</span> <span class='ocrx_word' id='word_1_385' title='bbox 1958 4171 2163 4238; x_wconf 85' lang='lat' dir='ltr'>gleiche</span> <span class='ocrx_word' id='word_1_386' title='bbox 2188 4174 2413 4224; x_wconf 84' lang='lat' dir='ltr'>Ansicht</span> <span class='ocrx_word' id='word_1_387' title='bbox 2437 4174 2674 4225; x_wconf 72' lang='lat' dir='ltr'>ver-focht</span> 
     </span>
     <span class='ocr_line' id='line_1_46' title="bbox 416 4238 2672 4305; baseline 0.001 -16"><span class='ocrx_word' id='word_1_388' title='bbox 416 4238 622 4304; x_wconf 85' lang='lat' dir='ltr'>Zasius,</span> <span class='ocrx_word' id='word_1_389' title='bbox 661 4239 754 4289; x_wconf 88' lang='lat' dir='ltr'>der</span> <span class='ocrx_word' id='word_1_390' title='bbox 791 4238 845 4289; x_wconf 91' lang='lat' dir='ltr'>in</span> <span class='ocrx_word' id='word_1_391' title='bbox 882 4239 1026 4290; x_wconf 87' lang='lat' dir='ltr'>einer</span> <span class='ocrx_word' id='word_1_392' title='bbox 1059 4239 1380 4291; x_wconf 84' lang='lat' dir='ltr'>besonderen</span> <span class='ocrx_word' id='word_1_393' title='bbox 1421 4238 1775 4305; x_wconf 86' lang='lat' dir='ltr'>Abhandlung</span> <span class='ocrx_word' id='word_1_394' title='bbox 1810 4240 2095 4303; x_wconf 79' lang='lat' dir='ltr'>ausfiihrte,</span> <span class='ocrx_word' id='word_1_395' title='bbox 2124 4241 2244 4293; x_wconf 85' lang='lat' dir='ltr'>dass</span> <span class='ocrx_word' id='word_1_396' title='bbox 2270 4242 2361 4293; x_wconf 87' lang='lat' dir='ltr'>der</span> <span class='ocrx_word' id='word_1_397' title='bbox 2386 4241 2672 4293; x_wconf 84' lang='lat' dir='ltr'>Geistliche</span> 
     </span>
     <span class='ocr_line' id='line_1_47' title="bbox 414 4306 2672 4374; baseline 0.001 -17"><span class='ocrx_word' id='word_1_398' title='bbox 414 4306 568 4357; x_wconf 89' lang='lat' dir='ltr'>keine</span> <span class='ocrx_word' id='word_1_399' title='bbox 587 4307 833 4373; x_wconf 87' lang='lat' dir='ltr'>profanen</span> <span class='ocrx_word' id='word_1_400' title='bbox 851 4306 1074 4359; x_wconf 87' lang='lat' dir='ltr'>Dichter</span> <span class='ocrx_word' id='word_1_401' title='bbox 1103 4306 1248 4359; x_wconf 86' lang='lat' dir='ltr'>lesen</span> <span class='ocrx_word' id='word_1_402' title='bbox 1274 4307 1436 4359; x_wconf 74' lang='lat' dir='ltr'>durse.</span> <span class='ocrx_word' id='word_1_403' title='bbox 1498 4306 1757 4374; x_wconf 85' lang='lat' dir='ltr'>Geiger,</span> <span class='ocrx_word' id='word_1_404' title='bbox 1795 4306 2143 4361; x_wconf 83' lang='lat' dir='ltr'>Renaissance</span> <span class='ocrx_word' id='word_1_405' title='bbox 2180 4309 2230 4361; x_wconf 83' lang='lat' dir='ltr'>S.</span> <span class='ocrx_word' id='word_1_406' title='bbox 2269 4310 2413 4361; x_wconf 76' lang='lat'><strong>362..</strong></span> <span class='ocrx_word' id='word_1_407' title='bbox 2496 4310 2517 4341; x_wconf 77' lang='lat'>³</span> <span class='ocrx_word' id='word_1_408' title='bbox 2548 4309 2672 4361; x_wconf 90' lang='lat' dir='ltr'>Wie</span> 
     </span>
     <span class='ocr_line' id='line_1_48' title="bbox 415 4375 1246 4442; baseline 0.002 -16"><span class='ocrx_word' id='word_1_409' title='bbox 415 4376 508 4426; x_wconf 88' lang='lat' dir='ltr'>der</span> <span class='ocrx_word' id='word_1_410' title='bbox 543 4378 696 4442; x_wconf 87' lang='lat' dir='ltr'>poeta</span> <span class='ocrx_word' id='word_1_411' title='bbox 728 4376 994 4428; x_wconf 84' lang='lat' dir='ltr'>laureatus</span> <span class='ocrx_word' id='word_1_412' title='bbox 1029 4375 1246 4429; x_wconf 87' lang='lat' dir='ltr'>Locher.</span> 
     </span>
    </p>
   </div>
  </div>
 </body>
</html>
