3084 4895
892 398 1139 468 Petrejus
1176 416 1244 453 au
1281 400 1509 453 Mutian.
1587 400 1798 454 Mutian
1835 416 1905 453 an
1943 401 2113 470 Lang.
2511 403 2641 465 613

376 592 628 670 summa
672 570 1028 637 felicitate?
1116 570 1365 635 Retulit
1396 570 1557 635 mihi
1592 570 2016 636 Romanensis
2062 570 2321 651 quidam
2367 570 2650 649 tabellio,

374 657 478 721 cui
524 656 866 740 plurimum
929 655 1165 732 tribu0,
1232 656 1507 720 Leonem
1581 656 1949 739 pontificem
2017 658 2241 720 inter⁸
2309 656 2653 721 familiares

375 743 635 819 dixisse,
682 762 810 806 non
856 764 923 805 se
969 742 1373 805 existimasse
1432 763 1657 805 omnes
1729 741 2083 806 Germanos
2148 746 2402 806 tantum
2473 744 2652 819 scire,

376 831 689 909 quantum
760 848 928 890 unus
998 827 1161 890 sciat
1230 826 1539 908 Capnion.
1650 826 1826 903 Quae
1891 848 2017 890 vox
2083 830 2344 891 tametsi
2407 829 2652 909 patriae

376 916 636 977 nostrae
711 912 1041 995 despectui
1114 933 1251 975 esse
1324 912 1546 976 forteb
1621 911 1844 995 possit,
1915 912 1997 975 ab
2061 914 2360 977 omnibus
2431 920 2647 977 tamen

381 998 643 1063 ferenda
673 998 1122 1079 laudandaque
1154 1003 1270 1072 est,
1306 1019 1450 1061 cum
1482 997 1575 1061 illi
1608 997 1851 1061 homini
1902 998 2160 1062 virtutis
2205 999 2648 1063 testimonium

380 1084 702 1168 praebeat,
766 1083 877 1165 qui
938 1084 1267 1164 quicquid
1290 1086 1387 1147 est
1433 1083 1604 1164 apud
1651 1081 1937 1159 Latinos,
2003 1082 2298 1161 Graecos,
2367 1084 2646 1148 <Iudaeos

380 1170 693 1233 reconditi
741 1169 876 1233 suis
909 1168 1191 1233 humeris
1230 1169 1295 1231 in
1344 1173 1633 1233 nostrum
1684 1168 1898 1233 orbem
1947 1169 2226 1233 advexit.
2304 1169 2459 1233 Mihi
2493 1192 2648 1233 sane

380 1256 502 1320 hoc
570 1254 924 1319 doctissimi
993 1254 1299 1336 principis
1370 1252 1564 1334 (hanc
1635 1253 1804 1315 enim
1871 1253 2123 1317 laudem
2201 1276 2384 1317 nemo
2451 1255 2650 1319 Leoni

383 1342 628 1404 demere
676 1337 911 1421 potest)
960 1340 1236 1419 elogium
1284 1339 1548 1402 mirifice
1611 1339 1819 1420 placet
1878 1360 2084 1421 neque
2146 1341 2265 1403 tibi
2321 1341 2652 1421 displicere

384 1426 770 1490 crediderim.
863 1424 1027 1501 Quid
1074 1424 1465 1506 Hogostrato
1512 1425 1989 1488 ominabimur‘?
2063 1425 2410 1506 Laqueum.
2488 1426 2652 1503 Quid

379 1511 699 1593 Tangam,
745 1510 1184 1591 PepericornO,
1230 1510 1554 1577 Ortuino‘?
1644 1508 1956 1583 Cicutam,
2006 1511 2335 1584 numellaS,
2369 1511 2650 1574 exilium.

382 1597 515 1660 Nos
559 1600 771 1659 autem
807 1606 833 1634 ‘²
878 1593 1283 1678 Capniophili
1330 1617 1471 1659 cum
1520 1600 1739 1659 nostro
1789 1596 2026 1659 victore
2071 1597 2482 1676 gaudeamuS,
2531 1598 2654 1661 diis

386 1681 857 1747 immortalibus
926 1685 1219 1763 (quorum
1268 1682 1529 1744 numine
1574 1681 1668 1744 ita
1713 1682 1948 1759 evenit)
2009 1682 2250 1762 gratias
2311 1688 2653 1764 perpetuas

384 1772 667 1849 agentes,
764 1765 932 1843 Vale,
990 1767 1077 1829 mi
1129 1765 1435 1842 Mutiane,
1498 1772 1869 1849 praeceptor
1915 1771 1979 1830 et
2026 1771 2288 1848 patrone
2349 1772 2411 1830 et
2476 1773 2656 1850 pater

386 1858 451 1917 et
494 1853 695 1916 amice
744 1851 1124 1916 dulcissime.
1214 1851 1383 1970 Ante
1421 1816 1554 1914 ’VIL
1607 1850 1738 1916 Cal.
1787 1851 2134 1917 Februarii.

1857 1937 2030 2001 Tuus
2076 1938 2382 2019 PetrejuS.
2417 1938 2446 1977 ‘¹

588 2038 729 2090 Auto
730 2038 897 2105 graph
955 2037 1013 2090 in
1062 2036 1187 2091 Coll.
1244 2038 1444 2093 Camer.
1488 2037 1691 2092 Monac.
1743 2036 1894 2105 XVI,
1949 2038 2031 2092 59.
2103 2038 2373 2092 Abschrift
2424 2037 2478 2091 in
2531 2038 2652 2094 Cod.

694 2054 847 2160 Goth.
884 2111 950 2160 A.
988 2106 1093 2161 399
1127 2106 1184 2160 F.
1223 2106 1323 2161 255
1345 2107 1392 2161 b.

386 2292 619 2363 (Gotha.)
1446 2278 1594 2343 547.
2296 2294 2434 2363 (Ans.
2476 2294 2652 2363 1517.)

1053 2489 1059 2494 ,
1166 2404 1455 2477 Mutian
1500 2425 1600 2476 an
1644 2404 1881 2492 Lang.

383 2534 409 2601 (
418 2532 589 2586 Urteil
620 2533 746 2587 iiber
778 2534 869 2588 ein
914 2535 1067 2590 Werk
1098 2535 1185 2588 des
1220 2535 1353 2590 Inui.
1400 2535 1608 2589 Coelius
1641 2534 1994 2602 RhodiqinuS,
2032 2535 2132 2588 das
2170 2533 2321 2602 Lana
2357 2550 2460 2586 aus
2481 2533 2657 2586 seiner

1146 2603 1439 2658 Bibliothek
1472 2604 1744 2672 mityeteilt
1778 2605 1908 2672 hat.)

573 2716 945 2767 Reverendo
981 2716 1151 2776 patri
1185 2716 1229 2768 J
1230 2729 1286 2768 0.
1320 2717 1537 2779 Lange
1573 2717 1864 2778 theologo
1898 2715 2268 2776 praestanti,
2303 2713 2497 2779 priori

1125 2802 1380 2862 optimo,
1414 2803 1615 2852 amico
1651 2801 1926 2852 selecto.¹

588 2898 1001 2991 ‘Yytm'vetv.⁰
1110 2910 1287 2990 Heri,
1368 2915 1439 2975 ut
1514 2917 1855 2994 comparet.
1939 2911 2217 2974 exarasti
2289 2911 2505 2974 literas
2579 2911 2656 2973 de

393 2996 722 3059 stomacho
754 3005 1053 3078 *nasoque
1101 2995 1610 3074 Pharisaeorum,
1659 2999 1769 3080 qui
1821 3003 1891 3060 ut
1936 2996 2231 3059 familiari
2279 2997 2500 3060 habitu
2536 2997 2656 3058 tibi

393 3085 775 3161 congruunt,
827 3082 918 3144 ita
963 3084 1025 3144 in
1076 3082 1434 3164 disciplinis
1480 3087 1713 3146 temere
1761 3082 1934 3144 nullo
1997 3082 2309 3164 probabili
2389 3081 2654 3144 consilio

392 3165 807 3246 refragantur.
900 3167 1039 3230 Non
1112 3190 1259 3249 eges
1327 3171 1554 3248 opinor
1619 3169 1738 3231 hac
1798 3169 1862 3230 in
1927 3173 2105 3248 parte
2173 3167 2654 3239 medicamentO,

392 3271 532 3312 cum
602 3251 691 3313 sis
752 3253 815 3314 in
877 3254 1145 3334 antiqua
1212 3253 1569 3317 eruditione
1641 3254 1735 3316 vel
1805 3253 2223 3334 politissimus
2283 3257 2348 3314 et
2405 3253 2468 3314 in
2535 3251 2655 3314 hac

393 3335 790 3400 balbutiente
861 3337 1191 3402 literatura
1256 3360 1381 3402 non
1448 3340 1544 3402 vir
1613 3339 1722 3402 imi
1789 3338 2094 3400 subsellii.
2211 3336 2651 3418 Navigandum

392 3425 491 3483 est
538 3442 648 3502 pro
710 3426 1041 3486 ventorum
1106 3425 1279 3487 flatu.
1373 3423 1495 3500 Qui
1563 3429 1905 3504 utrumque
1973 3427 2293 3505 praestare
2364 3429 2652 3503 possunt,

392 3511 467 3569 ut
512 3507 588 3568 de
633 3505 951 3570 thesauris
997 3509 1130 3572 suis
1177 3513 1391 3572 vetera
1438 3513 1501 3572 et
1552 3531 1716 3572 nova
1749 3509 2142 3591 depromant,
2177 3508 2266 3571 illi
2301 3507 2654 3570 mehercule

395 3591 712 3655 difficilem
761 3593 971 3657 adiere
1017 3595 1406 3676 provinciam
1441 3599 1505 3657 et
1539 3595 1735 3658 videri
1769 3595 1978 3658 solent
2009 3594 2190 3674 lynce
2223 3595 2428 3674 magis
2474 3593 2650 3654 varii.

396 3676 783 3741 Admiranda
833 3680 1088 3758 quidem
1152 3680 1309 3742 haec
1368 3680 1637 3742 audacia
1681 3681 1747 3742 in
1796 3680 2118 3743 Ludovico
2188 3676 2381 3755 Celi0,
2447 3699 2656 3759 gram-

397 3763 628 3825 matico
698 3764 951 3827 literato
1019 3771 1083 3827 et
1150 3765 1213 3826 in
1276 3769 1556 3828 veterum
1629 3766 1899 3830 lectione
1967 3763 2356 3828 authoritate
2424 3760 2654 3844 gravi.²

396 3847 455 3908 Is
501 3869 539 3908 a
586 3847 975 3929 professione
1022 3849 1365 3924 Ciceronis,
1410 3851 1688 3929 Homeri,
1733 3851 1917 3927 Livii,
1949 3850 2160 3928 Plinii,
2195 3853 2541 3913 ceterorum
2576 3848 2656 3910 ad

398 3931 792 3997 Platonicam
871 3935 1178 3999 haeresim
1248 3937 1615 4000 transiliens
1681 3937 2152 4001 Platonicorum
2219 3935 2515 3998 flosculos
2590 3934 2653 3996 in

534 4116 726 4169 wintra
761 4117 847 4184 Ap
806 4135 955 4185 poyr.
1095 4124 1124 4161 b
1151 4121 1280 4173 forte
1317 4135 1433 4173 esse
1471 4121 1606 4187 Apo
1584 4137 1664 4187 st·
1806 4134 1984 4171 cvero
2019 4118 2214 4186 Apoyr.
2356 4122 2385 4160 d
2413 4118 2652 4185 Petrejus

394 4185 769 4252 Aperbacchus
806 4193 931 4240 tuus
968 4186 1159 4255 Apoqr.
1300 4187 1449 4252 0ch
1454 4193 1576 4236 αἰειν

538 4254 554 4284 ¹
588 4256 822 4307 Aussere
857 4257 1099 4309 Adiesse.
1208 4257 1227 4287 ²
1261 4256 1319 4308 L.
1358 4256 1568 4309 Coelius
1601 4254 1944 4320 Rhodiginus,
1982 4255 2089 4307 ital.
2121 4255 2487 4320 Humanist,†
2507 4253 2656 4320 1520,

396 4319 606 4374 schrieb
642 4321 789 4375 Libri
824 4323 991 4376 XXX
1028 4324 1365 4392 antiquarum
1399 4324 1700 4376 lectionum.
1757 4323 1888 4374 Ven.
1930 4325 2077 4376 1516.
2140 4323 2346 4376 Mutian
2383 4324 2526 4375 hatte
2563 4322 2656 4374 das

392 4387 558 4441 Werk
598 4389 653 4445 E.
701 4392 835 4445 1516
872 4408 970 4445 aus
1005 4392 1178 4462 Langs
1212 4392 1515 4446 Bibliothek
1552 4390 1835 4444 entlichen.
1906 4391 1956 4446 S.
1994 4393 2093 4445 611
2132 4394 2194 4444 A.
2233 4393 2280 4446 3.

3054 2649 3058 2684 4,
3051 2493 3058 2623 ,-.-.-Λ-,
3055 2461 3057 2478 ..
3054 2426 3057 2445 ,-
