3084 4895
418 379 501 444 84
916 389 921 394 '
1190 371 1360 430 Briefe
1399 393 1496 428 von
1545 373 1892 430 1505-1508.

420 553 604 616 seriis
652 555 717 616 et
756 551 938 634 jocis,
984 555 1057 616 ut
1104 574 1306 616 mores
1367 552 1489 615 mei
1549 551 1779 630 ferunt,
1833 549 2082 616 alerem.
2171 551 2392 635 Neque
2444 556 2515 616 tu
2571 549 2668 617 in·

421 644 646 720 gratus
693 637 893 716 fuisti,
943 639 1049 701 sed
1100 660 1225 701 uno
1273 660 1441 702 anno
1490 639 1802 720 duplicem
1853 661 2119 702 messem
2167 639 2418 712 dedisti,
2464 640 2554 704 ita
2599 645 2671 703 ut

424 725 797 807 Spalatinus
843 731 1058 804 noster
1102 725 1416 807 pastorale
1454 724 1823 787 beneficium
1873 729 1936 787 et
1981 747 2097 805 ego
2130 730 2242 788 tua
2275 726 2670 806 providentia

422 812 725 874 rusticam
794 833 963 873 aram
1036 812 1497 874 messuerimus.
1601 810 1804 885 Quare
1870 813 2086 874 amicti
2154 833 2447 894 purpura,
2518 833 2670 875 auro

315 935 319 940 ·
425 897 817 978 gemmisque
862 897 1140 960 redimiti
1186 902 1250 959 et
1294 919 1403 978 per
1447 902 1510 959 te
1556 898 1618 968 in
1669 897 1862 977 regali
1903 898 2058 960 solio
2093 897 2384 960 collocati
2417 898 2672 962 dextras

425 983 543 1046 tibi
593 984 836 1058 damuS,
883 983 1115 1064 pignus
1160 983 1513 1045 immortale
1558 989 1693 1045 tum
1744 990 1996 1047 nostrae
2043 1005 2189 1064 erga
2235 989 2298 1046 te
2343 983 2489 1047 fidei
2536 990 2666 1048 tum

424 1069 656 1132 indulti
720 1070 994 1132 muneris
1052 1070 1164 1131 tui.
1256 1067 1562 1150 Equidem
1612 1073 1675 1130 te
1721 1069 1920 1131 colam
1987 1069 2211 1133 officiis
2272 1070 2672 1151 sempiternis

424 1159 487 1218 et
530 1155 697 1234 grati
760 1154 954 1227 animi
1019 1154 1527 1218 benevolentiam
1591 1154 1940 1217 declarabO.
2033 1155 2318 1237 Denique
2379 1156 2672 1220 resolutis

424 1241 613 1304 etiam
663 1248 863 1304 morte
910 1241 1281 1321 corporibus
1330 1245 1740 1304 monumenta
1786 1241 1880 1302 tui
1913 1241 1974 1304 in
2013 1263 2110 1303 me
2145 1241 2433 1304 beneficii
2461 1253 2488 1282 ³¹
2533 1264 2672 1325 per-

427 1327 795 1390 manebunt.
891 1326 1055 1390 Vale.

735 1427 858 1481 Cod.
896 1425 1027 1480 Fref.
1067 1426 1149 1480 79.

426 1563 655 1632 (eotha.)
1504 1546 1606 1609 77.
2127 1563 2197 1632 (n.
2238 1563 2318 1616 26.
2355 1561 2465 1616 Juli
2505 1563 2675 1632 1507.)

1167 1655 1457 1725 Mutian
1500 1675 1595 1725 an
1642 1655 1922 1726 Urban.

424 1768 610 1835 (Danlc-
642 1767 737 1835 fiir
772 1767 959 1821 Βατία·
991 1768 1107 1819 und
1138 1767 1279 1819 Kc‘ise
1312 1768 1428 1820 und
1472 1767 1779 1835 Belolmuny
1828 1767 1932 1819 mit
1967 1770 2003 1819 4
2037 1766 2408 1834 Belehrunym.
2489 1767 2678 1820 Goedes

705 1836 993 1890 Habsuclet.
1066 1835 1343 1890 Fro‘mmer
1388 1836 1622 1889 Wmsclc
1655 1837 1750 1904 fiir
1787 1836 2066 1905 Spalatins
2111 1836 2405 1902 Paroclzie.)

447 1934 531 1984 Η.
568 1935 841 1994 Urban0,
877 1935 1014 1984 viro
1054 1935 1275 1984 unicae
1310 1935 1770 1992 moderationi&
1804 1937 2070 1994 patrono
2108 1947 2218 1984 suo
2257 1931 2365 2000 (M.
2400 1932 2644 2000 Rufus).

632 2027 696 2090 S.
790 2028 1211 2108 Agitabamus
1257 2029 1489 2092 laetum
1540 2029 1702 2091 diem
1753 2028 1932 2091 aviae
1979 2026 2233 2104 Christi,
2281 2049 2444 2108 quae
2484 2049 2678 2110 nepo-

428 2115 633 2178 tulum
683 2118 746 2177 et
790 2114 985 2176 filiam
1033 2115 1173 2176 sinu
1223 2119 1452 2196 portat,
1511 2120 1575 2176 et
1621 2115 2015 2178 commodum
2079 2115 2314 2178 affuere
2373 2115 2680 2178 ruricolae

425 2203 521 2264 tui
569 2201 903 2264 offerentes
948 2201 1285 2280 sexaginta
1331 2222 1548 2264 caseos
1595 2207 1656 2263 et
1703 2203 1910 2264 sinum
1961 2201 2170 2282 butyri
2217 2201 2490 2282 plenum.
2563 2201 2681 2264 Vo-

427 2287 627 2350 lenter
696 2288 927 2369 accepi.
1019 2285 1143 2348 Sed
1206 2287 1359 2368 quid
1421 2288 1726 2352 mercedis
1790 2287 2146 2370 rependam,
2196 2287 2428 2350 nescio.
2520 2287 2677 2350 Dedi

427 2373 799 2436 viaticulum
848 2379 913 2436 et
962 2371 1269 2435 modicam
1317 2372 1443 2436 illis
1499 2375 1869 2455 sportulam,
1932 2374 2197 2436 daturus
2261 2372 2380 2436 tibi
2434 2372 2678 2455 justum

428 2461 698 2543 pretium
731 2461 758 2499 ¹³
804 2464 867 2522 et
917 2480 1024 2539 pro
1071 2460 1353 2522 auctario
1400 2460 1514 2524 has
1563 2482 1734 2523 meas
1779 2460 2256 2523 observationes
2290 2460 2366 2522 de
2399 2459 2679 2537 formica,

429 2547 506 2609 de
552 2545 867 2622 cancellis,
917 2546 993 2608 de
1038 2544 1185 2607 feris
1232 2546 1456 2609 ovibus
1502 2551 1566 2609 et
1613 2548 1689 2609 de
1734 2568 1995 2609 numero
2042 2546 2420 2627 septenario.
2509 2545 2681 2609 Scite

428 2632 825 2714 scienterque
871 2630 1195 2694 fabulatur
1246 2636 1531 2713 Aesopus
1573 2632 1896 2696 formicam
1933 2632 2084 2696 olim
2117 2633 2434 2695 hominem
2469 2632 2682 2709 fuisse,

430 2741 591 2801 quae
625 2740 749 2781 non
782 2718 1051 2801 propriis
1084 2717 1407 2781 laboribus
1440 2724 1744 2782 contenta
1778 2720 2125 2782 vicinorum
2161 2740 2414 2801 quoque
2441 2718 2683 2782 fructus

433 2804 778 2868 auferebat.
871 2805 968 2866 Ex
1014 2824 1139 2885 quo
1186 2804 1561 2883 indignatus
1605 2805 1852 2884 Jupiter
1907 2805 2388 2885 transfiguravit
2434 2828 2570 2867 eam
2617 2805 2682 2867 in

435 2892 764 2955 bestiolam
813 2891 1157 2966 formicam,
1208 2912 1368 2971 quae
1414 2891 1752 2971 pristinum
1800 2890 2146 2955 furatrinae
2193 2891 2487 2954 affectum
2539 2892 2684 2953 reti-

432 2999 587 3039 nens
636 2978 876 3057 colligit
930 2976 1171 3039 alienos
1234 2976 1483 3039 labores
1540 2978 1953 3058 reconditque
1997 2978 2063 3039 in
2110 2977 2426 3039 thesauro,
2520 2977 2683 3052 Quid

430 3062 833 3144 Hennignus¹
888 3063 1005 3125 erit
1062 3067 1207 3142 post
1260 3062 1442 3125 fata?
1532 3063 1714 3127 Certe
1778 3063 2054 3126 formica.
2144 3062 2304 3127 Nam
2367 3085 2554 3127 omne
2607 3063 2682 3125 li-

434 3150 727 3213 bellionis
773 3149 943 3211 illius
992 3146 1269 3210 officium
1320 3152 1415 3211 est
1460 3170 1567 3212 aes
1612 3150 1889 3212 alienum
1923 3148 2264 3213 corradere.
2357 3148 2684 3213 Cancellos

432 3241 664 3299 vocant
710 3234 990 3317 parochi,
1040 3234 1247 3316 qualis
1294 3242 1393 3300 est
1436 3240 1550 3298 tua
1581 3236 1788 3316 gratia
1821 3234 2210 3317 SpalatinUS,
2245 3256 2397 3297 voce
2428 3236 2682 3317 quidem

430 3323 702 3404 protrita
770 3321 879 3384 sed
949 3321 1285 3384 admodum
1359 3321 1607 3385 erudita
1674 3324 1929 3385 sacrarii
2001 3322 2350 3402 digniorem
2420 3322 2728 3403 partem.

434 3408 594 3471 Nam
642 3408 905 3471 cancelli
954 3408 1229 3471 claustra
1274 3413 1425 3470 sunt
1469 3414 1533 3470 et
1579 3413 1799 3489 saepta
1831 3408 2120 3490 fiuntque
2153 3408 2342 3488 lignis
2375 3408 2437 3469 in
2473 3412 2684 3471 trans-

436 3516 683 3557 versum
732 3494 1035 3557 connexis
1081 3494 1158 3557 ad
1208 3494 1688 3557 similitudinem
1737 3496 1908 3557 retiS.
1999 3494 2165 3575 Ergo
2213 3498 2381 3557 recte
2417 3495 2682 3557 diceres:

438 3581 841 3644 contionator
868 3582 895 3619 ¹³
940 3581 1244 3662 prospicit
1288 3602 1396 3661 per
1441 3580 1780 3655 canceIIOS,
1828 3588 1892 3643 et
1937 3603 2046 3643 ara
2093 3580 2290 3662 major
2337 3602 2476 3642 cum
2537 3580 2686 3643 sub—

433 3666 626 3729 selliis
692 3667 859 3729 intra
918 3665 1231 3729 cancellos
1301 3670 1415 3730 est.
1508 3664 1676 3730 Sunt
1741 3688 1910 3745 oves,
1978 3688 2140 3747 quas
2207 3667 2368 3729 feras
2437 3672 2684 3743 vocant,

434 3753 642 3835 qualis
675 3758 772 3815 est
801 3759 1059 3816 auctore
1082 3764 1106 3791 0
1146 3752 1353 3815 Plinio
1389 3752 1976 3833 camelopardalisd
2035 3753 2166 3816 Illis
2193 3759 2289 3816 est
2315 3774 2508 3815 cornu
2540 3776 2688 3817 acu-

435 3845 569 3901 tum
618 3845 682 3902 et
727 3838 900 3903 frons
962 3861 1173 3902 saxea.
1265 3838 1433 3901 Deus
1479 3839 1703 3919 abigat
1764 3840 1923 3903 tales
1971 3862 2118 3903 oves
2165 3862 2241 3901 ex
2288 3840 2580 3921 pastione
2624 3845 2689 3901 et

438 3976 448 3988 .
502 3976 514 3989 .
568 3976 578 3988 .
611 3938 635 3964 ⁰
681 3923 1105 4007 Spalatinea.²
1200 3923 1430 3988 Absint
1462 3948 1610 3987 oves
1642 3932 1772 3989 tam
1805 3925 2254 4003 formidabileS,
2289 3948 2366 3987 ne
2399 3927 2687 3989 saeviant

433 4014 499 4075 in
550 4013 811 4075 exitium
844 4013 871 4050 ¹³
918 4012 1067 4075 boni
1116 4012 1405 4091 pastoris.
1500 4012 1594 4073 Ad
1645 4034 1970 4075 numerum
2019 4014 2447 4094 septenarium
2495 4014 2686 4093 perti-

435 4103 589 4161 nent
636 4097 742 4160 VII
806 4098 1123 4182 sapientes
1170 4101 1233 4159 et.
1277 4096 1403 4159 alia
1461 4098 1680 4174 multa,
1745 4118 1907 4177 quae
1969 4102 2218 4181 copiose
2277 4098 2396 4162 tibi
2461 4099 2686 4176 dicam,

570 4282 597 4309 a
624 4266 665 4318 ti
700 4270 763 4318 st.
802 4265 866 4320 ci.
971 4269 999 4307 b
1028 4266 1074 4318 ci
1110 4270 1172 4317 st.
1210 4264 1267 4317 ti.
1408 4278 1432 4306 ο
1462 4266 1693 4320 authore.
1803 4269 1831 4307 d
1859 4267 2058 4319 camelo
2095 4266 2336 4335 pardalis,
2466 4282 2490 4309 e
2519 4268 2690 4320 Liieke

432 4334 547 4402 (fiir
581 4336 670 4387 ein
699 4333 1047 4401 yrieehisches
1097 4334 1168 4386 W
1160 4340 1242 4386 ort
1253 4333 1315 4395 ἓ).
2679 4384 2685 4389 .

576 4407 591 4436 ¹
628 4404 817 4456 Goede.
888 4402 937 4457 S.
980 4406 1043 4456 73
1082 4407 1141 4457 A.
1184 4406 1227 4457 1.
1369 4404 1389 4435 ²
1424 4403 1850 4460 Hohenkirchen.
1923 4404 1974 4457 S.
2012 4404 2080 4457 80
2119 4406 2176 4458 A.
2219 4407 2242 4455 1
2291 4421 2342 4459 u,
2383 4422 2493 4461 vor.
2532 4406 2617 4461 ΒΓ.
