3084 4895
510 429 637 506 416
1334 425 1509 502 Briete
1545 426 1638 495 des
1673 426 1728 496 J.
1763 429 1910 498 1514.

517 609 2753 750 &Hamnwmawmwessoeamwmdoemwmdoe

652 795 1110 848 Humanusimo
1146 799 1211 849 et
1243 797 1642 860 integerrimo
1677 799 1846 858 patri
1877 797 1960 850 E.
1995 798 2252 851 Urbano
2297 799 2613 861 magistro.

717 893 1045 933 oeconomo
1079 883 1233 934 mihi
1266 883 1654 935 observando
1689 883 1966 936 Adamas
1999 884 2262 936 Publius
2295 885 2542 936 vitalis.

725 991 788 1056 S.
882 993 975 1056 vl.
1026 994 1240 1059 Nonas
1284 994 1487 1079 Majas
1535 996 1889 1079 appellatus
1959 1019 2094 1060 sum
2166 996 2430 1060 Publius
2476 996 2749 1060 Vitalis.⁸

522 1076 785 1144 Gratum
832 1079 895 1143 id
951 1081 1286 1145 admodum
1356 1082 1531 1160 mihi,
1600 1084 1962 1165 praesertim
2036 1082 2185 1146 bero
2254 1083 2579 1164 probante,
2643 1085 2756 1166 qui

520 1169 827 1248 quantum
875 1167 1129 1247 ingenio
1175 1173 1239 1231 et
1275 1167 1514 1250 judicio
1563 1173 1856 1250 praestet,
1902 1175 1971 1232 tu
2005 1189 2132 1233 non
2163 1169 2438 1251 ignoras.
2513 1169 2758 1253 Propo-

518 1251 649 1316 suit
713 1252 1206 1316 innumerabiles
1280 1253 1540 1318 Publios
1619 1255 1839 1336 priscis
1911 1254 2303 1338 temporibus
2369 1253 2622 1319 habitos
2684 1257 2754 1318 in

518 1357 751 1418 magno
796 1338 1017 1420 pretio.
1107 1338 1264 1402 Nam
1312 1346 1385 1404 ut
1431 1339 1722 1404 Publium
1771 1339 2086 1415 Ovidium,
2135 1339 2202 1405 P.
2251 1339 2636 1418 Terentium,
2682 1341 2756 1405 P.

518 1423 878 1504 Vergilium,
928 1423 994 1489 P.
1044 1422 1321 1488 Statium
1370 1431 1593 1508 poetas
1636 1433 2122 1509 prae-temanum,
2169 1426 2366 1508 quid?
2427 1447 2636 1490 nonne
2681 1427 2756 1492 P.

526 1507 776 1592 Syrus·
823 1509 1323 1594 mimographus²
1368 1513 1680 1594 insignem
1729 1513 1977 1576 laudem
2027 1515 2254 1576 meruit
2295 1513 2360 1576 in
2405 1512 2762 1576 scribendis

522 1595 775 1660 mimis?
861 1595 957 1660 Ex
1003 1597 1236 1678 quibus
1281 1597 1544 1662 dicteria
1587 1599 1894 1682 quaedam
1941 1599 2023 1663 ad
2069 1619 2307 1662 morum
2377 1598 2760 1680 probitatem

522 1680 604 1746 ab
643 1682 926 1766 antiquis
970 1683 1383 1766 scriptoribus
1419 1684 1714 1766 decerpta
1741 1685 1950 1749 adhuc
1981 1689 2258 1762 exstant,
2291 1685 2484 1765 digna
2513 1685 2764 1750 medius

521 1767 729 1847 fidius,
800 1788 959 1850 quae
1019 1769 1101 1832 ab
1162 1769 1460 1834 omnibus
1524 1771 1762 1854 ubique
1826 1771 2103 1836 locorum
2172 1770 2490 1851 legantur:
2563 1770 2761 1851 „Tam

522 1853 699 1918 deest
764 1875 973 1929 avaro,
1042 1855 1210 1938 quod
1274 1856 1489 1934 habet,
1547 1879 1737 1939 quam
1795 1858 1964 1938 quod
2024 1878 2150 1920 non
2209 1856 2419 1920 habet.
2512 1855 2765 1920 Desunt

522 1939 809 2004 luxuriae
858 1940 1075 2017 multa,
1135 1943 1435 2005 avaritiae
1496 1945 1727 2007 omnia.
1819 1942 1871 2007 Ο
1919 1943 2052 2006 vita
2096 1943 2323 2006 misero
2368 1943 2576 2023 longa,
2622 1942 2765 2007 feli-

522 2027 704 2090 cibus
750 2025 982 2089 brevis!
1074 2026 1225 2091 Pars
1269 2027 1557 2092 beneficii
1605 2036 1720 2104 est,
1765 2029 1932 2111 quod
1979 2030 2233 2111 petitur,
2267 2030 2320 2092 si
2354 2028 2515 2092 belle
2546 2050 2762 2110 negeS.

525 2112 907 2178 Beneficium
955 2111 1163 2176 dando
1231 2115 1493 2197 accepit,
1550 2117 1658 2197 qui
1706 2116 1896 2198 digno
1953 2115 2144 2179 dedit.
2237 2113 2354 2178 Cui
2415 2114 2557 2196 plus
2611 2116 2766 2179 licet.

527 2221 715 2281 quarn
764 2219 875 2280 par
940 2204 1054 2277 est,
1115 2198 1254 2280 plus
1310 2200 1449 2264 vult
1511 2221 1702 2283 quam
1763 2201 1928 2265 licet.
2035 2202 2324 2265 Alienum
2393 2205 2490 2266 est
2553 2223 2766 2280 omne,

520 2285 827 2372 quicquid
873 2285 1151 2368 optando
1202 2287 1391 2349 venit.
1470 2285 1680 2365 Feras,
1731 2309 1855 2351 non
1903 2288 2137 2370 culpes,
2184 2287 2352 2370 quod
2401 2288 2588 2352 vitari
2633 2309 2765 2351 non

526 2376 756 2455 potest.
847 2369 1045 2435 Furor
1091 2371 1166 2436 fit
1208 2371 1377 2436 laesa
1423 2374 1678 2455 saepius
1723 2373 2052 2456 patientia.
2143 2373 2379 2438 Malum
2427 2373 2764 2438 consilium

527 2462 643 2538 est,
718 2458 885 2539 quod
954 2458 1138 2523 vitari
1206 2479 1333 2524 non
1397 2464 1624 2541 potest.
1738 2460 2017 2525 Nimium
2091 2459 2453 2525 altercando
2529 2460 2770 2525 veritas

529 2544 865 2609 amittitur.
940 2544 1277 2627 Nunquam
1322 2546 1666 2627 periculum
1697 2548 1832 2611 sine
1865 2544 2140 2631 periculo
2172 2546 2462 2611 vincitur.
2540 2544 2772 2611 Comes

530 2631 839 2695 facundus
882 2630 947 2693 in
995 2632 1098 2694 via
1130 2652 1240 2713 pro
1273 2631 1561 2696 vehiculo
1596 2636 1708 2697 est.
1799 2631 2058 2697 Heredis
2102 2632 2288 2697 fletus
2331 2632 2450 2697 sub
2496 2652 2772 2715 persona.

528 2717 694 2782 risus
740 2722 853 2782 est.
942 2714 1041 2781 Ita
1085 2716 1352 2781 amicum
1402 2716 1660 2796 habeas,
1707 2740 1891 2801 posse
1935 2723 2009 2783 ut
2052 2718 2222 2783 hunc
2266 2718 2400 2783 fieri
2436 2718 2765 2783 inimicum

528 2808 732 2885 putes,
821 2802 1110 2886 Improbe
1169 2802 1537 2887 Neptunum
1599 2810 1876 2883 accusat,
1932 2804 2040 2888 qui
2085 2805 2314 2868 iterum
2361 2804 2768 2887 naufragium

533 2888 702 2953 facit.
795 2888 1075 2953 Veterem
1125 2887 1379 2953 ferendo
1424 2888 1717 2971 injuriam
1759 2892 1994 2955 invitas
2025 2890 2312 2956 novam.“
2392 2892 2561 2954 Haec
2593 2895 2766 2965 sunt,

534 2996 694 3057 quae
740 2998 817 3038 ex
873 2975 1198 3039 Publianis
1243 2976 1452 3039 mimis
1496 2976 1578 3039 ad
1623 2998 1739 3041 nos
1783 2981 2219 3059 pervenerunt.
2311 2975 2448 3053 Quo
2480 2976 2581 3041 die
2611 2975 2770 3039 haec

532 3061 940 3139 annotabam,
988 3062 1267 3127 narravit
1310 3062 1497 3126 nobis
1559 3062 2030 3144 paterfamiliaS,
2078 3067 2151 3126 ut
2195 3061 2356 3126 solet
2399 3064 2479 3127 ad
2525 3084 2768 3140 cenam,

534 3148 610 3210 de
654 3167 979 3212 corvorum
1046 3148 1472 3229 intelligentia
1526 3148 1874 3214 mirabilem
1933 3149 2261 3214 historiam
2307 3168 2345 3212 a
2387 3148 2594 3213 Plinio
2638 3152 2770 3211 tra-

535 3234 729 3298 ditam
778 3233 818 3297 l.
863 3233 939 3298 X.
987 3256 1082 3317 cp.
1128 3232 1366 3312 XLIII„
1413 3239 1626 3298 motus
1672 3238 1744 3298 ut
1785 3236 1912 3299 ista
1971 3236 2281 3313 recitaret,
2342 3236 2512 3317 quod
2565 3236 2767 3297 corvi-

534 3318 742 3384 culum
791 3319 1110 3385 Vulcanus
1155 3318 1425 3384 Drusus⁸
1469 3322 1535 3383 in
1582 3320 1769 3385 aedes
1815 3327 2066 3387 nostras
2109 3320 2380 3386 tulisset.
2477 3320 2768 3384 Addebat

536 3406 818 3489 auspicia
863 3407 1172 3488 quaedam
1220 3411 1285 3471 et
1326 3407 1481 3470 illud
1524 3405 1755 3471 Valerii
1815 3408 2104 3471 Maximi:
2171 3406 2418 3490 „Marco
2481 3405 2769 3470 Ciceroni

532 3515 703 3557 mors
756 3494 1092 3557 imminens
1157 3493 1440 3575 auspicio
1493 3494 1819 3576 praedicta
1872 3499 1988 3559 est.
2077 3492 2232 3559 Cum
2298 3493 2460 3556 enim
2508 3494 2572 3557 in
2621 3492 2770 3557 villa

539 3577 843 3662 Cajetana
908 3583 1093 3657 esset,
1162 3599 1386 3643 corvus
1439 3580 1505 3643 in
1555 3586 1894 3662 conspectu
1963 3580 2098 3662 ejus
2164 3579 2471 3660 horologii
2536 3578 2766 3642 ferrum

537 3666 673 3729 loco
712 3672 951 3731 motum
987 3666 1267 3730 excussit
1299 3670 1361 3729 et
1392 3666 1684 3747 protinus
1715 3667 1792 3729 ad
1827 3667 2032 3749 ipsum
2067 3665 2341 3730 tetendit
2371 3687 2446 3729 ac
2477 3664 2767 3729 laciniam

540 3756 727 3833 togae
772 3773 844 3815 eo
891 3773 1090 3833 usque
1136 3774 1345 3816 morsu
1372 3753 1401 3791 ¹³
1447 3752 1672 3825 tenuit,
1733 3753 1928 3816 donec
1975 3774 2190 3817 servus
2232 3751 2311 3817 ad
2359 3751 2768 3815 occidendum

540 3860 677 3901 eum
706 3838 940 3902 milites
964 3839 1211 3901 venisse
1241 3838 1655 3902 nuntiaret..“⁴
1710 3838 1940 3916 HabeS,
1971 3837 2322 3902 venerande
2353 3842 2548 3919 pater,
2581 3838 2772 3899 unius

675 4078 701 4106 a
729 4064 889 4117 SiruS.
1029 4066 1057 4107 b
1086 4078 1260 4117 morsu
1295 4080 1387 4115 am
1422 4062 1620 4116 Raude.

686 4136 702 4165 ¹
736 4132 851 4185 Den
886 4132 931 4186 2.
968 4128 1077 4185 Mai
1112 4132 1234 4184 fand
1272 4131 1355 4184 die
1391 4132 1804 4201 Namengebung
1838 4132 1980 4197 statt,
2017 4130 2113 4183 den
2151 4127 2232 4184 28.
2271 4132 2389 4199 Apr.
2429 4130 2522 4183 der
2541 4127 2776 4183 Eintritt.

614 4204 633 4237 ²
668 4201 820 4256 Scine
856 4200 1155 4254 Sententiae
1190 4202 1405 4253 wurden
1442 4204 1617 4255 zuerst
1639 4200 2058 4269 herausgegeben
2096 4216 2144 4254 v.
2181 4200 2444 4253 Erasmus
2481 4198 2602 4251 Bas,
2627 4197 2776 4251 1502.

614 4274 635 4304 Β
668 4270 797 4323 Hier
834 4286 953 4322 zum
990 4273 1162 4323 ersten
1197 4268 1333 4322 Male
1371 4274 1613 4338 gemunt,
1650 4273 1821 4338 spater
1855 4270 1997 4324 oster.
2053 4269 2121 4321 Er
2155 4285 2263 4322 war
2295 4269 2463 4322 neben
2497 4268 2596 4321 Ad.
2634 4266 2778 4319 Pub·

542 4341 649 4395 lius
684 4340 738 4391 in
772 4339 1021 4392 Diensten
1057 4338 1301 4405 MutianS,
1340 4339 1429 4392 der
1467 4340 1519 4391 in
1559 4339 1730 4391 einem
1765 4336 1849 4393 ΒΥ.
1889 4338 1980 4390 des
2015 4339 2061 4393 J.
2103 4340 2234 4391 1515
2287 4337 2398 4404 (Nr.
2450 4334 2572 4405 492)
2625 4336 2780 4388 beide

545 4411 693 4531 {fine
721 4408 916 4529 Ῑι31ιῖἰ·ἰ(3ί5
942 4407 1214 4461 domestici
1248 4411 1421 4463 nennt.
1476 4407 1584 4461 Der
1607 4409 1791 4461 zahme
1815 4404 1959 4461 Rabe
1983 4408 2120 4461 auch
2155 4408 2228 4460 im
2262 4406 2380 4476 folg.
2411 4405 2496 4460 Br.
2606 4406 2626 4436 ⁴
2663 4404 2780 4457 Val.

603 4494 685 4532 ax.
750 4518 762 4545 ,
835 4518 847 4545 ,
922 4519 932 4531 .
