3084 4895
404 377 491 440 40
1179 373 1352 428 Briefe
1390 389 1494 428 von
1538 373 1891 428 1505-1508.

409 571 548 613 meo
619 551 872 613 nomine
933 548 1172 613 abbati.
1279 547 1706 614 Gemmarium
1768 571 1912 613 vero
1975 548 2081 612 ubi
2142 547 2497 632 perlegeris,
2569 571 2662 610 re-

409 637 591 699 mitte
639 657 778 698 cum
828 635 1142 715 opertorio
1174 648 1202 674 ⁸
1246 641 1476 700 cerato.
1582 637 1781 718 Pinge
1840 636 2244 700 simulacrum
2275 636 2304 673 ¹³
2355 634 2530 698 anuli
2582 635 2665 698 si-

408 722 720 803 gnatorii;
786 743 913 784 non
977 722 1118 784 sitis
1194 722 1350 785 adeo
1413 728 1881 805 contemptores
1950 744 2155 786 rerum
2220 721 2661 795 humanarum,

411 815 482 871 ut
554 809 816 887 signum¹
869 808 1255 888 gentilitium
1327 809 1628 892 principis
1692 809 1886 872 vestri
1962 808 2319 888 negligatis
2436 809 2661 870 Annon

411 895 664 957 vidistis
735 894 1014 976 insignia
1079 917 1465 958 summorum
1537 895 1905 976 pontificum
1968 899 2031 957 et
2084 894 2307 957 Petri?
2418 892 2665 957 Habeat

409 981 690 1062 optimus
745 980 964 1057 abbaS‚
1025 980 1296 1062 diligens
1349 981 1735 1058 aedificator²
1794 980 2157 1044 sanctitatis
2210 983 2476 1056 amator,
2524 1001 2665 1044 coe·

411 1066 581 1130 nobii
638 1072 841 1130 rector
906 1066 1184 1146 sigillum
1234 1068 1525 1149 patrium.
1617 1067 1806 1131 Plura
1852 1088 2080 1130 coram.
2178 1066 2331 1129 Nam
2378 1065 2553 1129 brevi
2598 1068 2661 1130 in

410 1152 810 1236 Belpratum'
887 1153 1198 1216 divertam
1231 1165 1255 1192 ⁰
1309 1175 1647 1216 mansurus
1692 1153 1883 1217 isthic
1926 1159 2165 1236 septem
2210 1151 2403 1215 horis,
2494 1151 2659 1218 Vale.

715 1255 839 1311 Cod.
879 1255 1010 1309 Frcf.
1051 1257 1131 1310 75.

412 1428 598 1482 Gotha.
1477 1429 1579 1494 33.
2467 1427 2662 1498 (1505-)

1159 1564 1448 1635 Mutian
1493 1585 1592 1635 an
1636 1564 1913 1636 Urban.

406 1695 432 1760 (
440 1692 598 1746 Ueber
623 1692 708 1745 die
732 1693 993 1746 Pa-rochie
1017 1693 1189 1748 Leina
1211 1695 1326 1748 und
1343 1695 1429 1749 die
1461 1695 1663 1763 Geyner
1686 1693 1890 1760 Moru-3,
1927 1693 2193 1748 Lindener
2216 1695 2330 1748 und
2354 1693 2661 1762 Tmafetter.)

586 1806 880 1858 Virorum
915 1807 1311 1869 integerrimo
1346 1809 1428 1860 Η.
1463 1809 1720 1860 Urbano
1756 1822 2086 1861 oeconomo
2121 1810 2209 1860 M.
2244 1807 2464 1860 Rufus.

573 1921 578 1925 ⁹
617 1927 680 1991 S.
751 1927 1096 2011 Postquam
1147 1929 1428 2010 hospites
1475 1931 1675 1994 nostri
1718 1951 2046 2005 recessere,
2096 1929 2221 2010 legi
2253 1930 2461 1994 denuo
2493 1933 2658 2008 ωδε,
2748 1997 2755 2005 ,

410 2011 682 2092 Urbane,
752 2014 971 2078 literas
1032 2037 1157 2078 non
1214 2017 1423 2080 minus
1478 2016 1799 2099 eleganter
1855 2037 2047 2098 quam
2121 2016 2305 2081 docte
2367 2016 2658 2100 scriptas.

412 2100 713 2174 Primum,
761 2102 814 2164 si
846 2123 973 2182 qua
1004 2101 1126 2166 fuit
1157 2102 1434 2166 admissa
1463 2104 1927 2168 taciturnitatis
1961 2108 2130 2178 nota,
2166 2103 2385 2173 diluis:
2432 2103 2659 2167 deinde

409 2208 519 2271 pro
566 2187 844 2252 liberalis
890 2189 1127 2269 ingenii
1186 2189 1284 2252 tui
1347 2190 1727 2254 dexteritate
1780 2193 1845 2254 et
1904 2190 2309 2254 observantia
2354 2211 2501 2273 erga
2545 2212 2662 2254 nos

406 2275 726 2356 promittis
791 2276 1105 2356 agrarium
1182 2275 1290 2339 sed
1366 2283 1618 2357 gratum
1682 2299 1931 2356 manue,
2000 2276 2208 2359 butyri
2267 2277 2591 2341 vasculum
2616 2274 2659 2353 ²,

405 2365 726 2443 postremo
785 2383 990 2442 rogae,
1058 2367 1129 2425 ut
1191 2362 1516 2426 vobiscum
1566 2385 1737 2446 spem
1788 2364 2066 2446 prosperi
2114 2385 2442 2427 successus
2489 2384 2659 2428 com-

411 2449 745 2512 municem.
839 2449 1355 2525 Communicab0‚
1403 2451 1453 2514 si
1504 2451 1690 2515 modo
1739 2472 1953 2515 cursor
1999 2451 2275 2514 secunda
2321 2447 2659 2515 retulerit.⁸

405 2534 521 2597 Est
579 2535 746 2617 apud
816 2556 932 2599 nos
1000 2537 1508 2617 sapientissimus
1575 2543 1638 2601 et
1701 2538 2104 2601 doctissimus
2149 2536 2659 2601 contionatord⁴

410 2621 688 2704 mihique
750 2622 1174 2687 amicissimus
1229 2628 1293 2686 et
1336 2622 1657 2687 Musarum
1706 2624 2183 2688 amantissimus
2228 2624 2519 2705 idemque
2566 2623 2660 2687 vir

412 2710 712 2789 optimuS,
743 2720 766 2749 0
813 2711 917 2792 qui
966 2709 1276 2791 gloriatur
1323 2712 1862 2793 consanguineum
1910 2732 2091 2774 suum
2142 2710 2203 2773 in
2251 2732 2392 2774 arce
2429 2710 2657 2793 Wang-

412 2794 578 2857 heim
628 2796 1017 2861 sacerdotem
1067 2797 1283 2879 (vulgo
1331 2798 1724 2879 capellanum
1773 2796 2028 2876 vocant)
2077 2796 2440 2861 habiturum
2474 2818 2657 2878 paro-

409 2881 610 2945 chiam
661 2883 727 2945 in
776 2883 981 2947 viculo
1027 2882 1268 2965 Lyno,¹'
1323 2884 1691 2965 praesertim
1738 2884 1907 2965 quod
1955 2883 2381 2947 Bernardinus
2430 2888 2495 2946 et
2523 2883 2657 2966 ipse

409 2967 486 3031 ad
549 2968 963 3033 Federichum
1041 2971 1425 3053 scripserint.
1540 2968 1609 3034 Si
1678 2973 1895 3035 tantae
1963 2974 2059 3035 est
2124 2970 2291 3052 apud
2340 2969 2656 3053 principes

405 3056 824 3132 auctoritatiS‚
892 3058 1170 3137 quantae
1232 3056 1368 3120 vult
1423 3079 1559 3120 esse
1612 3057 1781 3139 apud
1839 3079 1953 3121 nos
2017 3056 2485 3121 indoctis-simos
2540 3056 2655 3119 ho-

407 3142 630 3217 mines,
676 3143 972 3206 nimirum
1009 3142 1119 3206 fiet
1154 3144 1282 3207 voti
1318 3165 1593 3225 compos.
1671 3143 1840 3207 Idem
1888 3143 2118 3207 dicitur
2148 3165 2360 3223 regere
2405 3145 2655 3206 coetum

408 3228 748 3292 Vestalium
801 3230 1117 3310 virginum
1164 3234 1227 3294 et
1273 3230 1542 3293 scribam
1603 3231 2003 3311 promovisse.
2091 3230 2263 3293 Satis
2330 3227 2654 3310 intelligis,

407 3336 592 3397 quem
638 3316 861 3379 dicam.
952 3316 1063 3379 llle
1109 3316 1382 3393 furcifer,
1411 3327 1439 3365 8
1485 3317 1614 3397 qui,
1662 3322 1969 3398 quantum
2027 3316 2322 3398 augurari
2381 3337 2655 3396 possum,

409 3401 654 3466 furatus
701 3408 798 3466 est
843 3403 1101 3485 pallium
1149 3408 1352 3481 tuum,
1403 3404 1645 3467 scribae
1691 3403 1861 3466 litem
1912 3404 2205 3480 intendit,
2241 3408 2303 3466 et
2334 3403 2389 3466 si
2424 3407 2654 3483 posset,

406 3493 468 3551 te
514 3494 576 3552 et
621 3490 917 3553 abbatem
964 3490 1273 3570 relegaret
1317 3490 1377 3552 in
1427 3489 1738 3553 exsilium.
1769 3489 1799 3528 ¹²
1888 3489 2073 3553 Hunc
2104 3490 2438 3553 aleatorem
2474 3491 2539 3551 et
2571 3488 2657 3550 le-

409 3597 635 3637 nonem
686 3576 1180 3657 perditissimum
1229 3597 1339 3639 vos
1387 3577 1600 3657 magni
1647 3575 1927 3651 facitis‚i
1975 3576 2054 3637 ad
2089 3574 2342 3657 epulum
2390 3576 2653 3648 vocatiS‚

412 3660 781 3725 colluditis.⁵
894 3661 1015 3725 Sed
1086 3662 1236 3744 quid
1304 3663 1561 3737 mirum,
1630 3662 1683 3724 si
1743 3660 2022 3725 famosus
2079 3669 2141 3724 et
2195 3660 2398 3742 turpis
2467 3659 2653 3723 horno

540 3916 567 3941 a
594 3901 858 3966 oporcario
903 3901 1103 3954 Oamer.
1179 3907 1205 3943 b
1234 3901 1629 3954 simulachrum.
1717 3916 1741 3943 c
1770 3900 1999 3952 divertar
2042 3900 2241 3953 Camer.
2324 3902 2353 3940 <1
2382 3898 2654 3952 conciona-

405 3971 498 4019 tor.
571 3984 596 4011 e
623 3967 729 4020 Am.
763 3969 949 4023 Raude
985 3971 1175 4023 Morus.
1265 3975 1286 4012 s
1317 3971 1466 4037 Lyna
1505 3971 1651 4023 Tem.
1724 3982 1752 4020 8
1782 3971 1885 4021 Am
1920 3970 2107 4021 Βαναία
2141 3970 2413 4022 Lindener.
2486 3971 2517 4009 h
2545 3966 2655 4019 exi·

404 4036 546 4089 lium.
579 4082 583 4087 .
623 4041 638 4077 i
679 4039 1034 4105 magnifacitis.

547 4124 558 4151 ¹
597 4122 852 4177 Schiinau.
892 4124 1008 4193 vgl.
1047 4124 1133 4177 Br.
1173 4126 1239 4175 24
1277 4142 1323 4177 u.
1365 4126 1444 4177 25.
1604 4127 1623 4157 ‘²
1662 4124 1775 4191 Vgl.
1814 4123 1862 4175 S.
1903 4124 1969 4174 34
2006 4126 2068 4175 A.
2112 4125 2153 4175 l.
2313 4124 2333 4153 ³
2370 4121 2654 4173 Vielleicht

406 4190 499 4240 der
553 4193 684 4242 nach
727 4192 810 4246 Br.
849 4194 917 4247 30
953 4194 1299 4261 ausgesandtc
1353 4193 1522 4246 Rufin.
1701 4195 1721 4224 ⁴
1754 4192 1931 4244 Morus
1986 4192 2120 4243 nach
2174 4192 2267 4242 dei·
2318 4191 2652 4258 Bandglosse.

409 4258 525 4325 Vgl.
564 4259 647 4313 Br.
687 4262 768 4326 31,
824 4263 916 4315 der
969 4264 1103 4315 nach
1158 4264 1249 4314 der
1302 4262 1636 4330 Erwahnung
1689 4263 1781 4314 des
1828 4261 2007 4314 Morus
2044 4260 2121 4312 als
2157 4260 2301 4312 eines
2340 4260 2528 4313 bereits
2563 4260 2653 4312 be—

411 4326 639 4380 kannten
677 4334 848 4397 spater
883 4332 1223 4399 geschrieben
1260 4332 1478 4385 scheint.
1656 4334 1677 4363 ⁵
1710 4330 1970 4383 Lindener
2018 4330 2154 4382 nach
2190 4330 2281 4381 der
2318 4328 2653 4397 Randglosse.

409 4393 660 4451 Heinrich
696 4398 969 4470 Lindener‚
1019 4417 1124 4454 von
1159 4400 1360 4454 Mutian
1396 4400 1481 4453 nie
1517 4400 1615 4454 mit
1650 4400 1849 4454 diesem
1884 4399 2090 4453 Namen
2126 4402 2366 4467 genennt,
2404 4414 2513 4452 war
2545 4397 2653 4451 Ka-

3038 1557 3051 2109 -—-.———-—-...
