3084 4895
1217 423 1427 480 Mutian
1463 439 1534 475 an
1567 421 1765 478 Urban.
2476 418 2601 485 283

377 599 720 673 literarum,
766 602 1048 661 servetur
1095 596 1388 659 voluntas
1432 593 1791 676 syngraphi.
1883 594 2120 656 Addam
2170 592 2477 675 inquilino
2522 593 2603 655 ad

378 685 876 761 instructionem,
931 705 1075 746 nam
1121 691 1185 746 et
1230 680 1656 763 coquinarius·
1721 680 1893 760 vulgi
1951 680 2309 760 opinionem
2374 677 2601 761 probat

379 776 442 835 et
473 792 589 853 ego
623 770 748 834 noli
781 770 903 833 dici
936 769 1184 850 impius.
1253 768 1504 850 Raptim
1540 767 1711 842 haec,
1746 788 1887 829 cum
1919 786 2130 829 cursor
2162 765 2240 827 ad
2271 764 2601 847 prandium

376 857 658 921 venisset
714 856 788 919 de
849 851 1262 919 Fridislaria.²
1349 852 1454 929 Te,
1513 853 1601 915 mi
1669 852 1935 928 Urbane,
1995 872 2145 933 rogo
2192 854 2255 914 et
2298 850 2603 924 obtestor,

377 943 600 1019 scribe,
647 964 796 1007 num
842 941 1065 1005 domus
1110 944 1308 1015 vacet,
1356 938 1580 1003 deinde
1636 960 1783 1002 num
1838 936 2009 1002 adsit
2065 936 2432 1017 inquilinae,
2494 935 2603 1016 qui

379 1029 531 1092 velit
573 1049 685 1111 pro
730 1027 1032 1109 pensione
1091 1030 1328 1089 struere
1374 1029 1436 1089 et
1479 1046 1681 1087 meam
1727 1026 2090 1105 exspectare
2139 1022 2344 1087 fidem.
2433 1020 2607 1085 Satis

376 1137 479 1177 me
542 1114 769 1178 Hassia
836 1108 1075 1177 vexat.³
1163 1111 1436 1175 Nimium
1503 1115 1619 1188 est,
1689 1109 1857 1190 quod
1904 1110 2025 1173 ista
2090 1130 2313 1191 pecora
2376 1106 2600 1191 campi,

379 1200 595 1263 vicarii
646 1198 949 1275 vilissimi,
999 1218 1094 1261 me
1139 1197 1538 1261 contristant.
1628 1193 1793 1261 Vale.

688 1300 810 1354 Cod.
846 1298 977 1351 Frcf.
1017 1297 1134 1351 268.

375 1507 566 1561 Gotha.
1137 1542 1141 1545 -
1427 1489 1567 1552 228.
2139 1502 2253 1571 (vor
2282 1500 2414 1569 Ost.)
2452 1501 2598 1553 1513.

1131 1617 1415 1687 Mutian
1459 1637 1559 1685 an
1602 1615 1874 1686 Urban.

383 1745 733 1812 (Oelconomzae
783 1747 1062 1799 Fm'edrich
1105 1748 1177 1828 is}
1221 1764 1340 1800 vom
1391 1747 1618 1800 Gothaer
1673 1746 1956 1814 Maqistrat
1989 1762 2085 1797 um
2117 1744 2232 1795 400
2273 1742 2352 1821 Gl.
2391 1738 2610 1809 qestraft

382 1810 2372 1952 mermwssmwffwwmfffflfflmffl
2386 1808 2609 1931 pm

391 1951 466 2005 Ob
497 1953 594 2007 das
627 1952 812 2007 Breve-3
850 1954 1024 2007 Severe
1058 1952 1683 2089 mqeqebegznugelllctle)
1697 1952 1963 2007 Eberbaeh
1996 1950 2312 2012 beschenlcem
2338 1948 2464 2001 doeh
2484 1946 2609 2016 fehlt
2636 2046 2645 2052 .

1049 2176 1054 2181 .
1127 2137 1205 2189 Η.
1243 2137 1496 2187 Urbano
1532 2137 1616 2190 M.
1652 2134 1867 2189 Rufus.

592 2244 654 2309 S.
745 2246 904 2322 Quia
948 2252 1012 2309 te
1056 2252 1119 2311 et
1161 2252 1308 2311 tuos
1353 2249 1391 2311 i.
1439 2271 1489 2311 e.
1550 2248 1787 2311 tribum
1852 2252 2131 2311 nostram
2186 2246 2286 2325 (de
2347 2242 2607 2307 eruditis

383 2329 633 2413 loquor)
678 2335 789 2396 tua
833 2333 1144 2413 sapientia
1204 2335 1402 2398 tutari
1460 2339 1651 2414 atque
1710 2356 1930 2397 ornare
1995 2337 2193 2413 potest,
2262 2351 2603 2413 proponam

383 2417 508 2482 tibi
574 2417 1086 2483 deliberationem
1154 2418 1485 2484 honestam
1533 2426 1600 2485 et
1641 2420 1878 2485 utilem.
1977 2419 2158 2484 Nosti
2225 2416 2607 2481 Fridericum

387 2525 798 2568 oeconomum
823 2507 942 2570 sui
988 2505 1277 2569 ordinis*
1361 2508 1422 2571 Is
1461 2507 1704 2589 aliquot
1734 2509 1917 2572 annis
1948 2507 2263 2588 gratiosus
2293 2504 2414 2568 fuit
2444 2503 2610 2584 apud

387 2589 698 2666 CastoreS,
747 2590 904 2655 duos
964 2592 1204 2665 fratreS,
1265 2597 1567 2676 patronos
1624 2593 1841 2658 meos‚⁵
1930 2591 2113 2656 Nunc
2174 2594 2419 2655 mutata
2478 2589 2611 2652 vice

387 2676 607 2757 („quid
654 2675 860 2758 placet
903 2683 1070 2742 aut⁸
1129 2678 1272 2744 odio
1321 2684 1433 2757 est,
1481 2679 1649 2761 quod
1694 2701 1819 2744 non
1867 2678 2171 2743 mutabile
2230 2671 2611 2756 credas?“⁶),

387 2762 523 2824 vice
591 2763 850 2843 inquam
919 2769 1165 2827 mutata
1232 2764 1420 2846 vulgo
1491 2767 1720 2828 dicitur
1792 2765 2075 2830 amisisse
2148 2763 2611 2827 auctoritatem.

387 2848 601 2930 Nuper
645 2848 811 2930 quod
861 2855 1080 2912 contra
1127 2851 1396 2914 edictum
1461 2852 1801 2933 principale
1855 2851 2236 2932 prohibitam
2294 2851 2613 2930 erogasset

387 2934 737 3015 pecuniam,
785 2934 1090 3000 multatus
1135 2941 1270 3000 erat
1311 2941 1727 3019 a·quaestore
1770 2937 2086 3013 GothanO,
2132 2938 2264 3000 viro
2310 2935 2610 2998 acerrimo

390 3022 454 3081 et
497 3019 892 3091 inexorabili,
941 3020 1149 3086 CCCC
1193 3024 1398 3086 aureis
1443 3023 1734 3086 nummis.
1826 3024 1921 3086 An
1982 3023 2192 3087 soluta
2249 3022 2333 3084 sit
2393 3020 2610 3095 multa,

387 3105 695 3169 affirmare
741 3127 999 3186 nequeo.
1090 3108 1324 3172 Passus
1371 3114 1468 3172 est
1512 3131 1647 3171 eam
1694 3109 2123 3190 ignominiam,
2158 3111 2227 3170 ut
2260 3107 2410 3170 dixi.
2486 3104 2609 3169 Sed

385 3190 542 3253 haec
580 3191 1026 3272 jactura-nihil
1072 3194 1153 3256 ad
1199 3217 1330 3256 nos‚
1421 3194 1593 3258 Satis
1638 3200 1891 3259 constat
1935 3217 2075 3257 eum
2120 3194 2312 3257 fuisse
2355 3193 2418 3254 in
2466 3191 2649 3262 aula,

385 3275 862 3358 impetrabilem,
923 3278 1055 3342 sive
1114 3281 1384 3360 gratiam
1445 3281 1664 3343 emerit
1717 3287 1789 3342 ut
1842 3281 2015 3344 dives
2070 3284 2133 3343 et
2193 3280 2607 3360 importunus,

385 3363 518 3424 sive
581 3361 904 3426 blanditiis
951 3370 1013 3426 et
1058 3365 1421 3428 adulatione
1489 3367 1838 3448 captaverit
1902 3387 2116 3428 auram
2182 3361 2612 3447 principalem.

387 3447 633 3511 Profuit
698 3469 771 3511 eo
836 3450 1022 3513 modo
1090 3452 1220 3513 suis
1284 3457 1348 3513 et
1413 3453 1597 3532 quasi
1663 3453 1999 3532 imperator
2072 3452 2445 3514 rusticorum
2513 3451 2611 3510 est

385 3532 662 3596 habitus.
776 3533 888 3598 Est
951 3535 1012 3596 iu
1081 3542 1143 3598 te
1207 3558 1334 3599 non
1408 3538 1609 3601 minor
1684 3537 2011 3610 industria,
2084 3559 2196 3619 par
2268 3534 2613 3614 ingenium,

387 3618 674 3682 doctrina
731 3620 947 3702 major,
1013 3621 1326 3704 elegantia
1381 3623 1507 3686 stili
1562 3624 1905 3688 amabilior.
1996 3621 2064 3686 Si
2125 3622 2387 3696 videtur,
2445 3641 2609 3682 com-

389 3704 699 3768 mendabo
746 3710 807 3768 te
851 3707 1129 3770 maximo
1175 3707 1523 3788 principum
1574 3731 1683 3789 pro
1728 3732 1865 3772 mea
1909 3731 2055 3790 erga
2084 3713 2147 3772 te
2183 3705 2616 3770 benevolentia

385 3795 582 3870 atque
625 3791 1044 3854 observantia.
1135 3792 1353 3873 Neque
1415 3794 1659 3870 dubito,
1716 3797 1867 3875 quin
1940 3816 2147 3858 meum
2212 3791 2610 3875 praeconium

387 3875 620 3940 efficiat
666 3880 729 3938 te
776 3876 1204 3956 favorabilem,
1250 3879 1374 3940 nisi
1419 3886 1666 3943 metuas
1713 3880 1868 3943 haec
1913 3885 2194 3961 tempora
2249 3901 2398 3942 sane
2454 3877 2613 3959 peri-

388 3961 622 4024 culosa.
735 3962 919 4026 Nunc
984 3963 1178 4026 alium
1239 3962 1463 4028 faciam
1531 3967 2011 4049 paragraphum.
2122 3965 2395 4045 Exquire
2458 3962 2614 4026 mihi

531 4181 558 4208 a
585 4165 712 4233 quid
747 4164 918 4232 placet
953 4168 1047 4218 aut
1076 4165 1200 4232 fehlt
1235 4167 1318 4218 bei
1353 4167 1498 4220 Tem.

529 4253 545 4282 ¹
580 4251 918 4329 Engclmann.
957 4252 1006 4304 S.
1046 4252 1144 4306 ‘206
1179 4255 1240 4306 A.
1279 4253 1325 4306 ⁶2.
1469 4257 1488 4286 ‘²
1525 4255 1809 4308 Vielleicht
1856 4273 2037 4324 wegen
2086 4257 2177 4308 der
2212 4255 2617 4323 Angelegenheit

387 4322 480 4374 des
518 4320 667 4373 Paul.
699 4319 954 4387 Aqussms.
992 4319 1040 4374 S.
1063 4321 1160 4373 247
1198 4325 1256 4374 A.
1282 4323 1430 4377 5210.
1552 4325 1572 4354 ³
1605 4325 1807 4392 Wegcn
1845 4325 1935 4376 der
1968 4324 2492 4377 Hinterlassenschaft
2526 4323 2619 4374 (lor

385 4389 602 4442 Briider.
677 4389 791 4456 Vgl.
837 4389 887 4441 S.
925 4389 1024 4441 278
1070 4392 1132 4443 A.
1169 4391 1215 4443 7.
1367 4392 1387 4422 ⁴
1433 4392 1553 4445 Von
1601 4392 2075 4446 Reinhardsbrunn.
2126 4392 2176 4446 S.
2214 4393 2280 4444 33
2325 4394 2384 4446 Α.
2422 4393 2469 4454 3,

385 4461 409 4494 ⁵
441 4457 712 4514 Friedrich
746 4475 796 4513 u.
833 4458 1038 4512 Johann
1073 4475 1122 4512 v.
1160 4458 1403 4513 Sachsen.
1549 4462 1571 4493 ⁶
1604 4460 1727 4514 Hor.
1762 4461 1854 4529 Ep.
1891 4461 1959 4530 11,
2000 4465 2043 4534 l,
2084 4462 2196 4522 101,
