3084 4895
428 368 559 435 θα)
884 369 1191 424 Zerstreute
1228 370 1407 425 Briefe
1442 385 1539 425 aus
1577 369 1990 425 verschiedeuen
2029 371 2232 425 Zeiten.

606 540 746 604 Non
795 540 998 621 pudor
1044 542 1143 604 est
1187 540 1385 605 sacris
1430 539 1689 623 Solymo
1737 544 2042 605 cantante
2088 540 2399 624 propheta

685 625 953 708 psallere
1000 624 1367 691 dulcisonos
1413 648 1569 691 voce
1615 626 1904 708 chelique
1949 627 2194 691 modos.

603 710 1000 793 Pythagoras
1045 712 1303 789 fidibus,
1350 712 1563 776 nervis
1609 712 1732 775 scit
1779 718 2002 775 cantor
2047 712 2294 795 Apollo,

688 798 1021 878 vocalique
1066 797 1227 861 Lino
1274 797 1511 861 chorda
1557 819 1792 861 canora
1835 797 1978 861 fuit.

606 882 937 965 Tympana
980 888 1132 947 sunt
1178 882 1399 961 Gallis,
1447 886 1628 947 tenet
1673 885 1737 947 et
1781 906 1899 947 sua
1944 881 2140 946 naula
2189 883 2514 962 sacerdoS,

690 968 801 1050 qui
847 967 1003 1032 boat
1045 969 1113 1031 in
1158 969 1434 1051 templi8‚
1485 967 1990 1043 Christe-beate,
2038 969 2190 1031 tuis,

606 1053 839 1117 Codice
884 1054 1173 1133 legitimo
1220 1053 1404 1119 Plato
1452 1074 1570 1116 nos
1615 1057 1874 1118 cantare
1919 1054 2200 1117 secundo

686 1138 882 1220 jussit
927 1142 991 1201 et
1036 1144 1132 1202 est
1178 1140 1345 1202 tanti
1390 1139 1494 1202 lex
1540 1139 1902 1202 veneranda
1948 1139 2136 1202 senis,

608 1224 943 1287 Praeterea
987 1230 1213 1287 sancta
1260 1228 1357 1287 est
1403 1223 1713 1288 citharam
1762 1225 2012 1305 pulsare
2060 1222 2375 1304 voluptaS‚

697 1329 812 1371 nec
857 1308 1189 1373 minimum
1236 1310 1432 1372 flandi
1480 1331 1719 1373 cornua
1763 1310 1929 1372 flexa
1976 1309 2187 1372 decuS.

610 1393 733 1458 Sed
782 1398 997 1456 tamen
1044 1394 1301 1458 excellit
1347 1396 1520 1458 vocis
1570 1416 1762 1459 canor
1807 1415 2049 1475 organa
2095 1394 2392 1472 dextrae3

698 1477 811 1544 illa
858 1499 1048 1543 sonos
1093 1484 1369 1557 tantum,
1418 1501 1544 1543 vox
1591 1484 1732 1543 rata
1759 1481 1971 1543 'verba
2017 1486 2208 1543 creat.

609 1564 833 1630 Gratia
878 1564 1279 1642 Noctican0,¹
1332 1566 1511 1647 cujus
1557 1565 1873 1648 sapientia
1918 1565 2115 1628 mutis

698 1649 988 1715 clavibus
1034 1650 1138 1714 hic
1182 1656 1421 1715 reserat
1466 1652 1711 1715 musica
1760 1654 1932 1715 tecta
1978 1650 2207 1728 choris„
2253 1643 2271 1656 ’

614 1736 804 1817 inque
850 1737 988 1816 pios
1033 1736 1315 1800 humana
1359 1734 1623 1799 trahens
1670 1737 2038 1818 praecordia
2083 1742 2312 1799 cantus

695 1820 1111 1885 multisonum
1160 1821 1436 1885 breviter
1480 1826 1783 1903 'personat
1827 1843 1934 1885 ore
1980 1820 2198 1885 melos,

610 1905 743 1970 Nec
786 1908 944 1970 satis
989 1906 1253 1971 alternis
1300 1908 1580 1989 psalmos
1626 1908 1910 1983 recitare,
1959 1907 2232 1971 furorem

698 1992 977 2055 carmine
1022 1993 1305 2057 divinum
1334 2014 1480 2057 ,non
1528 1994 1666 2057 sine
1709 1994 1898 2057 laude
1944 1993 2085 2055 ciet.

1941 2075 2499 2159 Extemporaliter.
2651 2133 2658 2141 .

614 2227 618 2230 ,
652 2161 916 2226 Catonis
962 2162 1347 2227 severissimi
1394 2163 1584 2227 nimis
1628 2185 1916 2247 asperam
1958 2163 2346 2229 sententiam
2379 2163 2456 2225 de
2487 2160 2720 2243 puellis

450 2246 671 2311 ludum
750 2248 1061 2312 musicum
1137 2248 1334 2312 veteri
1411 2270 1583 2319 more
1656 2249 2236 2331 frequentantibuS,
2311 2269 2477 2331 quae
2547 2244 2720 2328 apud

446 2332 841 2398 Macrobium
914 2334 1165 2416 legitur,
1237 2356 1355 2398 nos
1422 2336 1663 2399 urbane
1731 2335 1904 2399 dicto
1969 2334 2334 2399 refellimuS.
2447 2331 2568 2394 Per
2634 2334 2720 2407 te,

448 2416 629 2494 Cato,
687 2419 878 2484 liceat
932 2420 1192 2486 senibus
1252 2424 1509 2486 cantare
1563 2425 1628 2485 et
1685 2420 1970 2504 psallere,
2028 2421 2137 2504 qui
2183 2419 2247 2483 id
2291 2417 2578 2484 muneris
2641 2438 2722 2480 ne

446 2505 669 2586 pueris
728 2506 981 2588 quidem
1030 2511 1095 2570 et
1138 2507 1365 2590 puellis
1426 2507 1819 2590 permiseras
1912 2506 2259 2572 Succurrat
2314 2505 2436 2569 tibi
2493 2503 2722 2568 Socra—

451 2591 647 2672 ticum
698 2591 1074 2674 exemplum.
1171 2591 1466 2657 Socrates
1512 2593 1680 2656 enim
1721 2593 1854 2675 jam
1903 2615 2097 2662 senex
2133 2591 2388 2656 institui
2420 2590 2557 2670 lyra
2588 2610 2720 2652 non

452 2676 888 2740 erubescebat.
980 2677 1185 2742 Duces
1242 2678 1392 2742 olim
1449 2681 1763 2743 maximos
1807 2684 1872 2743 et
1915 2679 2151 2742 fidibus
2197 2681 2262 2740 et
2315 2677 2494 2740 tibiis
2553 2675 2721 2738 ceci-

452 2763 623 2826 nisse
690 2762 999 2826 traditum
1070 2768 1183 2827 est.
1288 2762 1413 2828 Sed
1482 2771 1546 2828 et
1613 2768 1898 2828 veterum
1966 2785 2220 2847 quoque
2286 2763 2721 2826 Romanorum

455 2846 659 2930 epulis
704 2847 863 2911 fides
908 2870 981 2912 ac
1026 2849 1221 2913 tibias
1266 2848 1568 2913 adhibere
1612 2851 1808 2914 moris
1853 2849 1993 2914 fuit.
2084 2847 2543 2913 Themistocles
2575 2868 2723 2910 cum

458 2955 525 2996 se
572 2933 935 3015 imperitum
1004 2935 1175 3016 lyrae
1244 2935 1571 2998 confessus
1641 2940 1825 3012 esset,
1893 2935 2154 2999 habitus
2220 2937 2319 2998 est
2382 2932 2722 2996 indoctior.

458 3018 702 3083 Omitto
750 3019 1078 3098 Davidem,
1125 3042 1311 3103 quem
1362 3024 1427 3084 et
1470 3020 1742 3084 saltasse
1789 3025 1854 3084 et
1897 3020 2150 3104 publice
2195 3019 2500 3082 cecinisse
2559 3017 2723 3098 legi-

458 3126 618 3169 mus.
710 3105 894 3170 Plato
941 3127 1169 3188 pueros
1213 3107 1588 3188 puellasque
1634 3107 1712 3170 ad
1761 3106 2053 3169 choream
2102 3105 2392 3170 hortatur
2428 3103 2724 3184 exemplo

459 3189 783 3256 Minervae
811 3203 840 3231 ⁸
886 3191 1170 3273 virginiS,
1216 3213 1381 3273 quae
1430 3192 1697 3255 Athenis
1742 3193 2076 3274 praecipue
2123 3189 2465 3252 colebatur.
2555 3188 2722 3250 Item

459 3276 646 3340 Plato
717 3277 888 3340 civili
954 3277 1087 3340 viro
1155 3277 1574 3340 necessariam
1646 3279 1926 3341 musicen
1995 3276 2277 3340 credidit.
2392 3275 2726 3356 Lycurgus

460 3363 735 3425 musices
772 3362 1181 3444 disciplinam
1231 3361 1546 3444 probavit..
1639 3361 2094 3444 pythagoraeis
2142 3364 2308 3424 certe
2353 3360 2546 3423 moris
2578 3359 2724 3434 fuit,

460 3449 524 3508 et
580 3468 723 3510 cum
786 3448 1217 3529 evigilassent,
1278 3449 1527 3511 animos
1573 3449 1655 3512 ad
1698 3449 1894 3530 lyram
1958 3448 2258 3522 excit-are,
2319 3466 2445 3526 quo
2509 3449 2729 3507 essent

458 3531 538 3595 ad
589 3534 903 3612 agendum
954 3535 1314 3605 erectiores,
1360 3539 1422 3596 et
1468 3554 1609 3596 cum
1657 3555 1947 3596 somnum
1994 3534 2302 3615 peterent,
2345 3531 2424 3593 ad
2457 3530 2730 3593 eandem

458 3617 636 3699 prius
702 3618 896 3682 lenire
965 3625 1261 3694 mentem,
1326 3623 1397 3681 ut
1444 3621 1496 3681 si
1545 3619 1698 3699 quid
1765 3619 2004 3682 fuisset·
2056 3617 2478 3681 turbidiorum
2551 3615 2730 3694 cogi-

460 3702 779 3766 tationum
872 3708 1372 3786 componeretur.
1494 3703 1984 3768 Lacedaemonii
2070 3706 2290 3766 autore
2378 3700 2732 3764 Plutarcho

459 3787 623 3852 tibia
668 3789 1020 3852 utebantur
1066 3790 1544 3853 concionatoria
1575 3793 1640 3852 et
1671 3789 1962 3866 moduliS‚
1996 3790 2108 3870 qui
2137 3787 2385 3858 animos
2415 3794 2732 3867 augerent

463 3894 539 3936 ac
592 3873 867 3955 impetus
928 3874 1211 3938 facerent
1268 3874 1816 3938 vehementiores..
1884 3875 2078 3937 Porro
2139 3871 2519 3936 cerimoniae
2581 3893 2728 3934 cum

464 3959 737 4022 modulis
812 3964 878 4022 et
950 3961 1290 4024 saltatione
1366 3959 1619 4042 Orpheo
1694 3960 2081 4040 Musaeoque
2164 3958 2499 4020 autoribus
2573 3978 2730 4022 con-

466 4045 733 4108 stitutae
794 4051 963 4108 sunt.
1057 4045 1212 4108 Salii
1273 4046 1703 4128 Romanorum
1767 4046 1964 4108 sacris
2021 4043 2228 4107 choris
2275 4047 2338 4106 et
2383 4043 2734 4106 saltatione

468 4129 585 4192 deo
628 4128 821 4194 Marti
865 4131 1330 4194 sacrificabant.
1424 4129 1752 4194 Sacrificia
1799 4130 2110 4213 Apollinis
2139 4149 2268 4192 non
2299 4128 2440 4192 sine
2486 4129 2738 4191 musica

600 4315 629 4342 ⁸
655 4299 1022 4354 Mi-niuervae.

606 4371 622 4400 ¹
659 4370 707 4425 d.
745 4369 777 4424 i.
814 4366 1132 4436 Nachtigall.
