<?xml version="1.0" encoding="UTF-8"?>
<!DOCTYPE html PUBLIC "-//W3C//DTD XHTML 1.0 Transitional//EN"
    "http://www.w3.org/TR/xhtml1/DTD/xhtml1-transitional.dtd">
<html xmlns="http://www.w3.org/1999/xhtml" xml:lang="en" lang="en">
 <head>
  <title>
</title>
<meta http-equiv="Content-Type" content="text/html;charset=utf-8" />
  <meta name='ocr-system' content='tesseract 3.04.00' />
  <meta name='ocr-capabilities' content='ocr_page ocr_carea ocr_par ocr_line ocrx_word'/>
</head>
<body>
  <div class='ocr_page' id='page_1' title='image "./derbriefwechsel02kraugoog_0333.png"; bbox 0 0 3084 4895; ppageno 0'>
   <div class='ocr_carea' id='block_1_1' title="bbox 1231 340 2649 417">
    <p class='ocr_par' dir='ltr' id='par_1_1' title="bbox 1231 340 2649 417">
     <span class='ocr_line' id='line_1_1' title="bbox 1231 340 2649 417; baseline 0.012 -25"><span class='ocrx_word' id='word_1_1' title='bbox 1231 340 1453 417; x_wconf 35' lang='lat' dir='ltr'><strong>Mutian·</strong></span> <span class='ocrx_word' id='word_1_2' title='bbox 1469 356 1547 393; x_wconf 81' lang='lat' dir='ltr'><strong>an</strong></span> <span class='ocrx_word' id='word_1_3' title='bbox 1584 340 1785 395; x_wconf 79' lang='lat' dir='ltr'><strong>urban.</strong></span> <span class='ocrx_word' id='word_1_4' title='bbox 2522 346 2649 409; x_wconf 80' lang='grc'><strong>247</strong></span> 
     </span>
    </p>
   </div>
   <div class='ocr_carea' id='block_1_2' title="bbox 347 512 2653 3075">
    <p class='ocr_par' dir='ltr' id='par_1_2' title="bbox 347 512 2653 3075">
     <span class='ocr_line' id='line_1_2' title="bbox 385 512 2647 595; baseline 0.002 -19"><span class='ocrx_word' id='word_1_5' title='bbox 385 513 595 590; x_wconf 85' lang='lat' dir='ltr'><strong>miror,</strong></span> <span class='ocrx_word' id='word_1_6' title='bbox 671 514 808 576; x_wconf 84' lang='lat' dir='ltr'><strong>sine</strong></span> <span class='ocrx_word' id='word_1_7' title='bbox 883 512 1200 595; x_wconf 85' lang='lat' dir='ltr'><strong>Spalatini</strong></span> <span class='ocrx_word' id='word_1_8' title='bbox 1289 513 1510 589; x_wconf 88' lang='lat' dir='ltr'><strong>literis,</strong></span> <span class='ocrx_word' id='word_1_9' title='bbox 1588 534 1747 593; x_wconf 89' lang='lat' dir='ltr'><strong>quas</strong></span> <span class='ocrx_word' id='word_1_10' title='bbox 1817 512 1949 593; x_wconf 90' lang='lat' dir='ltr'><strong>jam</strong></span> <span class='ocrx_word' id='word_1_11' title='bbox 2022 514 2229 578; x_wconf 89' lang='lat' dir='ltr'><strong>tribus</strong></span> <span class='ocrx_word' id='word_1_12' title='bbox 2318 517 2647 581; x_wconf 89' lang='lat' dir='ltr'><strong>mensibus</strong></span> 
     </span>
     <span class='ocr_line' id='line_1_3' title="bbox 385 598 2650 675; baseline 0.003 -14"><span class='ocrx_word' id='word_1_13' title='bbox 385 598 720 675; x_wconf 76' lang='lat' dir='ltr'><strong>desidero,</strong></span> <span class='ocrx_word' id='word_1_14' title='bbox 757 599 890 661; x_wconf 90' lang='lat' dir='ltr'><strong>sive</strong></span> <span class='ocrx_word' id='word_1_15' title='bbox 945 600 1148 661; x_wconf 90' lang='lat' dir='ltr'><strong>iratus</strong></span> <span class='ocrx_word' id='word_1_16' title='bbox 1205 599 1338 662; x_wconf 86' lang='lat' dir='ltr'><strong>sive</strong></span> <span class='ocrx_word' id='word_1_17' title='bbox 1396 598 1640 662; x_wconf 87' lang='lat' dir='ltr'><strong>oblitus</strong></span> <span class='ocrx_word' id='word_1_18' title='bbox 1701 598 1904 662; x_wconf 83' lang='lat' dir='ltr'><strong>nostri</strong></span> <span class='ocrx_word' id='word_1_19' title='bbox 1968 598 2102 662; x_wconf 90' lang='lat' dir='ltr'><strong>sive</strong></span> <span class='ocrx_word' id='word_1_20' title='bbox 2172 599 2449 663; x_wconf 88' lang='lat' dir='ltr'><strong>afflictus</strong></span> <span class='ocrx_word' id='word_1_21' title='bbox 2523 624 2650 667; x_wconf 90' lang='lat' dir='ltr'><strong>non</strong></span> 
     </span>
     <span class='ocr_line' id='line_1_4' title="bbox 380 684 2649 765; baseline 0.002 -18"><span class='ocrx_word' id='word_1_22' title='bbox 380 684 720 765; x_wconf 77' lang='lat' dir='ltr'>scripserit.</span> <span class='ocrx_word' id='word_1_23' title='bbox 813 684 952 746; x_wconf 87' lang='lat' dir='ltr'><strong>Non</strong></span> <span class='ocrx_word' id='word_1_24' title='bbox 1003 706 1144 745; x_wconf 89' lang='lat' dir='ltr'><strong>sum</strong></span> <span class='ocrx_word' id='word_1_25' title='bbox 1190 690 1324 747; x_wconf 90' lang='lat' dir='ltr'><strong>tam</strong></span> <span class='ocrx_word' id='word_1_26' title='bbox 1365 685 1569 759; x_wconf 81' lang='lat' dir='ltr'><strong>mitis,</strong></span> <span class='ocrx_word' id='word_1_27' title='bbox 1616 684 1771 765; x_wconf 90' lang='lat' dir='ltr'><strong>quin</strong></span> <span class='ocrx_word' id='word_1_28' title='bbox 1814 684 2319 762; x_wconf 88' lang='lat' dir='ltr'><strong>exacerbescam,</strong></span> <span class='ocrx_word' id='word_1_29' title='bbox 2352 708 2478 749; x_wconf 91' lang='lat' dir='ltr'><strong>non</strong></span> <span class='ocrx_word' id='word_1_30' title='bbox 2514 691 2649 751; x_wconf 87' lang='lat' dir='ltr'><strong>tam</strong></span> 
     </span>
     <span class='ocr_line' id='line_1_5' title="bbox 381 767 2652 855; baseline 0.002 -23"><span class='ocrx_word' id='word_1_31' title='bbox 381 792 660 845; x_wconf 84' lang='lat' dir='ltr'><strong>securus,</strong></span> <span class='ocrx_word' id='word_1_32' title='bbox 709 769 863 851; x_wconf 87' lang='lat' dir='ltr'><strong>quin</strong></span> <span class='ocrx_word' id='word_1_33' title='bbox 911 770 1114 831; x_wconf 87' lang='lat' dir='ltr'><strong>amico</strong></span> <span class='ocrx_word' id='word_1_34' title='bbox 1159 771 1449 855; x_wconf 16' lang='lat' dir='ltr'><strong>timeam..</strong></span> <span class='ocrx_word' id='word_1_35' title='bbox 1533 768 1603 831; x_wconf 87' lang='lat' dir='ltr'><strong>Si</strong></span> <span class='ocrx_word' id='word_1_36' title='bbox 1649 767 1813 831; x_wconf 84' lang='lat' dir='ltr'><strong>male</strong></span> <span class='ocrx_word' id='word_1_37' title='bbox 1858 770 2071 849; x_wconf 84' lang='lat' dir='ltr'><strong>agitur</strong></span> <span class='ocrx_word' id='word_1_38' title='bbox 2104 792 2372 847; x_wconf 87' lang='lat' dir='ltr'><strong>cum-eo,</strong></span> <span class='ocrx_word' id='word_1_39' title='bbox 2410 773 2652 836; x_wconf 82' lang='lat' dir='ltr'><strong>stultus</strong></span> 
     </span>
     <span class='ocr_line' id='line_1_6' title="bbox 379 853 2649 937; baseline 0.002 -20"><span class='ocrx_word' id='word_1_40' title='bbox 379 855 485 917; x_wconf 90' lang='lat' dir='ltr'><strong>ille</strong></span> <span class='ocrx_word' id='word_1_41' title='bbox 559 854 775 917; x_wconf 78' lang='lat' dir='ltr'><strong>frater-¹</strong></span> <span class='ocrx_word' id='word_1_42' title='bbox 849 854 914 916; x_wconf 91' lang='lat' dir='ltr'><strong>in</strong></span> <span class='ocrx_word' id='word_1_43' title='bbox 985 876 1178 917; x_wconf 86' lang='lat' dir='ltr'><strong>causa</strong></span> <span class='ocrx_word' id='word_1_44' title='bbox 1254 860 1369 918; x_wconf 90' lang='lat' dir='ltr'><strong>est.</strong></span> <span class='ocrx_word' id='word_1_45' title='bbox 1463 853 1565 917; x_wconf 90' lang='lat' dir='ltr'><strong>Dii</strong></span> <span class='ocrx_word' id='word_1_46' title='bbox 1634 859 1891 917; x_wconf 90' lang='lat' dir='ltr'><strong>servent</strong></span> <span class='ocrx_word' id='word_1_47' title='bbox 1958 855 2142 917; x_wconf 90' lang='lat' dir='ltr'><strong>nobis</strong></span> <span class='ocrx_word' id='word_1_48' title='bbox 2221 854 2649 937; x_wconf 87' lang='lat' dir='ltr'><strong>Spalatinum.</strong></span> 
     </span>
     <span class='ocr_line' id='line_1_7' title="bbox 381 937 2651 1021; baseline 0.002 -20"><span class='ocrx_word' id='word_1_49' title='bbox 381 940 544 1015; x_wconf 81' lang='lat' dir='ltr'><strong>Quid</strong></span> <span class='ocrx_word' id='word_1_50' title='bbox 593 940 715 1002; x_wconf 85' lang='lat' dir='ltr'><strong>tu‘?</strong></span> <span class='ocrx_word' id='word_1_51' title='bbox 805 940 895 1001; x_wconf 91' lang='lat' dir='ltr'><strong>De</strong></span> <span class='ocrx_word' id='word_1_52' title='bbox 937 940 1136 1021; x_wconf 89' lang='lat' dir='ltr'><strong>janua</strong></span> <span class='ocrx_word' id='word_1_53' title='bbox 1183 942 1336 1021; x_wconf 87' lang='lat' dir='ltr'><strong>quid</strong></span> <span class='ocrx_word' id='word_1_54' title='bbox 1383 940 1621 1003; x_wconf 87' lang='lat' dir='ltr'><strong>factum</strong></span> <span class='ocrx_word' id='word_1_55' title='bbox 1680 937 1864 1003; x_wconf 80' lang='lat' dir='ltr'><strong>est‘?²</strong></span> <span class='ocrx_word' id='word_1_56' title='bbox 1955 940 2129 1002; x_wconf 84' lang='lat' dir='ltr'><strong>Nihil</strong></span> <span class='ocrx_word' id='word_1_57' title='bbox 2176 941 2651 1007; x_wconf 76' lang='lat' dir='ltr'><strong>inconstantius</strong></span> 
     </span>
     <span class='ocr_line' id='line_1_8' title="bbox 379 1022 2649 1106; baseline 0.002 -19"><span class='ocrx_word' id='word_1_58' title='bbox 379 1022 715 1089; x_wconf 80' lang='lat' dir='ltr'><strong>Duronio.³</strong></span> <span class='ocrx_word' id='word_1_59' title='bbox 804 1025 938 1087; x_wconf 87' lang='lat' dir='ltr'><strong>Hac</strong></span> <span class='ocrx_word' id='word_1_60' title='bbox 983 1024 1140 1087; x_wconf 88' lang='lat' dir='ltr'><strong>hora</strong></span> <span class='ocrx_word' id='word_1_61' title='bbox 1187 1026 1317 1088; x_wconf 91' lang='lat' dir='ltr'><strong>vidi</strong></span> <span class='ocrx_word' id='word_1_62' title='bbox 1363 1026 1428 1088; x_wconf 94' lang='lat' dir='ltr'><strong>in</strong></span> <span class='ocrx_word' id='word_1_63' title='bbox 1473 1026 1713 1106; x_wconf 90' lang='lat' dir='ltr'><strong>templo</strong></span> <span class='ocrx_word' id='word_1_64' title='bbox 1761 1028 1980 1088; x_wconf 88' lang='lat' dir='ltr'><strong>nostro</strong></span> <span class='ocrx_word' id='word_1_65' title='bbox 2027 1025 2415 1089; x_wconf 87' lang='lat' dir='ltr'><strong>Fridericum</strong></span> <span class='ocrx_word' id='word_1_66' title='bbox 2464 1050 2649 1092; x_wconf 91' lang='lat' dir='ltr'><strong>oeco-</strong></span> 
     </span>
     <span class='ocr_line' id='line_1_9' title="bbox 379 1107 2644 1193; baseline 0.001 -21"><span class='ocrx_word' id='word_1_67' title='bbox 379 1107 642 1174; x_wconf 72' lang='lat' dir='ltr'><strong>nomum</strong></span> <span class='ocrx_word' id='word_1_68' title='bbox 710 1110 903 1173; x_wconf 89' lang='lat' dir='ltr'><strong>vicini</strong></span> <span class='ocrx_word' id='word_1_69' title='bbox 971 1110 1315 1174; x_wconf 65' lang='lat' dir='ltr'><strong>coenobii*</strong></span> <span class='ocrx_word' id='word_1_70' title='bbox 1403 1110 1584 1174; x_wconf 87' lang='lat' dir='ltr'><strong>Gerit</strong></span> <span class='ocrx_word' id='word_1_71' title='bbox 1629 1111 1684 1173; x_wconf 90' lang='lat' dir='ltr'><strong>is</strong></span> <span class='ocrx_word' id='word_1_72' title='bbox 1729 1113 2106 1192; x_wconf 88' lang='lat' dir='ltr'><strong>perpetuum</strong></span> <span class='ocrx_word' id='word_1_73' title='bbox 2176 1112 2644 1193; x_wconf 85' lang='lat' dir='ltr'><strong>magistratum.</strong></span> 
     </span>
     <span class='ocr_line' id='line_1_10' title="bbox 381 1196 2645 1280; baseline 0.001 -21"><span class='ocrx_word' id='word_1_74' title='bbox 381 1196 646 1259; x_wconf 81' lang='lat' dir='ltr'><strong>Manent</strong></span> <span class='ocrx_word' id='word_1_75' title='bbox 692 1197 881 1258; x_wconf 87' lang='lat' dir='ltr'><strong>etiarn</strong></span> <span class='ocrx_word' id='word_1_76' title='bbox 929 1197 1122 1259; x_wconf 90' lang='lat' dir='ltr'><strong>ceteri</strong></span> <span class='ocrx_word' id='word_1_77' title='bbox 1161 1196 1468 1260; x_wconf 89' lang='lat' dir='ltr'><strong>officiales</strong></span> <span class='ocrx_word' id='word_1_78' title='bbox 1513 1198 1579 1258; x_wconf 92' lang='lat' dir='ltr'><strong>in</strong></span> <span class='ocrx_word' id='word_1_79' title='bbox 1627 1196 2013 1277; x_wconf 77' lang='lat' dir='ltr'><strong>magisterio,</strong></span> <span class='ocrx_word' id='word_1_80' title='bbox 2104 1196 2189 1259; x_wconf 88' lang='lat' dir='ltr'><strong>At</strong></span> <span class='ocrx_word' id='word_1_81' title='bbox 2222 1201 2433 1261; x_wconf 86' lang='lat' dir='ltr'><strong>vestra</strong></span> <span class='ocrx_word' id='word_1_82' title='bbox 2464 1220 2645 1280; x_wconf 90' lang='lat' dir='ltr'><strong>prae-</strong></span> 
     </span>
     <span class='ocr_line' id='line_1_11' title="bbox 379 1280 2647 1361; baseline 0.002 -18"><span class='ocrx_word' id='word_1_83' title='bbox 379 1282 536 1345; x_wconf 88' lang='lat' dir='ltr'><strong>latio</strong></span> <span class='ocrx_word' id='word_1_84' title='bbox 583 1285 773 1345; x_wconf 88' lang='lat' dir='ltr'><strong>vento</strong></span> <span class='ocrx_word' id='word_1_85' title='bbox 821 1281 1116 1345; x_wconf 85' lang='lat' dir='ltr'>mobilior</span> <span class='ocrx_word' id='word_1_86' title='bbox 1161 1286 1274 1345; x_wconf 91' lang='lat' dir='ltr'><strong>est.</strong></span> <span class='ocrx_word' id='word_1_87' title='bbox 1367 1280 1421 1345; x_wconf 85' lang='lat' dir='ltr'>O</span> <span class='ocrx_word' id='word_1_88' title='bbox 1467 1282 1729 1345; x_wconf 89' lang='lat' dir='ltr'><strong>licentia</strong></span> <span class='ocrx_word' id='word_1_89' title='bbox 1773 1282 2045 1361; x_wconf 86' lang='lat' dir='ltr'><strong>agrestis</strong></span> <span class='ocrx_word' id='word_1_90' title='bbox 2076 1287 2141 1345; x_wconf 90' lang='lat' dir='ltr'><strong>et</strong></span> <span class='ocrx_word' id='word_1_91' title='bbox 2173 1282 2397 1346; x_wconf 82' lang='lat' dir='ltr'><strong>furiosi</strong></span> <span class='ocrx_word' id='word_1_92' title='bbox 2444 1285 2647 1347; x_wconf 87' lang='lat' dir='ltr'><strong>domi-</strong></span> 
     </span>
     <span class='ocr_line' id='line_1_12' title="bbox 380 1365 2643 1450; baseline 0.001 -21"><span class='ocrx_word' id='word_1_93' title='bbox 380 1367 605 1430; x_wconf 84' lang='lat' dir='ltr'><strong>natus!</strong></span> <span class='ocrx_word' id='word_1_94' title='bbox 697 1366 841 1429; x_wconf 87' lang='lat' dir='ltr'><strong>Non</strong></span> <span class='ocrx_word' id='word_1_95' title='bbox 909 1372 1154 1450; x_wconf 89' lang='lat' dir='ltr'><strong>patrem</strong></span> <span class='ocrx_word' id='word_1_96' title='bbox 1221 1367 1494 1442; x_wconf 82' lang='lat' dir='ltr'><strong>habetis,</strong></span> <span class='ocrx_word' id='word_1_97' title='bbox 1547 1367 1655 1429; x_wconf 90' lang='lat' dir='ltr'><strong>sed</strong></span> <span class='ocrx_word' id='word_1_98' title='bbox 1702 1372 2065 1448; x_wconf 87' lang='lat' dir='ltr'><strong>tyrannum.</strong></span> <span class='ocrx_word' id='word_1_99' title='bbox 2158 1365 2357 1448; x_wconf 87' lang='lat' dir='ltr'><strong>Spero</strong></span> <span class='ocrx_word' id='word_1_100' title='bbox 2428 1372 2643 1432; x_wconf 90' lang='lat' dir='ltr'><strong>tamen</strong></span> 
     </span>
     <span class='ocr_line' id='line_1_13' title="bbox 385 1452 2648 1533; baseline 0.001 -18"><span class='ocrx_word' id='word_1_101' title='bbox 385 1474 666 1517; x_wconf 87' lang='lat' dir='ltr'><strong>mearum</strong></span> <span class='ocrx_word' id='word_1_102' title='bbox 735 1473 988 1533; x_wconf 89' lang='lat' dir='ltr'><strong>precum</strong></span> <span class='ocrx_word' id='word_1_103' title='bbox 1056 1454 1298 1517; x_wconf 88' lang='lat' dir='ltr'><strong>intuitu</strong></span> <span class='ocrx_word' id='word_1_104' title='bbox 1344 1457 1408 1516; x_wconf 89' lang='lat' dir='ltr'><strong>te</strong></span> <span class='ocrx_word' id='word_1_105' title='bbox 1451 1452 1646 1515; x_wconf 90' lang='lat' dir='ltr'><strong>isthic</strong></span> <span class='ocrx_word' id='word_1_106' title='bbox 1713 1452 2182 1532; x_wconf 84' lang='lat' dir='ltr'><strong>proconsulem⁵</strong></span> <span class='ocrx_word' id='word_1_107' title='bbox 2255 1476 2648 1533; x_wconf 87' lang='lat' dir='ltr'><strong>mansurum,</strong></span> 
     </span>
     <span class='ocr_line' id='line_1_14' title="bbox 383 1537 2653 1619; baseline 0.001 -19"><span class='ocrx_word' id='word_1_108' title='bbox 383 1538 534 1618; x_wconf 87' lang='lat' dir='ltr'><strong>quia</strong></span> <span class='ocrx_word' id='word_1_109' title='bbox 599 1537 781 1601; x_wconf 88' lang='lat' dir='ltr'><strong>vilior</strong></span> <span class='ocrx_word' id='word_1_110' title='bbox 845 1544 942 1600; x_wconf 87' lang='lat' dir='ltr'><strong>est</strong></span> <span class='ocrx_word' id='word_1_111' title='bbox 1003 1538 1300 1619; x_wconf 87' lang='lat' dir='ltr'><strong>janitoris</strong></span> <span class='ocrx_word' id='word_1_112' title='bbox 1366 1543 1595 1615; x_wconf 80' lang='lat' dir='ltr'><strong>statuS,</strong></span> <span class='ocrx_word' id='word_1_113' title='bbox 1662 1560 1850 1619; x_wconf 86' lang='lat' dir='ltr'><strong>quam</strong></span> <span class='ocrx_word' id='word_1_114' title='bbox 1900 1543 1975 1605; x_wconf 81' lang='lat' dir='ltr'><strong>ut</strong></span> <span class='ocrx_word' id='word_1_115' title='bbox 2016 1542 2081 1601; x_wconf 88' lang='lat' dir='ltr'><strong>te</strong></span> <span class='ocrx_word' id='word_1_116' title='bbox 2127 1538 2365 1601; x_wconf 85' lang='lat' dir='ltr'><strong>deceat.</strong></span> <span class='ocrx_word' id='word_1_117' title='bbox 2459 1540 2653 1603; x_wconf 88' lang='lat' dir='ltr'><strong>Plura</strong></span> 
     </span>
     <span class='ocr_line' id='line_1_15' title="bbox 381 1622 2651 1706; baseline 0.002 -21"><span class='ocrx_word' id='word_1_118' title='bbox 381 1623 536 1705; x_wconf 88' lang='lat' dir='ltr'><strong>quid</strong></span> <span class='ocrx_word' id='word_1_119' title='bbox 598 1644 758 1703; x_wconf 91' lang='lat' dir='ltr'><strong>opus</strong></span> <span class='ocrx_word' id='word_1_120' title='bbox 818 1622 964 1686; x_wconf 86' lang='lat' dir='ltr'><strong>est‘?</strong></span> <span class='ocrx_word' id='word_1_121' title='bbox 1052 1624 1193 1688; x_wconf 87' lang='lat' dir='ltr'><strong>Non</strong></span> <span class='ocrx_word' id='word_1_122' title='bbox 1256 1624 1517 1706; x_wconf 87' lang='lat' dir='ltr'><strong>expedit</strong></span> <span class='ocrx_word' id='word_1_123' title='bbox 1577 1624 1791 1687; x_wconf 89' lang='lat' dir='ltr'><strong>omnia</strong></span> <span class='ocrx_word' id='word_1_124' title='bbox 1854 1624 2128 1686; x_wconf 88' lang='lat' dir='ltr'><strong>scribere</strong></span> <span class='ocrx_word' id='word_1_125' title='bbox 2175 1628 2238 1686; x_wconf 91' lang='lat' dir='ltr'><strong>et</strong></span> <span class='ocrx_word' id='word_1_126' title='bbox 2283 1646 2521 1703; x_wconf 89' lang='lat' dir='ltr'><strong>vereor,</strong></span> <span class='ocrx_word' id='word_1_127' title='bbox 2572 1649 2651 1689; x_wconf 91' lang='lat' dir='ltr'><strong>ne</strong></span> 
     </span>
     <span class='ocr_line' id='line_1_16' title="bbox 382 1708 2653 1791; baseline 0.001 -20"><span class='ocrx_word' id='word_1_128' title='bbox 382 1708 538 1771; x_wconf 88' lang='lat' dir='ltr'><strong>haec</strong></span> <span class='ocrx_word' id='word_1_129' title='bbox 585 1709 724 1791; x_wconf 85' lang='lat' dir='ltr'><strong>ipsa</strong></span> <span class='ocrx_word' id='word_1_130' title='bbox 768 1709 898 1771; x_wconf 83' lang='lat' dir='ltr'><strong>sint</strong></span> <span class='ocrx_word' id='word_1_131' title='bbox 931 1710 1145 1773; x_wconf 88' lang='lat' dir='ltr'><strong>nimia.</strong></span> <span class='ocrx_word' id='word_1_132' title='bbox 1239 1709 1362 1773; x_wconf 85' lang='lat' dir='ltr'><strong>Sed</strong></span> <span class='ocrx_word' id='word_1_133' title='bbox 1397 1709 1737 1772; x_wconf 81' lang='lat' dir='ltr'><strong>excusabis</strong></span> <span class='ocrx_word' id='word_1_134' title='bbox 1770 1709 2105 1789; x_wconf 85' lang='lat' dir='ltr'><strong>epistolam</strong></span> <span class='ocrx_word' id='word_1_135' title='bbox 2138 1710 2286 1772; x_wconf 91' lang='lat' dir='ltr'><strong>huic</strong></span> <span class='ocrx_word' id='word_1_136' title='bbox 2319 1709 2653 1788; x_wconf 78' lang='lat' dir='ltr'><strong>barbaro,⁶</strong></span> 
     </span>
     <span class='ocr_line' id='line_1_17' title="bbox 379 1790 2649 1875; baseline 0.001 -18"><span class='ocrx_word' id='word_1_137' title='bbox 379 1794 552 1875; x_wconf 89' lang='lat' dir='ltr'><strong>quod</strong></span> <span class='ocrx_word' id='word_1_138' title='bbox 599 1790 894 1857; x_wconf 88' lang='lat' dir='ltr'><strong>videlicet</strong></span> <span class='ocrx_word' id='word_1_139' title='bbox 939 1794 1058 1857; x_wconf 87' lang='lat' dir='ltr'><strong>tibi</strong></span> <span class='ocrx_word' id='word_1_140' title='bbox 1091 1816 1304 1858; x_wconf 86' lang='lat' dir='ltr'><strong>curam</strong></span> <span class='ocrx_word' id='word_1_141' title='bbox 1354 1796 1675 1858; x_wconf 82' lang='lat' dir='ltr'><strong>redituum</strong></span> <span class='ocrx_word' id='word_1_142' title='bbox 1722 1816 2003 1857; x_wconf 84' lang='lat' dir='ltr'><strong>meorum</strong></span> <span class='ocrx_word' id='word_1_143' title='bbox 2052 1796 2649 1873; x_wconf 82' lang='lat' dir='ltr'><strong>commendaverim,</strong></span> 
     </span>
     <span class='ocr_line' id='line_1_18' title="bbox 379 1880 2651 1963; baseline 0.001 -21"><span class='ocrx_word' id='word_1_144' title='bbox 379 1902 458 1942; x_wconf 89' lang='lat' dir='ltr'><strong>ne</strong></span> <span class='ocrx_word' id='word_1_145' title='bbox 519 1880 876 1961; x_wconf 86' lang='lat' dir='ltr'><strong>suspicetur</strong></span> <span class='ocrx_word' id='word_1_146' title='bbox 942 1880 1087 1959; x_wconf 89' lang='lat' dir='ltr'><strong>alia,</strong></span> <span class='ocrx_word' id='word_1_147' title='bbox 1157 1882 1326 1944; x_wconf 89' lang='lat' dir='ltr'><strong>sicut</strong></span> <span class='ocrx_word' id='word_1_148' title='bbox 1392 1884 1490 1959; x_wconf 85' lang='lat' dir='ltr'><strong>est</strong></span> <span class='ocrx_word' id='word_1_149' title='bbox 1558 1901 1887 1963; x_wconf 87' lang='lat' dir='ltr'><strong>perversus</strong></span> <span class='ocrx_word' id='word_1_150' title='bbox 1958 1884 2023 1942; x_wconf 86' lang='lat' dir='ltr'><strong>et</strong></span> <span class='ocrx_word' id='word_1_151' title='bbox 2088 1880 2343 1943; x_wconf 89' lang='lat' dir='ltr'><strong>derisor.</strong></span> <span class='ocrx_word' id='word_1_152' title='bbox 2439 1881 2651 1946; x_wconf 90' lang='lat' dir='ltr'><strong>Unum</strong></span> 
     </span>
     <span class='ocr_line' id='line_1_19' title="bbox 378 1964 2649 2049; baseline 0.001 -21"><span class='ocrx_word' id='word_1_153' title='bbox 378 1964 536 2028; x_wconf 89' lang='lat' dir='ltr'><strong>illud</strong></span> <span class='ocrx_word' id='word_1_154' title='bbox 605 1966 932 2046; x_wconf 84' lang='lat' dir='ltr'><strong>negotium</strong></span> <span class='ocrx_word' id='word_1_155' title='bbox 981 1966 1056 2028; x_wconf 89' lang='lat' dir='ltr'><strong>de</strong></span> <span class='ocrx_word' id='word_1_156' title='bbox 1101 1966 1540 2049; x_wconf 83' lang='lat' dir='ltr'><strong>perquirendis</strong></span> <span class='ocrx_word' id='word_1_157' title='bbox 1598 1965 1778 2027; x_wconf 89' lang='lat' dir='ltr'><strong>libris</strong></span> <span class='ocrx_word' id='word_1_158' title='bbox 1834 1965 2125 2040; x_wconf 88' lang='lat' dir='ltr'><strong>fideliter,</strong></span> <span class='ocrx_word' id='word_1_159' title='bbox 2188 1966 2241 2027; x_wconf 92' lang='lat' dir='ltr'><strong>si</strong></span> <span class='ocrx_word' id='word_1_160' title='bbox 2306 1988 2405 2028; x_wconf 89' lang='lat' dir='ltr'><strong>me</strong></span> <span class='ocrx_word' id='word_1_161' title='bbox 2452 1990 2649 2044; x_wconf 79' lang='lat' dir='ltr'><strong>amaS,</strong></span> 
     </span>
     <span class='ocr_line' id='line_1_20' title="bbox 380 2050 2651 2134; baseline 0.002 -21"><span class='ocrx_word' id='word_1_162' title='bbox 380 2052 701 2133; x_wconf 82' lang='lat' dir='ltr'><strong>expedias.</strong></span> <span class='ocrx_word' id='word_1_163' title='bbox 795 2050 1120 2115; x_wconf 87' lang='lat' dir='ltr'><strong>Ciceronis</strong></span> <span class='ocrx_word' id='word_1_164' title='bbox 1167 2073 1358 2133; x_wconf 84' lang='lat' dir='ltr'><strong>opera</strong></span> <span class='ocrx_word' id='word_1_165' title='bbox 1405 2074 1483 2115; x_wconf 91' lang='lat' dir='ltr'><strong>ne</strong></span> <span class='ocrx_word' id='word_1_166' title='bbox 1528 2050 2017 2134; x_wconf 84' lang='lat' dir='ltr'><strong>praeripiantur,</strong></span> <span class='ocrx_word' id='word_1_167' title='bbox 2067 2050 2375 2114; x_wconf 84' lang='lat' dir='ltr'><strong>desume.⁷</strong></span> <span class='ocrx_word' id='word_1_168' title='bbox 2468 2053 2651 2117; x_wconf 86' lang='lat' dir='ltr'><strong>Dabo</strong></span> 
     </span>
     <span class='ocr_line' id='line_1_21' title="bbox 380 2136 2649 2219; baseline 0.001 -20"><span class='ocrx_word' id='word_1_169' title='bbox 380 2136 674 2219; x_wconf 79' lang='lat' dir='ltr'><strong>pretium.</strong></span> <span class='ocrx_word' id='word_1_170' title='bbox 765 2137 986 2201; x_wconf 89' lang='lat' dir='ltr'><strong>Dices:</strong></span> <span class='ocrx_word' id='word_1_171' title='bbox 1057 2158 1170 2201; x_wconf 87' lang='lat' dir='ltr'><strong>cur</strong></span> <span class='ocrx_word' id='word_1_172' title='bbox 1239 2159 1366 2202; x_wconf 87' lang='lat' dir='ltr'><strong>non</strong></span> <span class='ocrx_word' id='word_1_173' title='bbox 1435 2137 1691 2200; x_wconf 75' lang='lat' dir='ltr'><strong>mittis?</strong></span> <span class='ocrx_word' id='word_1_174' title='bbox 1780 2136 1942 2212; x_wconf 86' lang='lat' dir='ltr'><strong>Quia</strong></span> <span class='ocrx_word' id='word_1_175' title='bbox 1998 2158 2125 2199; x_wconf 90' lang='lat' dir='ltr'><strong>non</strong></span> <span class='ocrx_word' id='word_1_176' title='bbox 2192 2136 2415 2200; x_wconf 89' lang='lat' dir='ltr'><strong>habeo.</strong></span> <span class='ocrx_word' id='word_1_177' title='bbox 2507 2138 2649 2203; x_wconf 87' lang='lat' dir='ltr'><strong>Non</strong></span> 
     </span>
     <span class='ocr_line' id='line_1_22' title="bbox 379 2221 2651 2287; baseline 0 -2"><span class='ocrx_word' id='word_1_178' title='bbox 379 2244 518 2286; x_wconf 85' lang='lat' dir='ltr'><strong>sum</strong></span> <span class='ocrx_word' id='word_1_179' title='bbox 587 2244 878 2286; x_wconf 87' lang='lat' dir='ltr'><strong>morosus</strong></span> <span class='ocrx_word' id='word_1_180' title='bbox 940 2226 1002 2286; x_wconf 89' lang='lat' dir='ltr'><strong>et</strong></span> <span class='ocrx_word' id='word_1_181' title='bbox 1065 2223 1301 2286; x_wconf 85' lang='lat' dir='ltr'><strong>anxius</strong></span> <span class='ocrx_word' id='word_1_182' title='bbox 1362 2223 1428 2285; x_wconf 94' lang='lat' dir='ltr'><strong>in</strong></span> <span class='ocrx_word' id='word_1_183' title='bbox 1475 2245 1540 2286; x_wconf 90' lang='lat' dir='ltr'><strong>re</strong></span> <span class='ocrx_word' id='word_1_184' title='bbox 1587 2222 1959 2285; x_wconf 86' lang='lat' dir='ltr'><strong>nummaria.</strong></span> <span class='ocrx_word' id='word_1_185' title='bbox 2052 2221 2305 2286; x_wconf 87' lang='lat' dir='ltr'><strong>Oblatis</strong></span> <span class='ocrx_word' id='word_1_186' title='bbox 2372 2227 2519 2286; x_wconf 89' lang='lat' dir='ltr'><strong>utor</strong></span> <span class='ocrx_word' id='word_1_187' title='bbox 2589 2228 2651 2287; x_wconf 88' lang='lat' dir='ltr'><strong>et</strong></span> 
     </span>
     <span class='ocr_line' id='line_1_23' title="bbox 380 2306 2649 2389; baseline 0 -18"><span class='ocrx_word' id='word_1_188' title='bbox 380 2308 618 2371; x_wconf 86' lang='lat' dir='ltr'><strong>irascor</strong></span> <span class='ocrx_word' id='word_1_189' title='bbox 657 2307 832 2384; x_wconf 87' lang='lat' dir='ltr'><strong>mihi,</strong></span> <span class='ocrx_word' id='word_1_190' title='bbox 883 2308 1055 2389; x_wconf 90' lang='lat' dir='ltr'><strong>quod</strong></span> <span class='ocrx_word' id='word_1_191' title='bbox 1099 2313 1232 2372; x_wconf 86' lang='lat' dir='ltr'><strong>tam</strong></span> <span class='ocrx_word' id='word_1_192' title='bbox 1281 2310 1508 2372; x_wconf 88' lang='lat' dir='ltr'><strong>ardens</strong></span> <span class='ocrx_word' id='word_1_193' title='bbox 1556 2331 1726 2371; x_wconf 90' lang='lat' dir='ltr'><strong>eram</strong></span> <span class='ocrx_word' id='word_1_194' title='bbox 1772 2308 1837 2370; x_wconf 91' lang='lat' dir='ltr'><strong>in</strong></span> <span class='ocrx_word' id='word_1_195' title='bbox 1885 2308 2160 2370; x_wconf 88' lang='lat' dir='ltr'><strong>Lotium.</strong></span> <span class='ocrx_word' id='word_1_196' title='bbox 2240 2306 2366 2371; x_wconf 87' lang='lat' dir='ltr'><strong>Sed</strong></span> <span class='ocrx_word' id='word_1_197' title='bbox 2400 2310 2649 2373; x_wconf 90' lang='lat' dir='ltr'><strong>veniam</strong></span> 
     </span>
     <span class='ocr_line' id='line_1_24' title="bbox 385 2392 2649 2477; baseline 0 -19"><span class='ocrx_word' id='word_1_198' title='bbox 385 2398 662 2458; x_wconf 80' lang='lat' dir='ltr'><strong>meretur</strong></span> <span class='ocrx_word' id='word_1_199' title='bbox 744 2395 873 2457; x_wconf 90' lang='lat' dir='ltr'><strong>ista</strong></span> <span class='ocrx_word' id='word_1_200' title='bbox 955 2394 1429 2476; x_wconf 80' lang='lat' dir='ltr'><strong>importunitaS,</strong></span> <span class='ocrx_word' id='word_1_201' title='bbox 1519 2394 1693 2475; x_wconf 89' lang='lat' dir='ltr'><strong>quod</strong></span> <span class='ocrx_word' id='word_1_202' title='bbox 1784 2393 1965 2457; x_wconf 90' lang='lat' dir='ltr'><strong>malis</strong></span> <span class='ocrx_word' id='word_1_203' title='bbox 2055 2392 2265 2458; x_wconf 90' lang='lat' dir='ltr'><strong>verbis</strong></span> <span class='ocrx_word' id='word_1_204' title='bbox 2350 2394 2649 2477; x_wconf 85' lang='lat' dir='ltr'><strong>injuriam</strong></span> 
     </span>
     <span class='ocr_line' id='line_1_25' title="bbox 383 2477 2646 2560; baseline 0 -17"><span class='ocrx_word' id='word_1_205' title='bbox 383 2477 726 2543; x_wconf 80' lang='lat' dir='ltr'><strong>oneravit.⁸</strong></span> <span class='ocrx_word' id='word_1_206' title='bbox 817 2479 1093 2543; x_wconf 86' lang='lat' dir='ltr'><strong>Facilius</strong></span> <span class='ocrx_word' id='word_1_207' title='bbox 1155 2482 1322 2544; x_wconf 89' lang='lat' dir='ltr'><strong>enim</strong></span> <span class='ocrx_word' id='word_1_208' title='bbox 1388 2482 1690 2543; x_wconf 89' lang='lat' dir='ltr'><strong>damnum</strong></span> <span class='ocrx_word' id='word_1_209' title='bbox 1736 2480 1866 2542; x_wconf 86' lang='lat' dir='ltr'><strong>fero</strong></span> <span class='ocrx_word' id='word_1_210' title='bbox 1914 2499 2105 2560; x_wconf 86' lang='lat' dir='ltr'><strong>quam</strong></span> <span class='ocrx_word' id='word_1_211' title='bbox 2176 2481 2646 2544; x_wconf 86' lang='lat' dir='ltr'><strong>contumeliam.</strong></span> 
     </span>
     <span class='ocr_line' id='line_1_26' title="bbox 381 2563 2645 2630; baseline 0.001 -3"><span class='ocrx_word' id='word_1_212' title='bbox 381 2565 533 2629; x_wconf 91' lang='lat' dir='ltr'><strong>Huc</strong></span> <span class='ocrx_word' id='word_1_213' title='bbox 599 2565 758 2628; x_wconf 89' lang='lat' dir='ltr'><strong>adde</strong></span> <span class='ocrx_word' id='word_1_214' title='bbox 825 2571 1076 2629; x_wconf 86' lang='lat' dir='ltr'><strong>sumtus</strong></span> <span class='ocrx_word' id='word_1_215' title='bbox 1122 2567 1187 2628; x_wconf 93' lang='lat' dir='ltr'><strong>in</strong></span> <span class='ocrx_word' id='word_1_216' title='bbox 1245 2567 1426 2629; x_wconf 89' lang='lat' dir='ltr'><strong>Pauli</strong></span> <span class='ocrx_word' id='word_1_217' title='bbox 1493 2563 1726 2629; x_wconf 82' lang='lat' dir='ltr'><strong>nostri⁹</strong></span> <span class='ocrx_word' id='word_1_218' title='bbox 1794 2565 2095 2627; x_wconf 86' lang='lat' dir='ltr'><strong>honorem</strong></span> <span class='ocrx_word' id='word_1_219' title='bbox 2166 2564 2389 2628; x_wconf 81' lang='lat' dir='ltr'><strong>factos.</strong></span> <span class='ocrx_word' id='word_1_220' title='bbox 2483 2566 2645 2630; x_wconf 87' lang='lat' dir='ltr'><strong>Nam</strong></span> 
     </span>
     <span class='ocr_line' id='line_1_27' title="bbox 383 2646 2647 2728; baseline 0 -14"><span class='ocrx_word' id='word_1_221' title='bbox 383 2671 528 2714; x_wconf 88' lang='lat' dir='ltr'><strong>cum</strong></span> <span class='ocrx_word' id='word_1_222' title='bbox 577 2650 886 2714; x_wconf 85' lang='lat' dir='ltr'><strong>dedissem</strong></span> <span class='ocrx_word' id='word_1_223' title='bbox 935 2651 1134 2715; x_wconf 92' lang='lat' dir='ltr'><strong>Paulo</strong></span> <span class='ocrx_word' id='word_1_224' title='bbox 1182 2653 1383 2715; x_wconf 87' lang='lat' dir='ltr'><strong>altare</strong></span> <span class='ocrx_word' id='word_1_225' title='bbox 1429 2653 1492 2713; x_wconf 92' lang='lat' dir='ltr'><strong>in</strong></span> <span class='ocrx_word' id='word_1_226' title='bbox 1542 2646 1940 2728; x_wconf 81' lang='lat' dir='ltr'><strong>xenodochio</strong></span> <span class='ocrx_word' id='word_1_227' title='bbox 1990 2655 2226 2726; x_wconf 88' lang='lat' dir='ltr'><strong>nost1·0,</strong></span> <span class='ocrx_word' id='word_1_228' title='bbox 2274 2650 2397 2714; x_wconf 87' lang='lat' dir='ltr'><strong>fuit</strong></span> <span class='ocrx_word' id='word_1_229' title='bbox 2453 2654 2647 2715; x_wconf 83' lang='lat' dir='ltr'><strong>etiam</strong></span> 
     </span>
     <span class='ocr_line' id='line_1_28' title="bbox 382 2737 2647 2818; baseline 0 -19"><span class='ocrx_word' id='word_1_230' title='bbox 382 2737 706 2800; x_wconf 87' lang='lat' dir='ltr'><strong>institutio</strong></span> <span class='ocrx_word' id='word_1_231' title='bbox 739 2737 1171 2818; x_wconf 88' lang='lat' dir='ltr'><strong>persolvenda.</strong></span> <span class='ocrx_word' id='word_1_232' title='bbox 1265 2738 1561 2817; x_wconf 83' lang='lat' dir='ltr'><strong>Quinque</strong></span> <span class='ocrx_word' id='word_1_233' title='bbox 1596 2737 1790 2818; x_wconf 80' lang='lat' dir='ltr'><strong>igitur</strong></span> <span class='ocrx_word' id='word_1_234' title='bbox 1822 2757 2047 2798; x_wconf 92' lang='lat' dir='ltr'><strong>aureos</strong></span> <span class='ocrx_word' id='word_1_235' title='bbox 2083 2758 2374 2799; x_wconf 89' lang='lat' dir='ltr'><strong>nummos</strong></span> <span class='ocrx_word' id='word_1_236' title='bbox 2410 2737 2647 2800; x_wconf 84' lang='lat' dir='ltr'><strong>Fridis-</strong></span> 
     </span>
     <span class='ocr_line' id='line_1_29' title="bbox 382 2821 2647 2903; baseline 0.001 -19"><span class='ocrx_word' id='word_1_237' title='bbox 382 2822 602 2885; x_wconf 78' lang='lat' dir='ltr'><strong>latiam</strong></span> <span class='ocrx_word' id='word_1_238' title='bbox 649 2823 792 2884; x_wconf 87' lang='lat' dir='ltr'><strong>misi</strong></span> <span class='ocrx_word' id='word_1_239' title='bbox 841 2822 916 2884; x_wconf 91' lang='lat' dir='ltr'><strong>de</strong></span> <span class='ocrx_word' id='word_1_240' title='bbox 962 2821 1250 2902; x_wconf 87' lang='lat' dir='ltr'><strong>patria.¹⁰</strong></span> <span class='ocrx_word' id='word_1_241' title='bbox 1338 2823 1621 2903; x_wconf 88' lang='lat' dir='ltr'><strong>Rapiant</strong></span> <span class='ocrx_word' id='word_1_242' title='bbox 1666 2827 1730 2885; x_wconf 91' lang='lat' dir='ltr'><strong>et</strong></span> <span class='ocrx_word' id='word_1_243' title='bbox 1777 2821 2117 2902; x_wconf 82' lang='lat' dir='ltr'><strong>dispolient</strong></span> <span class='ocrx_word' id='word_1_244' title='bbox 2167 2822 2424 2884; x_wconf 89' lang='lat' dir='ltr'><strong>Lotiani</strong></span> <span class='ocrx_word' id='word_1_245' title='bbox 2456 2823 2647 2886; x_wconf 87' lang='lat' dir='ltr'><strong>Mori-</strong></span> 
     </span>
     <span class='ocr_line' id='line_1_30' title="bbox 347 2906 2645 2990; baseline 0.001 -20"><span class='ocrx_word' id='word_1_246' title='bbox 347 2908 644 2988; x_wconf 58' lang='lat' dir='ltr'><strong>,aniquez</strong></span> <span class='ocrx_word' id='word_1_247' title='bbox 693 2929 810 2990; x_wconf 85' lang='lat' dir='ltr'><strong>ego</strong></span> <span class='ocrx_word' id='word_1_248' title='bbox 858 2909 1172 2970; x_wconf 89' lang='lat' dir='ltr'><strong>neminem</strong></span> <span class='ocrx_word' id='word_1_249' title='bbox 1205 2909 1348 2971; x_wconf 91' lang='lat' dir='ltr'><strong>volo</strong></span> <span class='ocrx_word' id='word_1_250' title='bbox 1381 2907 1774 2985; x_wconf 82' lang='lat' dir='ltr'><strong>defraudare,</strong></span> <span class='ocrx_word' id='word_1_251' title='bbox 1807 2907 2107 2989; x_wconf 91' lang='lat' dir='ltr'><strong>prodesse</strong></span> <span class='ocrx_word' id='word_1_252' title='bbox 2141 2906 2349 2984; x_wconf 80' lang='lat' dir='ltr'><strong>boniS,</strong></span> <span class='ocrx_word' id='word_1_253' title='bbox 2384 2908 2645 2988; x_wconf 85' lang='lat' dir='ltr'><strong>diligere</strong></span> 
     </span>
     <span class='ocr_line' id='line_1_31' title="bbox 379 2991 2645 3075; baseline 0 -19"><span class='ocrx_word' id='word_1_254' title='bbox 379 3014 708 3075; x_wconf 77' lang='lat' dir='ltr'><strong>pauperes</strong></span> <span class='ocrx_word' id='word_1_255' title='bbox 803 2991 1062 3056; x_wconf 87' lang='lat' dir='ltr'><strong>Utinam</strong></span> <span class='ocrx_word' id='word_1_256' title='bbox 1114 2993 1236 3056; x_wconf 88' lang='lat' dir='ltr'><strong>tibi</strong></span> <span class='ocrx_word' id='word_1_257' title='bbox 1298 2999 1363 3058; x_wconf 90' lang='lat' dir='ltr'><strong>et</strong></span> <span class='ocrx_word' id='word_1_258' title='bbox 1417 2994 1547 3057; x_wconf 88' lang='lat' dir='ltr'><strong>tuis</strong></span> <span class='ocrx_word' id='word_1_259' title='bbox 1594 3014 1847 3074; x_wconf 90' lang='lat' dir='ltr'><strong>quoque</strong></span> <span class='ocrx_word' id='word_1_260' title='bbox 1910 3013 2161 3074; x_wconf 90' lang='lat' dir='ltr'><strong>possem</strong></span> <span class='ocrx_word' id='word_1_261' title='bbox 2224 3013 2406 3074; x_wconf 90' lang='lat' dir='ltr'><strong>opem</strong></span> <span class='ocrx_word' id='word_1_262' title='bbox 2468 2993 2645 3056; x_wconf 87' lang='lat' dir='ltr'><strong>ferre.</strong></span> 
     </span>
    </p>
   </div>
   <div class='ocr_carea' id='block_1_3' title="bbox 380 3076 2650 3161">
    <p class='ocr_par' dir='ltr' id='par_1_3' title="bbox 380 3076 2650 3161">
     <span class='ocr_line' id='line_1_32' title="bbox 380 3076 2650 3161; baseline 0.001 -21"><span class='ocrx_word' id='word_1_263' title='bbox 380 3077 558 3141; x_wconf 86' lang='lat' dir='ltr'><strong>Tuus</strong></span> <span class='ocrx_word' id='word_1_264' title='bbox 624 3099 750 3154; x_wconf 83' lang='lat' dir='ltr'><strong>ero,</strong></span> <span class='ocrx_word' id='word_1_265' title='bbox 822 3078 1007 3156; x_wconf 88' lang='lat' dir='ltr'><strong>„dum</strong></span> <span class='ocrx_word' id='word_1_266' title='bbox 1081 3099 1318 3142; x_wconf 88' lang='lat' dir='ltr'><strong>memor</strong></span> <span class='ocrx_word' id='word_1_267' title='bbox 1383 3080 1519 3161; x_wconf 90' lang='lat' dir='ltr'><strong>ipse</strong></span> <span class='ocrx_word' id='word_1_268' title='bbox 1582 3079 1723 3154; x_wconf 89' lang='lat' dir='ltr'><strong>mei,</strong></span> <span class='ocrx_word' id='word_1_269' title='bbox 1786 3078 1934 3140; x_wconf 91' lang='lat' dir='ltr'><strong>dum</strong></span> <span class='ocrx_word' id='word_1_270' title='bbox 1997 3077 2260 3158; x_wconf 85' lang='lat' dir='ltr'><strong>spiritus</strong></span> <span class='ocrx_word' id='word_1_271' title='bbox 2311 3076 2429 3142; x_wconf 92' lang='lat' dir='ltr'><strong>hos</strong></span> <span class='ocrx_word' id='word_1_272' title='bbox 2474 3083 2650 3160; x_wconf 88' lang='lat' dir='ltr'><strong>reget</strong></span> 
     </span>
    </p>
   </div>
   <div class='ocr_carea' id='block_1_4' title="bbox 381 3162 2030 3300">
    <p class='ocr_par' dir='ltr' id='par_1_4' title="bbox 381 3162 2030 3300">
     <span class='ocr_line' id='line_1_33' title="bbox 381 3162 2030 3228; baseline 0 -2"><span class='ocrx_word' id='word_1_273' title='bbox 381 3162 681 3226; x_wconf 86' lang='lat' dir='ltr'><strong>artus.“¹¹</strong></span> <span class='ocrx_word' id='word_1_274' title='bbox 775 3163 944 3225; x_wconf 83' lang='lat' dir='ltr'><strong>Vale.</strong></span> <span class='ocrx_word' id='word_1_275' title='bbox 1035 3164 1152 3226; x_wconf 90' lang='lat' dir='ltr'><strong>Die</strong></span> <span class='ocrx_word' id='word_1_276' title='bbox 1198 3162 1366 3228; x_wconf 86' lang='lat' dir='ltr'><strong>Solis</strong></span> <span class='ocrx_word' id='word_1_277' title='bbox 1413 3163 1723 3228; x_wconf 88' lang='lat' dir='ltr'><strong>hodierno</strong></span> <span class='ocrx_word' id='word_1_278' title='bbox 1770 3162 2030 3226; x_wconf 86' lang='lat' dir='ltr'><strong>MDXII.</strong></span> 
     </span>
     <span class='ocr_line' id='line_1_34' title="bbox 429 3246 1136 3300; baseline 0.001 -2"><span class='ocrx_word' id='word_1_279' title='bbox 429 3270 432 3274; x_wconf 93' lang='lat'>·</span> <span class='ocrx_word' id='word_1_280' title='bbox 688 3246 810 3298; x_wconf 87' lang='lat' dir='ltr'><strong>Cod.</strong></span> <span class='ocrx_word' id='word_1_281' title='bbox 848 3246 982 3298; x_wconf 84' lang='lat' dir='ltr'><strong>Frcf.</strong></span> <span class='ocrx_word' id='word_1_282' title='bbox 1021 3246 1136 3300; x_wconf 83' lang='lat'><strong>223.</strong></span> 
     </span>
    </p>
   </div>
   <div class='ocr_carea' id='block_1_5' title="bbox 380 3363 2651 4459">
    <p class='ocr_par' dir='ltr' id='par_1_5' title="bbox 380 3363 2651 4459">
     <span class='ocr_line' id='line_1_35' title="bbox 380 3363 2650 3432; baseline 0 -16"><span class='ocrx_word' id='word_1_283' title='bbox 380 3381 490 3417; x_wconf 85' lang='lat' dir='ltr'><strong>war</strong></span> <span class='ocrx_word' id='word_1_284' title='bbox 526 3366 623 3417; x_wconf 86' lang='lat' dir='ltr'><strong>mit</strong></span> <span class='ocrx_word' id='word_1_285' title='bbox 659 3365 804 3417; x_wconf 88' lang='lat' dir='ltr'><strong>einer</strong></span> <span class='ocrx_word' id='word_1_286' title='bbox 839 3364 1124 3420; x_wconf 85' lang='lat' dir='ltr'><strong>Gothaerin</strong></span> <span class='ocrx_word' id='word_1_287' title='bbox 1179 3365 1508 3432; x_wconf 81' lang='lat' dir='ltr'><strong>(Brengbier)</strong></span> <span class='ocrx_word' id='word_1_288' title='bbox 1566 3365 1897 3417; x_wconf 79' lang='lat' dir='ltr'><strong>vei-heiratet.</strong></span> <span class='ocrx_word' id='word_1_289' title='bbox 1971 3363 2069 3416; x_wconf 87' lang='lat' dir='ltr'><strong>Die</strong></span> <span class='ocrx_word' id='word_1_290' title='bbox 2117 3363 2472 3416; x_wconf 85' lang='lat' dir='ltr'><strong>Humanisteu</strong></span> <span class='ocrx_word' id='word_1_291' title='bbox 2530 3365 2650 3417; x_wconf 82' lang='lat' dir='ltr'><strong>sind</strong></span> 
     </span>
     <span class='ocr_line' id='line_1_36' title="bbox 383 3432 2651 3502; baseline -0.001 -16"><span class='ocrx_word' id='word_1_292' title='bbox 383 3434 548 3486; x_wconf 83' lang='lat' dir='ltr'><strong>voller</strong></span> <span class='ocrx_word' id='word_1_293' title='bbox 581 3434 986 3502; x_wconf 85' lang='lat' dir='ltr'><strong>Bewunderung</strong></span> <span class='ocrx_word' id='word_1_294' title='bbox 1030 3435 1116 3486; x_wconf 77' lang='lat' dir='ltr'><strong>fiir</strong></span> <span class='ocrx_word' id='word_1_295' title='bbox 1162 3434 1428 3487; x_wconf 84' lang='lat' dir='ltr'><strong>Cranachs</strong></span> <span class='ocrx_word' id='word_1_296' title='bbox 1481 3433 1920 3486; x_wconf 80' lang='lat' dir='ltr'><strong>Kiinstlertalent.</strong></span> <span class='ocrx_word' id='word_1_297' title='bbox 1992 3432 2170 3484; x_wconf 87' lang='lat' dir='ltr'><strong>Eoban</strong></span> <span class='ocrx_word' id='word_1_298' title='bbox 2225 3432 2429 3484; x_wconf 86' lang='lat' dir='ltr'><strong>Hcssus</strong></span> <span class='ocrx_word' id='word_1_299' title='bbox 2487 3435 2651 3484; x_wconf 85' lang='lat' dir='ltr'><strong>nennt</strong></span> 
     </span>
     <span class='ocr_line' id='line_1_37' title="bbox 381 3500 2651 3569; baseline -0.001 -15"><span class='ocrx_word' id='word_1_300' title='bbox 381 3502 474 3554; x_wconf 89' lang='lat' dir='ltr'><strong>ihn</strong></span> <span class='ocrx_word' id='word_1_301' title='bbox 511 3502 663 3554; x_wconf 90' lang='lat' dir='ltr'><strong>einen</strong></span> <span class='ocrx_word' id='word_1_302' title='bbox 699 3502 921 3554; x_wconf 86' lang='lat' dir='ltr'><strong>zweiten</strong></span> <span class='ocrx_word' id='word_1_303' title='bbox 967 3501 1195 3569; x_wconf 81' lang='lat' dir='ltr'><strong>Apelles,</strong></span> <span class='ocrx_word' id='word_1_304' title='bbox 1344 3505 1360 3534; x_wconf 88' lang='lat'>²</span> <span class='ocrx_word' id='word_1_305' title='bbox 1397 3503 1506 3554; x_wconf 87' lang='lat' dir='ltr'><strong>Der</strong></span> <span class='ocrx_word' id='word_1_306' title='bbox 1558 3501 1909 3553; x_wconf 80' lang='lat' dir='ltr'><strong>verheiratete</strong></span> <span class='ocrx_word' id='word_1_307' title='bbox 1963 3501 2167 3552; x_wconf 88' lang='lat' dir='ltr'><strong>Brudcr</strong></span> <span class='ocrx_word' id='word_1_308' title='bbox 2221 3500 2501 3566; x_wconf 82' lang='lat' dir='ltr'><strong>SpalatinS,</strong></span> <span class='ocrx_word' id='word_1_309' title='bbox 2558 3501 2651 3552; x_wconf 89' lang='lat' dir='ltr'><strong>der</strong></span> 
     </span>
     <span class='ocr_line' id='line_1_38' title="bbox 382 3567 2651 3636; baseline -0 -14"><span class='ocrx_word' id='word_1_310' title='bbox 382 3587 486 3623; x_wconf 84' lang='lat' dir='ltr'><strong>von</strong></span> <span class='ocrx_word' id='word_1_311' title='bbox 525 3571 726 3623; x_wconf 89' lang='lat' dir='ltr'><strong>diesem</strong></span> <span class='ocrx_word' id='word_1_312' title='bbox 761 3573 1081 3623; x_wconf 78' lang='lat' dir='ltr'><strong>unterstiitzt</strong></span> <span class='ocrx_word' id='word_1_313' title='bbox 1117 3570 1278 3636; x_wconf 85' lang='lat' dir='ltr'><strong>ward,</strong></span> <span class='ocrx_word' id='word_1_314' title='bbox 1315 3587 1374 3624; x_wconf 87' lang='lat' dir='ltr'><strong>so</strong></span> <span class='ocrx_word' id='word_1_315' title='bbox 1411 3571 1532 3622; x_wconf 87' lang='lat' dir='ltr'><strong>dass</strong></span> <span class='ocrx_word' id='word_1_316' title='bbox 1567 3571 1705 3622; x_wconf 88' lang='lat' dir='ltr'><strong>nach</strong></span> <span class='ocrx_word' id='word_1_317' title='bbox 1740 3569 1973 3621; x_wconf 88' lang='lat' dir='ltr'><strong>Mutians</strong></span> <span class='ocrx_word' id='word_1_318' title='bbox 2007 3567 2182 3620; x_wconf 72' lang='lat' dir='ltr'><strong>Ulteil</strong></span> <span class='ocrx_word' id='word_1_319' title='bbox 2218 3568 2452 3635; x_wconf 85' lang='lat' dir='ltr'><strong>Spalatin</strong></span> <span class='ocrx_word' id='word_1_320' title='bbox 2479 3568 2651 3621; x_wconf 88' lang='lat' dir='ltr'><strong>selber</strong></span> 
     </span>
     <span class='ocr_line' id='line_1_39' title="bbox 383 3635 2650 3708; baseline -0 -18"><span class='ocrx_word' id='word_1_321' title='bbox 383 3638 609 3691; x_wconf 83' lang='lat' dir='ltr'><strong>dariiber</strong></span> <span class='ocrx_word' id='word_1_322' title='bbox 644 3639 700 3690; x_wconf 92' lang='lat' dir='ltr'><strong>in</strong></span> <span class='ocrx_word' id='word_1_323' title='bbox 737 3639 1298 3708; x_wconf 80' lang='lat' dir='ltr'><strong>Geldverlegenheiten</strong></span> <span class='ocrx_word' id='word_1_324' title='bbox 1335 3638 1512 3706; x_wconf 87' lang='lat' dir='ltr'><strong>geriet.</strong></span> <span class='ocrx_word' id='word_1_325' title='bbox 1553 3637 1603 3690; x_wconf 77' lang='lat' dir='ltr'><strong>S.</strong></span> <span class='ocrx_word' id='word_1_326' title='bbox 1628 3638 1729 3689; x_wconf 76' lang='lat'><strong>212</strong></span> <span class='ocrx_word' id='word_1_327' title='bbox 1764 3640 1824 3689; x_wconf 91' lang='lat' dir='ltr'><strong>A.</strong></span> <span class='ocrx_word' id='word_1_328' title='bbox 1852 3638 1899 3689; x_wconf 89' lang='lat'><strong>3.</strong></span> <span class='ocrx_word' id='word_1_329' title='bbox 1975 3637 1995 3668; x_wconf 80' lang='lat'>²</span> <span class='ocrx_word' id='word_1_330' title='bbox 2015 3637 2123 3688; x_wconf 86' lang='lat' dir='ltr'><strong>Der</strong></span> <span class='ocrx_word' id='word_1_331' title='bbox 2158 3636 2286 3688; x_wconf 87' lang='lat' dir='ltr'><strong>Sinn</strong></span> <span class='ocrx_word' id='word_1_332' title='bbox 2324 3635 2515 3687; x_wconf 87' lang='lat' dir='ltr'><strong>erhellt</strong></span> <span class='ocrx_word' id='word_1_333' title='bbox 2553 3653 2650 3689; x_wconf 87' lang='lat' dir='ltr'><strong>aus</strong></span> 
     </span>
     <span class='ocr_line' id='line_1_40' title="bbox 383 3703 2650 3775; baseline -0.001 -16"><span class='ocrx_word' id='word_1_334' title='bbox 383 3707 505 3759; x_wconf 88' lang='lat' dir='ltr'><strong>dem</strong></span> <span class='ocrx_word' id='word_1_335' title='bbox 539 3707 867 3775; x_wconf 82' lang='lat' dir='ltr'><strong>Folgenden:</strong></span> <span class='ocrx_word' id='word_1_336' title='bbox 908 3707 1034 3774; x_wconf 84' lang='lat' dir='ltr'><strong>quia</strong></span> <span class='ocrx_word' id='word_1_337' title='bbox 1069 3705 1224 3760; x_wconf 82' lang='lat' dir='ltr'><strong>vilior</strong></span> <span class='ocrx_word' id='word_1_338' title='bbox 1258 3710 1339 3760; x_wconf 86' lang='lat' dir='ltr'><strong>est</strong></span> <span class='ocrx_word' id='word_1_339' title='bbox 1376 3710 1473 3759; x_wconf 91' lang='lat' dir='ltr'><strong>etc.</strong></span> <span class='ocrx_word' id='word_1_340' title='bbox 1618 3707 1639 3738; x_wconf 79' lang='lat'>³</span> <span class='ocrx_word' id='word_1_341' title='bbox 1672 3707 1779 3758; x_wconf 89' lang='lat' dir='ltr'><strong>Der</strong></span> <span class='ocrx_word' id='word_1_342' title='bbox 1830 3705 1948 3759; x_wconf 84' lang='lat' dir='ltr'><strong>Abt.</strong></span> <span class='ocrx_word' id='word_1_343' title='bbox 1988 3703 2038 3758; x_wconf 77' lang='lat' dir='ltr'><strong>S.</strong></span> <span class='ocrx_word' id='word_1_344' title='bbox 2069 3704 2168 3758; x_wconf 87' lang='lat'><strong>108</strong></span> <span class='ocrx_word' id='word_1_345' title='bbox 2203 3707 2265 3756; x_wconf 79' lang='lat' dir='ltr'><strong>A.</strong></span> <span class='ocrx_word' id='word_1_346' title='bbox 2291 3706 2333 3757; x_wconf 92' lang='lat'><strong>1.</strong></span> <span class='ocrx_word' id='word_1_347' title='bbox 2478 3705 2499 3735; x_wconf 80' lang='lat'>4</span> <span class='ocrx_word' id='word_1_348' title='bbox 2532 3704 2650 3757; x_wconf 91' lang='lat' dir='ltr'><strong>Von</strong></span> 
     </span>
     <span class='ocr_line' id='line_1_41' title="bbox 384 3771 2647 3841; baseline 0 -15"><span class='ocrx_word' id='word_1_349' title='bbox 384 3774 871 3828; x_wconf 86' lang='lat' dir='ltr'><strong>Reinhardsbrunn.</strong></span> <span class='ocrx_word' id='word_1_350' title='bbox 897 3775 946 3829; x_wconf 81' lang='lat' dir='ltr'><strong>S.</strong></span> <span class='ocrx_word' id='word_1_351' title='bbox 977 3777 1044 3828; x_wconf 85' lang='lat'><strong>33</strong></span> <span class='ocrx_word' id='word_1_352' title='bbox 1064 3777 1126 3828; x_wconf 86' lang='lat' dir='ltr'><strong>A.</strong></span> <span class='ocrx_word' id='word_1_353' title='bbox 1151 3777 1197 3828; x_wconf 87' lang='grc'><strong>3.</strong></span> <span class='ocrx_word' id='word_1_354' title='bbox 1221 3773 1271 3828; x_wconf 77' lang='lat' dir='ltr'><strong>S.</strong></span> <span class='ocrx_word' id='word_1_355' title='bbox 1303 3775 1398 3828; x_wconf 79' lang='lat'><strong>201</strong></span> <span class='ocrx_word' id='word_1_356' title='bbox 1422 3776 1475 3829; x_wconf 88' lang='lat' dir='ltr'><strong>ff.</strong></span> <span class='ocrx_word' id='word_1_357' title='bbox 1621 3774 1641 3806; x_wconf 82' lang='lat'><strong>⁵</strong></span> <span class='ocrx_word' id='word_1_358' title='bbox 1675 3774 1967 3826; x_wconf 83' lang='lat' dir='ltr'><strong>Verwalter</strong></span> <span class='ocrx_word' id='word_1_359' title='bbox 2003 3772 2095 3826; x_wconf 86' lang='lat' dir='ltr'><strong>des</strong></span> <span class='ocrx_word' id='word_1_360' title='bbox 2133 3773 2444 3841; x_wconf 88' lang='lat' dir='ltr'><strong>Georgenth.</strong></span> <span class='ocrx_word' id='word_1_361' title='bbox 2485 3771 2647 3826; x_wconf 86' lang='lat' dir='ltr'><strong>Hofes</strong></span> 
     </span>
     <span class='ocr_line' id='line_1_42' title="bbox 384 3841 2649 3909; baseline 0 -15"><span class='ocrx_word' id='word_1_362' title='bbox 384 3842 438 3894; x_wconf 91' lang='lat' dir='ltr'><strong>in</strong></span> <span class='ocrx_word' id='word_1_363' title='bbox 473 3842 664 3898; x_wconf 82' lang='lat' dir='ltr'><strong>Erfurt.</strong></span> <span class='ocrx_word' id='word_1_364' title='bbox 809 3845 831 3876; x_wconf 73' lang='lat'><strong>⁶</strong></span> <span class='ocrx_word' id='word_1_365' title='bbox 865 3843 1058 3896; x_wconf 71' lang='lat' dir='ltr'><strong>Mal-tin</strong></span> <span class='ocrx_word' id='word_1_366' title='bbox 1095 3843 1288 3909; x_wconf 80' lang='lat' dir='ltr'><strong>Sohilo,</strong></span> <span class='ocrx_word' id='word_1_367' title='bbox 1328 3844 1449 3895; x_wconf 84' lang='lat' dir='ltr'><strong>dem</strong></span> <span class='ocrx_word' id='word_1_368' title='bbox 1483 3843 1801 3896; x_wconf 86' lang='lat' dir='ltr'><strong>Prokurator</strong></span> <span class='ocrx_word' id='word_1_369' title='bbox 1834 3841 2081 3894; x_wconf 82' lang='lat' dir='ltr'><strong>MutianS.</strong></span> <span class='ocrx_word' id='word_1_370' title='bbox 2155 3841 2342 3894; x_wconf 89' lang='lat' dir='ltr'><strong>Dieser</strong></span> <span class='ocrx_word' id='word_1_371' title='bbox 2377 3841 2522 3893; x_wconf 87' lang='lat' dir='ltr'><strong>hatte</strong></span> <span class='ocrx_word' id='word_1_372' title='bbox 2553 3857 2649 3894; x_wconf 86' lang='lat' dir='ltr'><strong>aus</strong></span> 
     </span>
     <span class='ocr_line' id='line_1_43' title="bbox 382 3909 2647 3980; baseline -0.001 -18"><span class='ocrx_word' id='word_1_373' title='bbox 382 3911 702 3964; x_wconf 87' lang='lat' dir='ltr'><strong>Misstrauen</strong></span> <span class='ocrx_word' id='word_1_374' title='bbox 739 3928 905 3980; x_wconf 84' lang='lat' dir='ltr'><strong>gegcn</strong></span> <span class='ocrx_word' id='word_1_375' title='bbox 933 3913 1091 3979; x_wconf 86' lang='lat' dir='ltr'><strong>jenen</strong></span> <span class='ocrx_word' id='word_1_376' title='bbox 1127 3927 1185 3964; x_wconf 90' lang='lat' dir='ltr'><strong>so</strong></span> <span class='ocrx_word' id='word_1_377' title='bbox 1221 3912 1353 3964; x_wconf 85' lang='lat' dir='ltr'><strong>eben</strong></span> <span class='ocrx_word' id='word_1_378' title='bbox 1390 3913 1510 3963; x_wconf 87' lang='lat' dir='ltr'><strong>dem</strong></span> <span class='ocrx_word' id='word_1_379' title='bbox 1548 3911 1726 3964; x_wconf 86' lang='lat' dir='ltr'><strong>Urban</strong></span> <span class='ocrx_word' id='word_1_380' title='bbox 1777 3910 1860 3962; x_wconf 88' lang='lat' dir='ltr'><strong>die</strong></span> <span class='ocrx_word' id='word_1_381' title='bbox 1908 3909 2251 3977; x_wconf 86' lang='lat' dir='ltr'><strong>Verwaltung</strong></span> <span class='ocrx_word' id='word_1_382' title='bbox 2302 3909 2477 3961; x_wconf 88' lang='lat' dir='ltr'><strong>seiner</strong></span> <span class='ocrx_word' id='word_1_383' title='bbox 2522 3909 2647 3961; x_wconf 87' lang='lat' dir='ltr'><strong>Ein-</strong></span> 
     </span>
     <span class='ocr_line' id='line_1_44' title="bbox 382 3977 2648 4048; baseline -0 -18"><span class='ocrx_word' id='word_1_384' title='bbox 382 3979 565 4031; x_wconf 79' lang='lat' dir='ltr'><strong>kiinfte</strong></span> <span class='ocrx_word' id='word_1_385' title='bbox 601 3981 928 4048; x_wconf 78' lang='lat' dir='ltr'><strong>iibertragen.</strong></span> <span class='ocrx_word' id='word_1_386' title='bbox 967 3980 1016 4033; x_wconf 77' lang='lat' dir='ltr'><strong>S.</strong></span> <span class='ocrx_word' id='word_1_387' title='bbox 1034 3980 1134 4033; x_wconf 85' lang='lat'><strong>246</strong></span> <span class='ocrx_word' id='word_1_388' title='bbox 1155 3981 1214 4034; x_wconf 87' lang='lat' dir='ltr'><strong>A.</strong></span> <span class='ocrx_word' id='word_1_389' title='bbox 1227 3983 1274 4034; x_wconf 86' lang='lat'><strong>5.</strong></span> <span class='ocrx_word' id='word_1_390' title='bbox 1385 3978 1670 4032; x_wconf 78' lang='lat' dir='ltr'><strong>&#39;‘Dieselbc</strong></span> <span class='ocrx_word' id='word_1_391' title='bbox 1706 3979 1849 4030; x_wconf 85' lang='lat' dir='ltr'><strong>Bitte</strong></span> <span class='ocrx_word' id='word_1_392' title='bbox 1884 3979 1940 4029; x_wconf 92' lang='lat' dir='ltr'><strong>in</strong></span> <span class='ocrx_word' id='word_1_393' title='bbox 1958 3977 2045 4029; x_wconf 66' lang='grc' dir='ltr'><strong>ΒΥ.</strong></span> <span class='ocrx_word' id='word_1_394' title='bbox 2077 3978 2189 4030; x_wconf 79' lang='grc'><strong>188.</strong></span> <span class='ocrx_word' id='word_1_395' title='bbox 2299 3979 2320 4010; x_wconf 77' lang='lat'>⁸</span> <span class='ocrx_word' id='word_1_396' title='bbox 2342 3977 2526 4029; x_wconf 70' lang='lat' dir='ltr'><strong>Diu-ch</strong></span> <span class='ocrx_word' id='word_1_397' title='bbox 2564 3978 2648 4029; x_wconf 79' lang='lat' dir='ltr'><strong>die</strong></span> 
     </span>
     <span class='ocr_line' id='line_1_45' title="bbox 383 4045 2647 4115; baseline -0.001 -15"><span class='ocrx_word' id='word_1_398' title='bbox 383 4045 592 4100; x_wconf 86' lang='lat' dir='ltr'><strong>Reden:</strong></span> <span class='ocrx_word' id='word_1_399' title='bbox 630 4047 724 4100; x_wconf 74' lang='lat' dir='ltr'><strong>»M.</strong></span> <span class='ocrx_word' id='word_1_400' title='bbox 763 4048 877 4101; x_wconf 83' lang='lat' dir='ltr'><strong>helt</strong></span> <span class='ocrx_word' id='word_1_401' title='bbox 911 4049 1050 4115; x_wconf 82' lang='lat' dir='ltr'><strong>keyn</strong></span> <span class='ocrx_word' id='word_1_402' title='bbox 1085 4065 1282 4114; x_wconf 77' lang='lat' dir='ltr'><strong>messe3</strong></span> <span class='ocrx_word' id='word_1_403' title='bbox 1329 4049 1419 4101; x_wconf 89' lang='lat' dir='ltr'><strong>ich</strong></span> <span class='ocrx_word' id='word_1_404' title='bbox 1455 4048 1545 4100; x_wconf 90' lang='lat' dir='ltr'><strong>bin</strong></span> <span class='ocrx_word' id='word_1_405' title='bbox 1582 4049 1721 4114; x_wconf 85' lang='lat' dir='ltr'><strong>keyn</strong></span> <span class='ocrx_word' id='word_1_406' title='bbox 1759 4047 1933 4099; x_wconf 68' lang='lat' dir='ltr'><strong>wala«</strong></span> <span class='ocrx_word' id='word_1_407' title='bbox 2002 4046 2089 4098; x_wconf 67' lang='grc' dir='ltr'><strong>ΒΥ.</strong></span> <span class='ocrx_word' id='word_1_408' title='bbox 2130 4046 2245 4098; x_wconf 69' lang='grc'><strong>220.</strong></span> <span class='ocrx_word' id='word_1_409' title='bbox 2388 4047 2410 4078; x_wconf 81' lang='lat'>⁹</span> <span class='ocrx_word' id='word_1_410' title='bbox 2446 4045 2647 4098; x_wconf 87' lang='lat' dir='ltr'><strong>Paulus</strong></span> 
     </span>
     <span class='ocr_line' id='line_1_46' title="bbox 381 4113 2649 4183; baseline -0.001 -15"><span class='ocrx_word' id='word_1_411' title='bbox 381 4116 650 4183; x_wconf 81' lang='lat' dir='ltr'><strong>Aquilius,</strong></span> <span class='ocrx_word' id='word_1_412' title='bbox 687 4118 780 4169; x_wconf 83' lang='lat' dir='ltr'><strong>der</strong></span> <span class='ocrx_word' id='word_1_413' title='bbox 815 4117 918 4169; x_wconf 87' lang='lat' dir='ltr'><strong>alte</strong></span> <span class='ocrx_word' id='word_1_414' title='bbox 954 4116 1150 4169; x_wconf 84' lang='lat' dir='ltr'><strong>Diener</strong></span> <span class='ocrx_word' id='word_1_415' title='bbox 1184 4117 1432 4183; x_wconf 74' lang='lat' dir='ltr'><strong>MutianS,</strong></span> <span class='ocrx_word' id='word_1_416' title='bbox 1470 4118 1616 4168; x_wconf 82' lang='lat' dir='ltr'><strong>hatte</strong></span> <span class='ocrx_word' id='word_1_417' title='bbox 1654 4116 1805 4167; x_wconf 87' lang='lat' dir='ltr'><strong>einen</strong></span> <span class='ocrx_word' id='word_1_418' title='bbox 1840 4115 2095 4166; x_wconf 81' lang='lat' dir='ltr'><strong>Rubositz</strong></span> <span class='ocrx_word' id='word_1_419' title='bbox 2132 4114 2186 4164; x_wconf 89' lang='lat' dir='ltr'><strong>in</strong></span> <span class='ocrx_word' id='word_1_420' title='bbox 2223 4113 2393 4165; x_wconf 86' lang='lat' dir='ltr'><strong>einem</strong></span> <span class='ocrx_word' id='word_1_421' title='bbox 2422 4114 2649 4166; x_wconf 85' lang='lat' dir='ltr'><strong>Gothaer</strong></span> 
     </span>
     <span class='ocr_line' id='line_1_47' title="bbox 381 4181 2646 4251; baseline -0.001 -15"><span class='ocrx_word' id='word_1_422' title='bbox 381 4183 655 4251; x_wconf 85' lang='lat' dir='ltr'><strong>Hospitale</strong></span> <span class='ocrx_word' id='word_1_423' title='bbox 692 4187 785 4237; x_wconf 81' lang='lat' dir='ltr'><strong>auf</strong></span> <span class='ocrx_word' id='word_1_424' title='bbox 814 4185 1046 4238; x_wconf 85' lang='lat' dir='ltr'><strong>Mutians</strong></span> <span class='ocrx_word' id='word_1_425' title='bbox 1081 4185 1281 4238; x_wconf 86' lang='lat' dir='ltr'><strong>Kosten</strong></span> <span class='ocrx_word' id='word_1_426' title='bbox 1331 4185 1582 4237; x_wconf 83' lang='lat' dir='ltr'><strong>erhalten.</strong></span> <span class='ocrx_word' id='word_1_427' title='bbox 1656 4184 1718 4236; x_wconf 90' lang='lat' dir='ltr'><strong>In</strong></span> <span class='ocrx_word' id='word_1_428' title='bbox 1754 4184 1925 4236; x_wconf 86' lang='lat' dir='ltr'><strong>Gotha</strong></span> <span class='ocrx_word' id='word_1_429' title='bbox 1967 4183 2154 4234; x_wconf 86' lang='lat' dir='ltr'><strong>bcfand</strong></span> <span class='ocrx_word' id='word_1_430' title='bbox 2190 4183 2306 4234; x_wconf 86' lang='lat' dir='ltr'><strong>sich</strong></span> <span class='ocrx_word' id='word_1_431' title='bbox 2344 4183 2429 4234; x_wconf 88' lang='lat' dir='ltr'><strong>ein</strong></span> <span class='ocrx_word' id='word_1_432' title='bbox 2465 4181 2646 4234; x_wconf 91' lang='lat' dir='ltr'><strong>Xeno-</strong></span> 
     </span>
     <span class='ocr_line' id='line_1_48' title="bbox 383 4249 2645 4326; baseline 0 -22"><span class='ocrx_word' id='word_1_433' title='bbox 383 4252 634 4304; x_wconf 88' lang='lat' dir='ltr'><strong>dochium</strong></span> <span class='ocrx_word' id='word_1_434' title='bbox 665 4252 715 4306; x_wconf 82' lang='lat' dir='ltr'><strong>S.</strong></span> <span class='ocrx_word' id='word_1_435' title='bbox 730 4253 928 4306; x_wconf 84' lang='lat' dir='ltr'><strong>Mariae</strong></span> <span class='ocrx_word' id='word_1_436' title='bbox 960 4253 1302 4321; x_wconf 86' lang='lat' dir='ltr'><strong>Magdalenac</strong></span> <span class='ocrx_word' id='word_1_437' title='bbox 1332 4255 1424 4306; x_wconf 88' lang='lat' dir='ltr'><strong>auf</strong></span> <span class='ocrx_word' id='word_1_438' title='bbox 1441 4255 1561 4305; x_wconf 88' lang='lat' dir='ltr'><strong>dem</strong></span> <span class='ocrx_word' id='word_1_439' title='bbox 1582 4251 1738 4305; x_wconf 88' lang='lat' dir='ltr'><strong>Briel.</strong></span> <span class='ocrx_word' id='word_1_440' title='bbox 1778 4250 2021 4319; x_wconf 86' lang='lat' dir='ltr'><strong>Sagitt.</strong></span> <span class='ocrx_word' id='word_1_441' title='bbox 2055 4251 2195 4303; x_wconf 86' lang='lat' dir='ltr'><strong>Hist.</strong></span> <span class='ocrx_word' id='word_1_442' title='bbox 2218 4251 2370 4303; x_wconf 85' lang='lat' dir='ltr'><strong>Goth.</strong></span> <span class='ocrx_word' id='word_1_443' title='bbox 2391 4251 2471 4326; x_wconf 67' lang='lat' dir='ltr'><strong>ed:</strong></span> <span class='ocrx_word' id='word_1_444' title='bbox 2494 4249 2645 4304; x_wconf 88' lang='lat' dir='ltr'><strong>Tenz.</strong></span> 
     </span>
     <span class='ocr_line' id='line_1_49' title="bbox 381 4318 2646 4388; baseline -0.001 -16"><span class='ocrx_word' id='word_1_445' title='bbox 381 4335 432 4386; x_wconf 88' lang='lat' dir='ltr'><strong>p.</strong></span> <span class='ocrx_word' id='word_1_446' title='bbox 456 4321 560 4373; x_wconf 78' lang='lat'><strong>232</strong></span> <span class='ocrx_word' id='word_1_447' title='bbox 595 4337 673 4388; x_wconf 84' lang='lat' dir='ltr'><strong>sq.</strong></span> <span class='ocrx_word' id='word_1_448' title='bbox 819 4324 861 4354; x_wconf 82' lang='lat'><strong>¹⁰</strong></span> <span class='ocrx_word' id='word_1_449' title='bbox 895 4321 1096 4374; x_wconf 77' lang='lat' dir='ltr'><strong>Paulus</strong></span> <span class='ocrx_word' id='word_1_450' title='bbox 1132 4324 1382 4374; x_wconf 87' lang='lat' dir='ltr'><strong>stammte</strong></span> <span class='ocrx_word' id='word_1_451' title='bbox 1429 4321 1685 4374; x_wconf 85' lang='lat' dir='ltr'><strong>hiernach</strong></span> <span class='ocrx_word' id='word_1_452' title='bbox 1726 4320 1861 4372; x_wconf 83' lang='lat' dir='ltr'><strong>wohl</strong></span> <span class='ocrx_word' id='word_1_453' title='bbox 1898 4335 1993 4372; x_wconf 89' lang='lat' dir='ltr'><strong>aus</strong></span> <span class='ocrx_word' id='word_1_454' title='bbox 2028 4318 2266 4385; x_wconf 77' lang='lat' dir='ltr'><strong>Fritzlai·,</strong></span> <span class='ocrx_word' id='word_1_455' title='bbox 2304 4334 2385 4370; x_wconf 84' lang='lat' dir='ltr'><strong>wo</strong></span> <span class='ocrx_word' id='word_1_456' title='bbox 2422 4319 2507 4370; x_wconf 76' lang='lat' dir='ltr'><strong>die</strong></span> <span class='ocrx_word' id='word_1_457' title='bbox 2544 4318 2646 4370; x_wconf 85' lang='lat' dir='ltr'><strong>Ge·</strong></span> 
     </span>
     <span class='ocr_line' id='line_1_50' title="bbox 381 4386 2642 4459; baseline 0 -18"><span class='ocrx_word' id='word_1_458' title='bbox 381 4389 588 4442; x_wconf 78' lang='lat' dir='ltr'><strong>biihren</strong></span> <span class='ocrx_word' id='word_1_459' title='bbox 606 4391 738 4443; x_wconf 79' lang='lat' dir='ltr'><strong>iiber</strong></span> <span class='ocrx_word' id='word_1_460' title='bbox 761 4391 862 4442; x_wconf 91' lang='lat' dir='ltr'><strong>den</strong></span> <span class='ocrx_word' id='word_1_461' title='bbox 884 4390 1312 4444; x_wconf 86' lang='lat' dir='ltr'><strong>Heimatsschein</strong></span> <span class='ocrx_word' id='word_1_462' title='bbox 1332 4391 1400 4459; x_wconf 62' lang='lat' dir='ltr'><strong>(P)</strong></span> <span class='ocrx_word' id='word_1_463' title='bbox 1421 4407 1489 4442; x_wconf 89' lang='lat' dir='ltr'><strong>zu</strong></span> <span class='ocrx_word' id='word_1_464' title='bbox 1515 4388 1765 4442; x_wconf 88' lang='lat' dir='ltr'><strong>bezahlen</strong></span> <span class='ocrx_word' id='word_1_465' title='bbox 1785 4404 1976 4441; x_wconf 87' lang='lat' dir='ltr'><strong>waren.</strong></span> <span class='ocrx_word' id='word_1_466' title='bbox 2055 4387 2262 4455; x_wconf 81' lang='lat' dir='ltr'><strong>²¹Verg.</strong></span> <span class='ocrx_word' id='word_1_467' title='bbox 2280 4387 2405 4440; x_wconf 89' lang='lat' dir='ltr'><strong>Aen.</strong></span> <span class='ocrx_word' id='word_1_468' title='bbox 2422 4386 2642 4454; x_wconf 87' lang='lat' dir='ltr'><strong>1V,336.</strong></span> 
     </span>
    </p>
   </div>
   <div class='ocr_carea' id='block_1_6' title="bbox 380 3336 791 3344">
    <p class='ocr_par' dir='ltr' id='par_1_6' title="bbox 380 3336 791 3344">
     <span class='ocr_line' id='line_1_51' title="bbox 380 3336 791 3344; baseline 0 0"><span class='ocrx_word' id='word_1_469' title='bbox 380 3336 791 3344; x_wconf 95' lang='lat' dir='ltr'><strong> </strong></span> 
     </span>
    </p>
   </div>
   <div class='ocr_carea' id='block_1_7' title="bbox 3020 3568 3034 3920">
    <p class='ocr_par' dir='ltr' id='par_1_7' title="bbox 3020 3568 3034 3920">
     <span class='ocr_line' id='line_1_52' title="bbox 3020 3568 3034 3920; textangle 90"><span class='ocrx_word' id='word_1_470' title='bbox 3022 3909 3026 3920; x_wconf 51' lang='grc' dir='ltr'><strong>Α</strong></span> <span class='ocrx_word' id='word_1_471' title='bbox 3022 3869 3029 3890; x_wconf 63' lang='grc' dir='ltr'><strong>μ</strong></span> <span class='ocrx_word' id='word_1_472' title='bbox 3025 3825 3028 3832; x_wconf 95' lang='grc'>-</span> <span class='ocrx_word' id='word_1_473' title='bbox 3024 3757 3030 3802; x_wconf 29' lang='grc' dir='ltr'><strong>κ...</strong></span> <span class='ocrx_word' id='word_1_474' title='bbox 3020 3609 3034 3742; x_wconf 51' lang='grc' dir='ltr'><strong>ΑΗ,,,</strong></span> <span class='ocrx_word' id='word_1_475' title='bbox 3028 3568 3034 3587; x_wconf 78' lang='lat'>-</span> 
     </span>
    </p>
   </div>
  </div>
 </body>
</html>
