3084 4895
1221 387 1433 454 Mutian
1472 416 1541 453 an
1584 385 1779 453 Urban.
2521 400 2650 466 589

373 566 609 655 capiat,
651 593 1036 654 quamquam
1079 596 1118 636 a
1163 573 1332 637 bono
1382 594 1510 636 non
1560 573 1682 635 nisi
1728 572 1985 636 bonum.
2077 571 2232 649 Quis
2278 576 2487 636 autem
2540 570 2648 634 Α]-

376 660 562 721 berto
609 656 886 721 melior?
976 657 1036 720 Is
1083 660 1300 722 ruinas
1345 658 1632 722 civitatis
1664 657 1903 731 fulciet,
1936 658 2284 720 marcentia
2319 657 2648 736 excitabit,

376 744 791 807 contumacia
854 742 1162 820 domabit,
1208 749 1281 807 ut
1328 742 1546 827 populi
1608 743 1869 826 plausus
1922 765 2069 824 prae
2116 766 2182 806 se
2227 743 2386 805 ferre
2449 743 2651 824 possit

377 829 545 891 hanc
617 829 1183 892 exclamationem:
1263 829 1634 911 „Advenisti
1679 834 1986 901 ⁶servator
2048 828 2307 909 patriae.
2418 827 2649 891 Salvus

375 913 673 996 populus
768 913 963 976 Salva
1006 915 1234 996 patria.
1325 912 1559 979 Salvus
1608 920 1785 995 pater
1832 915 2089 994 patriae.
2182 912 2335 976 Sine
2382 918 2445 976 te
2491 913 2651 977 nihil

377 1019 647 1061 eramus.
743 997 830 1060 Te
877 1004 1208 1081 praesente
1270 1000 1673 1081 respiramus,
1744 1000 2047 1079 vigemuS,
2116 998 2396 1061 secunda
2464 999 2648 1062 nobis

375 1083 804 1167 pollicemur.“
901 1082 1026 1147 Sed
1071 1083 1229 1147 haec
1275 1105 1529 1167 quoque
1567 1082 1720 1145 nihil
1756 1084 1835 1145 ad
1868 1106 1987 1147 me.
2064 1083 2164 1147 Ad
2193 1083 2647 1161 Herebordum,

376 1169 798 1233 clarissimum
827 1169 1146 1250 juvenem,
1184 1190 1311 1231 non
1347 1169 1512 1233 dabo
1548 1168 2069 1246 consolationem,
2117 1170 2268 1250 quia
2310 1170 2642 1251 prodigum

377 1255 648 1337 patrem'
723 1256 960 1331 amisit,
1018 1255 1148 1318 imo
1211 1254 1540 1336 praemisit
1587 1254 1667 1316 ad
1714 1275 2113 1318 communem
2182 1254 2411 1332 locum,
2481 1255 2649 1317 unde

373 1344 618 1421 negant
686 1340 888 1403 redire
955 1361 1360 1421 quemquam.
1475 1338 1787 1403 Adamum
1859 1342 2008 1404 audi
2078 1346 2143 1403 et
2206 1362 2351 1403 ama
2418 1360 2516 1402 me
2582 1345 2648 1403 te

372 1428 716 1488 amantem.
806 1425 1001 1489 Irasci
1067 1446 1346 1507 possum,
1415 1425 1753 1505 objurgare
1821 1426 2012 1500 soleo,
2077 1446 2175 1487 me
2236 1426 2427 1489 nosti.
2519 1423 2643 1488 Sed

373 1531 500 1573 non
555 1531 810 1591 possum
863 1532 987 1575 non
1038 1532 1250 1573 amare
1297 1516 1622 1591 perpetuo,
1671 1529 1832 1590 quos
1879 1510 2070 1574 semel
2102 1511 2385 1573 amicitia
2418 1510 2647 1591 dignos

368 1596 673 1677 judicavi.
768 1595 938 1672 Vale,
987 1600 1133 1679 post
1178 1594 1437 1659 Martini
1486 1595 1812 1658 solemnia.

692 1677 815 1733 Ood.
852 1676 985 1731 Fref.
1024 1679 1141 1733 520.

371 1812 608 1883 (notha.)
1429 1798 1576 1862 527.
2198 1814 2280 1869 21.
2317 1815 2459 1868 Marz
2499 1816 2646 1872 1521.

1113 1907 1406 1977 Mutian
1451 1926 1551 1976 an
1599 1906 1907 1977 Urban.²

381 2016 577 2083 (Jonas
611 2018 903 2086 verspricht
937 2018 1010 2071 M.
1047 2018 1192 2072 seina
1227 2018 1390 2083 Hv'ilfe
1425 2018 1488 2072 in
1521 2018 1696 2071 einem
1743 2018 1953 2071 Handel
1998 2019 2101 2071 mit
2146 2018 2501 2087 Rolmdorfer.
2575 2020 2647 2073 M.

569 2095 579 2105 ·
640 2085 715 2138 ’ἱεέ
747 2086 896 2139 nieht
929 2087 1022 2139 der
1068 2087 1510 2140 Versfflmwhkeit
1545 2087 1651 2139 mit
1683 2087 1783 2139 den
1823 2087 2063 2155 Geqnemz
2096 2086 2401 2155 abyeneiyt.)

1105 2184 1189 2233 Η.
1226 2183 1484 2234 ‘Urbano
1522 2181 1633 2251 (M.
1666 2181 1914 2247 Rufus).

589 2272 796 2339 Salus.
886 2275 1090 2340 Jonas
1150 2278 1408 2342 virtutis
1470 2274 1774 2342 antistes⁸
1843 2276 2177 2359 pollicetur
2246 2276 2399 2339 mihi
2465 2298 2644 2341 suam

373 2380 632 2440 operam
669 2360 733 2423 in
769 2362 1204 2443 componendo
1242 2364 1522 2444 negotiO,
1557 2363 1725 2443 quod
1761 2360 2285 2425 Rotendorferus⁴
2319 2366 2383 2425 et
2416 2362 2645 2443 hospes

377 2444 763 2523 excitarunt,
834 2451 1025 2530 teque
1094 2449 1446 2531 adjutorem
1511 2455 1577 2512 et
1635 2450 1945 2512 arbitrum
2012 2447 2137 2512 sibi
2203 2449 2415 2512 sumit.
2506 2449 2677 2532 Ego.

377 2532 675 2612 respondi
743 2554 844 2595 me
910 2535 1251 2616 propitium
1325 2557 1462 2597 esse
1530 2554 1737 2615 neque
1805 2535 2035 2598 iratum
2105 2533 2315 2597 adhuc
2382 2535 2641 2613 feritati,

375 2615 564 2680 modo
634 2617 1012 2697 quietissimi
1081 2623 1296 2682 essent
1361 2621 1724 2684 adversarii.
1817 2618 1910 2683 Tu
1958 2620 2148 2683 etiam
2196 2625 2388 2701 atque
2449 2621 2641 2684 etiam

381 2701 735 2784 considera,
782 2725 861 2766 ne
907 2705 1008 2768 via
1055 2705 1433 2784 concordiae
1478 2705 1651 2768 fraus
1697 2705 2017 2786 subrepat.
2112 2702 2180 2768 Si
2228 2705 2379 2788 quid
2414 2709 2643 2786 optant

383 2787 650 2851 host-iles
696 2789 834 2866 viri,
880 2787 1116 2854 frustra
1165 2792 1448 2872 cupiunt.
1539 2791 1679 2853 Non
1729 2790 2121 2873 respondebo
2168 2793 2353 2866 votiS,
2418 2796 2642 2873 utpote

375 2893 570 2936 causa
601 2875 903 2957 superior.
1004 2874 1116 2938 Sin
1166 2881 1379 2939 autem
1427 2875 1509 2939 ab
1556 2877 1702 2939 odio
1750 2877 1813 2939 in
1861 2877 2131 2957 gratiam
2167 2877 2364 2940 redire
2397 2878 2641 2956 volunt,

377 2978 513 3021 non
563 2981 790 3042 respuo
837 2959 1364 3025 benevolentiam.
1459 2961 1612 3024 Rem
1646 2965 1845 3024 tenes,
1936 2960 2061 3024 Sed
2098 2963 2353 3042 quando
2385 2984 2645 3044 respon·

375 3043 555 3108 debis
607 3045 686 3108 ad
735 3045 972 3128 priores
1004 3045 1272 3110 literas?
1362 3046 1532 3110 Vale.
1626 3045 1857 3109 Datum
1907 3047 1983 3109 ad
2032 3047 2222 3110 ferias
2269 3049 2398 3110 divi
2442 3048 2642 3111 Bene-

376 3128 551 3193 dicti.
643 3127 932 3194 MDXXI.

687 3213 810 3267 cod.
847 3213 980 3270 Frcf.
1019 3215 1136 3270 522.

514 3333 532 3364 ¹
569 3332 826 3386 Vicedom
852 3334 1078 3388 Gerlach
1113 3351 1164 3388 v.
1201 3335 1252 3388 d.
1290 3334 1549 3387 Mai-then.
1604 3332 1653 3386 S.
1680 3335 1777 3387 115
1798 3336 1859 3387 A.
1882 3333 1931 3386 3.
2039 3334 2058 3366 ²
2096 3333 2275 3387 Bildet
2300 3335 2397 3387 den
2418 3334 2638 3389 Schluss

374 3399 467 3452 des
503 3399 840 3454 Frankfurter
874 3403 1066 3458 Codex.
1138 3403 1221 3455 Da
1256 3402 1357 3455 alle
1393 3401 1613 3469 iibrigen
1648 3400 1822 3454 Briei'e
1859 3418 1959 3453 nur
1992 3401 2075 3454 bis
2109 3403 2164 3454 in
2200 3404 2294 3455 das
2329 3403 2461 3455 Jahr
2499 3406 2631 3458 1515

372 3467 604 3534 reichen,
649 3485 708 3522 so
755 3471 898 3523 steht
930 3487 989 3524 er
1024 3472 1160 3524 auch
1219 3470 1316 3523 mit
1363 3471 1522 3522 ihnen
1572 3470 1625 3520 in
1673 3469 1879 3522 keinem
1934 3470 2119 3522 innern
2174 3469 2635 3542 Zusammenhang

376 3536 484 3588 und
517 3537 724 3590 scheint
759 3555 858 3590 nur
893 3539 1104 3607 zusallig
1140 3539 1238 3591 mit
1271 3539 1429 3591 ihnen
1467 3538 1789 3591 verbunden.
1851 3539 2127 3590 Trotzdem
2146 3539 2330 3592 schien
2350 3555 2406 3592 es
2426 3542 2635 3594 zweck-

374 3605 584 3672 massig.
632 3605 724 3657 ihn
758 3607 908 3660 nicht
941 3625 1046 3661 von
1082 3609 1175 3660 der
1209 3607 1521 3674 Sammlung'
1555 3622 1622 3657 zu
1656 3608 1887 3660 trennen.
2032 3607 2053 3639 ⁸
2091 3629 2155 3646 =
2190 3608 2371 3662 cultor.
2444 3610 2475 3661 J
2483 3614 2631 3663 ustus

371 3671 549 3739 «lonae,
585 3673 660 3726 im
693 3674 742 3728 J.
783 3677 915 3729 1515
949 3693 1055 3730 von
1097 3675 1431 3744 Wittenberg
1464 3675 1603 3727 nach
1635 3674 1815 3728 Erfurt
1866 3676 2283 3743 zuriickgekehrt
2337 3679 2444 3730 und
2496 3680 2633 3731 noch

373 3740 428 3792 in
463 3741 766 3795 demselben
799 3743 847 3798 J.
885 3745 940 3796 in
974 3744 1207 3798 Mutians
1253 3743 1407 3797 Kreis
1454 3744 1794 3810 eingetreten,
1830 3760 1870 3797 s.
1912 3743 2046 3796 1518
2094 3745 2393 3798 Kanoniker
2442 3762 2543 3799 von
2578 3747 2630 3800 S.

372 3807 556 3861 Severi
591 3808 646 3861 in
679 3810 872 3872 Erfurt,
915 3814 1044 3866 1519
1082 3813 1275 3865 Rektor
1309 3813 1402 3865 dor
1436 3810 1614 3877 Univ.,
1656 3811 1783 3864 1521
1840 3811 1964 3864 bald
2008 3813 2147 3866 nach
2194 3814 2313 3865 dem
2362 3815 2639 3868 Wormser

372 3876 688 3946 Reichstage
723 3879 891 3932 durch
926 3881 1158 3934 Mutians
1202 3879 1557 3947 Empfehlung
1602 3879 1791 3932 Probst
1827 3881 1881 3932 in
1916 3881 2263 3950 Wittenberg.
2336 3883 2443 3935 Der
2496 3889 2635 3936 erste

371 3944 458 3998 Br.
496 3944 732 4000 Mutians
763 3964 830 4001 an
867 3949 958 4001 ihn
994 3950 1064 4002 ist
1101 3965 1222 4002 vom
1258 3948 1340 4001 22.
1375 3948 1488 4000 Juli
1529 3950 1661 4001 1515
1698 3947 1791 4001 Nr.
1830 3949 1947 4002 535.
2020 3949 2310 4016 Pressel,
2358 3952 2406 4004 J.
2456 3952 2634 4004 Jonas,

371 4012 560 4070 Elberf.
604 4015 750 4070 1862.
891 4019 912 4050 ⁴
947 4017 1047 4070 Ein
1081 4018 1328 4071 Erfurter.
1400 4017 1637 4069 Andreas
1670 4017 1781 4069 und
1827 4016 2078 4073 Nicolaus
2126 4017 2485 4071 Rotendorffer
2518 4020 2635 4072 Erf-

371 4083 664 4136 furdienses
718 4085 837 4138 sind
889 4085 1046 4140 Mich.
1091 4087 1219 4139 1497
1256 4087 1312 4137 in
1349 4085 1530 4137 Erfurt
1587 4085 1836 4151 immatr.,
1873 4087 1960 4137 ein
1995 4085 2199 4139 Conrad
2234 4087 2294 4140 R.
2332 4089 2443 4140 Ost.
2486 4088 2635 4141 1506.

372 4151 866 4218 (Weissenborn
919 4154 985 4222 11,
1041 4155 1157 4208 201.
1212 4154 1352 4274 243).
1426 4153 1749 4206 Ausserdem
1802 4153 1873 4206 ist
1924 4153 2177 4207 Nicolaus
2229 4154 2291 4209 R.
2348 4156 2633 4209 canonicus

372 4221 536 4274 Error.
573 4221 621 4274 b.
659 4221 794 4290 virg.
831 4222 974 4275 Marz
1004 4221 1130 4276 1521
1172 4223 1223 4275 in
1336 4222 1595 4289 ittenberg
1630 4221 1913 4276 immatrik.
1970 4221 2397 4276 Forstemann
2432 4241 2479 4291 p.
2522 4225 2635 4277 101.

897 4363 1086 4408 ENDE
1131 4362 1261 4408 DES
1307 4361 1817 4408 FRANKFURTER
1862 4361 2115 4407 OODEX.

1301 4481 1725 4525 .-..7......--“
