3084 4895
1200 428 1409 488 Mutian
1449 450 1516 487 an
1554 425 1754 488 urban.
2490 432 2617 499 579

1103 606 1186 656 Η.
1224 606 1481 658 Urbano
1517 606 1607 655 M.
1644 604 1866 655 Rufus,

553 713 618 777 S.
711 713 913 775 Janus
949 714 1150 777 Jonas
1178 726 1206 754 ⁸
1249 719 1468 797 pastor
1497 715 1708 779 ovium
1746 713 2052 777 beneficio
2086 712 2620 779 archimandritae

344 799 786 881 GeorgivalliS,
835 798 973 861 heri
1019 802 1397 877 communi8‚
1447 800 1632 864 hodie
1678 800 1799 865 sibi
1854 800 2172 879 rebusque
2218 800 2351 863 suis
2386 802 2619 865 timens

345 886 437 968 (et
488 887 704 967 justus
767 885 1020 965 quidem
1082 890 1292 949 metus
1353 890 1475 961 est)
1544 908 1644 949 me
1706 886 1867 949 adiit
1926 891 1990 949 et
2046 886 2212 949 inter
2255 884 2381 949 alia
2426 908 2492 951 se
2536 886 2618 951 ad

345 973 548 1035 forum
598 970 891 1033 officialis
943 972 1144 1034 nostri
1189 976 1520 1035 evocatum
1573 992 1709 1034 esse
1763 972 2063 1047 narravit,
2109 992 2359 1051 rogans,
2401 977 2475 1035 ut
2506 976 2619 1037 tua

348 1058 733 1119 auctoritate
779 1056 1052 1136 gratiam
1099 1056 1413 1119 obtineat.
1503 1055 1731 1137 Itaque
1776 1062 1993 1119 noster
2038 1054 2383 1119 Hallensis¹
2422 1058 2609 1121 Ham-

275 1154 282 1159 ’
345 1139 548 1204 moni²
598 1142 969 1223 praecipiat,
1016 1162 1097 1203 ne
1142 1141 1474 1205 absentem
1522 1140 1699 1204 velut
1744 1148 2185 1204 contumacem
2231 1140 2462 1205 Jonam
2505 1165 2617 1207 ex-

347 1228 792 1291 communicet.
871 1224 1095 1288 Venire
1142 1247 1269 1289 non
1321 1230 1550 1307 potest.
1630 1224 1981 1309 Suspectus
2014 1225 2303 1289 habetur.
2382 1228 2619 1292 Audiat

348 1319 461 1375 tua
511 1313 884 1393 paternitaS‚
953 1312 1106 1393 quid
1174 1315 1428 1393 petatur
1490 1333 1527 1374 a
1574 1317 1753 1393 parte
1821 1313 2089 1389 diversa,
2157 1316 2221 1375 et
2287 1315 2616 1377 certiorem

347 1397 574 1461 reddat
639 1397 929 1461 amicum.
1023 1396 1114 1459 De
1175 1402 1395 1461 nostra
1455 1419 1521 1460 re
1583 1397 1743 1460 nihil
1807 1398 2099 1461 scribam.
2196 1396 2481 1477 Publius,
2546 1402 2619 1463 ut

345 1487 446 1547 est
522 1482 956 1553 meticulosus,
1032 1482 1276 1545 invitus
1349 1479 1535 1545 exit.·''
1660 1483 1728 1546 Si
1803 1484 2213 1546 traditionem
2297 1482 2619 1549 Hallensis

347 1574 669 1651 praestare
735 1568 991 1651 poterit,
1059 1590 1184 1631 non
1256 1568 1456 1631 deerit
1521 1568 1948 1633 ratihabitio.⁴
2036 1567 2248 1646 Arma,
2316 1568 2489 1633 furor
2556 1576 2621 1635 et

350 1652 757 1717 inclementia
791 1654 1283 1716 circumsonant.
1379 1652 1604 1716 Servet
1634 1657 1697 1715 te
1730 1654 1903 1716 deus,
1974 1654 2275 1735 Magnus,
2310 1659 2382 1719 ut
2414 1677 2617 1739 spem,

349 1738 638 1821 pontifex
672 1740 888 1801 omnia
919 1737 1414 1818 tranquillabit.⁵
1491 1736 1660 1802 Vale.
1738 1737 2025 1803 Sabbato
2074 1742 2375 1821 Agapeti..
2433 1742 2617 1805 Anno

347 1822 587 1887 MDXII
615 1874 668 1887 ..
763 1823 1019 1889 Oblitus
1064 1845 1205 1887 sum
1253 1823 1528 1887 numeri⁶
1575 1828 1641 1887 et
1684 1824 1887 1887 Janus
1930 1832 2247 1907 properat.

655 1923 778 1977 Ood.
816 1922 948 1977 Frcf.
985 1924 1084 1975 511
1097 1963 1108 1974 .

349 2111 582 2180 (Gotha.)
1404 2096 1551 2161 517.
1980 2110 2099 2180 (vor
2136 2112 2216 2164 14.
2256 2110 2400 2180 Sept.
2442 2114 2617 2181 1515.)

1083 2222 1388 2293 *Mutian
1436 2242 1536 2293 an
1580 2222 1859 2293 Urban.

348 2350 500 2416 (Lobt
565 2351 776 2404 Urbane
841 2351 1082 2416 Vorsatx,
1139 2352 1408 2421 Nepotian
1458 2354 1600 2405 nach
1650 2353 1791 2405 Rom
1841 2369 1915 2405 zu
1964 2352 2217 2405 sehicken.
2301 2352 2406 2405 Des
2458 2352 2619 2405 Abies

361 2418 587 2472 Vb‘llerei
628 2418 744 2472 und
803 2419 1251 2489 Verschwmduny
1299 2438 1374 2475 an
1418 2421 1565 2487 scine
1608 2420 1947 2475 ZechbriIder.
2018 2420 2092 2474 M.
2137 2419 2281 2473 hietat
2326 2420 2427 2474 iim
2470 2420 2619 2474 nicht

347 2488 556 2541 einvnal
586 2489 737 2541 ‘mehr
769 2506 868 2541 um
901 2490 1055 2542 einen
1090 2489 1291 2551 Hasen‚
1327 2491 1559 2542 sondern
1602 2491 1801 2542 sehiekt
1847 2491 2102 2558 desweqen
2147 2489 2287 2542 ‘nach
2337 2489 2617 2543 Dis-mach.

367 2556 623 2662 Wiae'mcht
657 2573 759 2609 von
791 2558 891 2610 den
927 2558 1867 2695 Kanwusffitgznzulggangfffm
1952 2559 2133 2611 Urban
2156 2558 2257 2610 soll
2289 2558 2399 2625 auf
2422 2560 2621 2612 seinem

463 2739 760 2799 spectato
797 2743 862 2791 et
897 2740 1080 2791 docto
1115 2743 1285 2802 patri
1319 2742 1578 2793 ‘Urbano
1627 2753 1960 2792 oeconomo
1996 2753 2109 2791 suo
2145 2742 2516 2792 amicissimo

1306 2829 1396 2878 M.
1431 2826 1657 2878 Rufus.

559 2933 622 2998 S.
713 2933 932 2999 Laudo
981 2938 1313 3002 consilium
1363 2942 1567 3013 tuum,
1617 2939 1788 3020 quod
1834 2935 2081 3020 nepoti⁷
2127 2938 2395 3002 Romam
2449 2937 2617 3002 ituro

348 3018 592 3082 auxilio
655 3022 742 3084 sis
787 3025 851 3084 et
897 3024 1231 3104 praesidio.
1322 3025 1544 3108 Neque
1588 3029 1654 3087 te
1700 3026 1932 3088 aetatis
1991 3023 2304 3086 lubricum
2366 3030 2620 3087 revocet

351 3127 390 3166 a
441 3104 632 3168 solita
678 3106 1094 3188 benignitate.
1187 3109 1488 3190 Ephebus
1517 3111 1546 3148 b
1592 3110 1758 3172 enim
1806 3109 1911 3172 ille
1957 3110 2197 3191 ingenii
2244 3109 2391 3171 dote
2436 3130 2619 3191 prae-

352 3191 530 3254 ditus
575 3198 640 3253 et
685 3193 908 3256 robore
955 3196 1236 3276 corporis
1283 3194 1441 3258 nihil
1490 3217 1600 3277 per
1644 3199 1921 3258 aetatem
1978 3194 2269 3275 peccabit
2312 3199 2387 3256 ut
2432 3194 2618 3257 multi

349 3275 786 3340 'adolescentes
834 3279 1000 3356 vino,
1048 3280 1218 3355 ludo,
1265 3282 1492 3344 scortis
1539 3281 1955 3344 devotissimi.
1987 3291 2011 3318 ⁰
2100 3277 2517 3352 Matthaeus,⁸
2564 3280 2617 3342 si

354 3361 527 3439 velit,
590 3367 802 3444 potest
859 3385 994 3427 esse
1055 3366 1350 3431 dominus
1415 3365 1725 3429 tutelaris.
1821 3364 1995 3428 Velle
2058 3368 2271 3428 autem
2322 3365 2510 3427 debet
2554 3369 2619 3429 et

353 3452 515 3528 puto
558 3448 680 3510 tibi
725 3456 976 3530 gratum
1026 3451 1219 3513 faciet
1263 3473 1636 3533 summaque
1694 3451 1820 3513 fide
1876 3449 2348 3513 commendabit
2410 3454 2615 3525 tuum,

354 3532 616 3614 perinde
687 3556 761 3597 ac
817 3536 869 3598 si
926 3537 1216 3618 proprius
1286 3559 1480 3618 nepos
1548 3542 1733 3609 esset,
1805 3537 2004 3600 nobili
2070 3536 2387 3598 mensario
2451 3536 2619 3615 quid

356 3617 588 3680 dicitur
633 3619 852 3694 (Dandi.
947 3619 1100 3684 Cum
1155 3621 1470 3704 Petrejum
1520 3624 1767 3697 viderit,
1818 3623 2086 3702 primum
2121 3625 2273 3701 agat
2304 3621 2379 3682 de
2412 3621 2619 3700 gratia

354 3704 420 3766 in
491 3703 691 3766 fornia
767 3727 1109 3787 pauperum
1190 3709 1605 3788 expedienda.
1696 3708 1933 3770 Locum
2002 3711 2142 3769 tute
2208 3705 2429 3787 delige.
2523 3705 2613 3769 Tu

351 3823 624 3830 ---——--.-

488 3871 654 3949 pAm
688 3871 907 3924 Raude:
957 3875 1129 3926 Johan
1181 3875 1296 3929 Jan.
1440 3879 1466 3915 b
1495 3875 1732 3942 Ephesus
1772 3873 1919 3926 Tem..
2062 3887 2085 3913 ο
2114 3871 2429 3924 deditissimi
2468 3872 2615 3924 Tema.

355 3941 384 3979 a
411 3939 753 4084 Ϊιωιᾰοζὲἶῗείι
809 4007 1062 4064 Osmund.
1136 4010 1186 4063 s,
1239 4011 1340 4065 279
1387 4013 1450 4065 A.
1502 4011 1549 4065 2.
1703 4011 1723 4042 2
1758 4009 1857 4060 Em
1910 4007 2093 4060 Scriba
2145 4007 2198 4058 in
2253 4009 2347 4060 der
2397 4008 2617 4061 Kanzlei

354 4073 626 4131 Nithards
689 4077 740 4130 S.
779 4078 876 4132 521
918 4081 979 4130 A.
1021 4081 1066 4132 ’7.
1195 4081 1216 4111 ⁸
1248 4079 1454 4146 Wegcn
1490 4081 1583 4132 des
1618 4077 1967 4144 Kriegslarms
2000 4091 2094 4127 um
2132 4075 2321 4128 Erfurt.
2376 4075 2458 4132 Br.
2499 4077 2615 4132 508.

423 4143 446 4174 ⁴
479 4144 587 4196 Des
623 4145 1174 4214 Weinbergverkaufs,
1235 4147 1320 4201 Br.
1359 4149 1478 4202 509.
1628 4151 1649 4179 ⁵
1683 4147 1779 4199 Bei
1815 4145 1987 4198 seiner
2021 4146 2330 4196 erwarteten
2367 4145 2614 4200 Ankunft.

353 4211 404 4264 S.
446 4215 544 4265 577
585 4217 645 4266 A.
687 4217 731 4268 1.
807 4233 812 4236 ·
874 4219 898 4247 ⁶
936 4215 1006 4268 M.
1045 4215 1173 4267 liebt
1217 4232 1288 4277 ee,
1335 4215 1449 4268 sich
1497 4216 1575 4267 als
1624 4215 2092 4280 weltvergessencn
2139 4213 2387 4265 Trfiumcr
2430 4214 2616 4265 hinzu-

357 4281 566 4342 stellen,
605 4281 770 4334 daher
806 4284 944 4334 auch
981 4300 1038 4335 so
1074 4285 1148 4336 oft
1183 4285 1267 4336 die
1305 4283 1687 4336 absichtlichen
1742 4283 1996 4334 Im‘tumer
2030 4281 2081 4331 in
2120 4281 2219 4332 den
2255 4281 2615 4334 Monatsdaten

358 4350 460 4400 mit
497 4352 805 4418 zugesiigter
839 4351 1234 4420 Vcrbcsseruug
1271 4369 1312 4403 z.
1353 4351 1410 4404 B.
1449 4353 1532 4405 ΒΓ.
1578 4354 1689 4404 188.
1804 4353 1834 4382 ’7
1871 4349 2209 4416 Nepotianus,
2270 4349 2390 4416 Vgl.
2428 4350 2477 4404 S.
2517 4353 2617 4402 57⁴5

355 4418 506 4472 A.2.
627 4421 668 4451 ‘⁸
703 4423 751 4473 S.
793 4421 861 4471 60
897 4424 957 4471 A.
996 4422 1042 4472 3.
1817 4438 1911 4445 ..,
2066 4487 2203 4550 37*
2320 4425 2337 4438 .·
