3084 4895
1191 406 1405 470 Mutian
1441 428 1509 465 an
1547 405 1745 466 Urban.
2462 410 2589 483 339

349 573 668 648 Schilonis
700 581 940 666 nepOS‚¹
973 584 1231 648 exaravi
1260 584 1476 649 literas
1509 607 1547 648 a
1569 585 1833 668 prandio
1864 584 2083 666 plenas
2112 583 2587 667 indignationi8‚

349 669 518 752 quod
562 669 803 733 scilicet
848 669 1139 734 videbam
1187 672 1544 754 conspirare
1588 676 1841 736 nostros
1888 670 2279 734 adversarios
2328 675 2391 734 et
2434 671 2588 735 Bar-

343 753 618 819 tholum²
680 754 984 820 insultare
1047 757 1254 834 nobiS,
1313 757 1633 835 hominem
1692 780 1732 820 a
1780 757 2179 839 sterquilinio
2241 757 2319 820 ad
2364 756 2590 821 Vestae

342 840 551 904 focum
599 842 874 904 stultitia
919 841 1209 906 fortunae
1255 843 1596 907 sublatum.
1688 843 1928 908 Deinde
1975 843 2083 906 ubi
2120 843 2439 926 paululum
2488 865 2589 908 ac-

345 927 746 1012 quievissem,
794 928 1005 1011 accepi
1050 929 1265 992 literas
1311 936 1474 999 tuas,
1522 931 1588 993 in
1621 930 1853 1011 quibus
1886 930 2058 992 socia
2088 950 2241 992 voce
2271 929 2585 994 concinis:

351 1011 848 1095 „Gaudeamus“.
941 1013 1159 1079 Laudo
1204 1019 1267 1079 et
1313 1037 1529 1097 precor
1573 1015 1779 1091 deum,
1826 1021 1897 1078 ut
1946 1019 2271 1078 aeternum
2320 1015 2411 1077 ita
2443 1037 2591 1078 can-

342 1103 570 1164 temus.
662 1098 956 1163 Trabalia
1000 1100 1232 1165 robora
1275 1098 1558 1167 mittam³
1608 1105 1673 1166 et
1716 1102 1940 1166 honori
1987 1100 2190 1182 magis
2258 1121 2447 1180 quam
2493 1102 2589 1165 lo-

347 1185 506 1268 culis
560 1187 903 1249 consulam.
992 1185 1092 1251 Ita
1150 1190 1338 1250 natus
1399 1209 1557 1263 sum,
1624 1188 1713 1250 ita
1766 1188 2125 1261 institutuS,
2182 1190 2254 1250 ut
2300 1207 2450 1268 opes
2509 1188 2588 1251 ad

346 1271 736 1352 splendorem
785 1272 839 1334 si
883 1293 1041 1354 quas
1087 1273 1290 1335 habeo
1335 1272 1732 1356 profundam,
1793 1294 1918 1336 non
1966 1273 2229 1336 serviam
2284 1277 2358 1334 ut
2401 1273 2585 1336 multi

348 1358 638 1420 dominae
683 1360 1003 1438 pecuniae.
1094 1358 1328 1422 Paulus
1359 1358 1719 1440 episcopus⁴
1760 1377 2121 1424 consecrare
2166 1358 2373 1422 noluit
2403 1357 2587 1422 Mori-⁸

343 1443 560 1506 filium.
655 1444 884 1506 Postea
929 1445 991 1507 in
1036 1449 1260 1508 senatu
1307 1446 1643 1526 culpantur
1672 1446 1735 1508 in
1770 1445 2128 1508 universum
2176 1445 2295 1516 „tic
2323 1443 2589 1506 &ambra-

349 1527 584 1591 cssct“.⁶
672 1529 956 1592 Accessit
1001 1529 1284 1594 exulum⁷
1333 1531 1667 1595 calumnia.
1761 1531 1919 1594 Nam
1981 1535 2187 1594 totum
2234 1529 2587 1611 collegium,

344 1617 484 1677 tota
529 1615 752 1678 cohors
796 1615 1203 1698 profugorum
1262 1615 1627 1698 Hennigno⁶
1688 1617 1867 1680 favet
1911 1622 1974 1679 et
2017 1612 2373 1680 Jacobitas⁹
2418 1615 2602 1679 dete-'
2656 1675 2665 1684 .

345 1705 570 1764 statur.
659 1699 819 1765 Cum
864 1701 1059 1782 igitur
1103 1707 1167 1765 te
1212 1702 1340 1766 illis
1384 1703 1739 1784 adjungant
1783 1705 1995 1767 nescio
2042 1723 2254 1784 quare,
2288 1701 2584 1765 admonui

345 1787 539 1849 semel
582 1792 776 1868 atque
820 1788 1067 1865 iterum,
1115 1792 1187 1852 ut
1231 1789 1636 1852 avarissimae
1696 1795 1761 1853 et
1802 1788 2321 1852 insidiosissimae
2381 1791 2587 1851 sectae

349 1893 480 1935 non
527 1871 784 1937 faveres
852 1874 1189 1938 Blanditiis
1233 1874 1440 1938 ornati
1487 1878 1657 1952 sunt,
1706 1877 1979 1939 ceterum
2012 1874 2231 1952 invidi,
2262 1878 2327 1936 et
2358 1875 2589 1954 putant

350 1959 700 2022 mentulam
763 1982 897 2023 esse
956 1960 1296 2024 diabolum.
1405 1959 1556 2025 Cela
1612 1983 1761 2039 rem,
1828 1983 1909 2024 ne
1971 1961 2329 2024 resciscant.
2390 1958 2587 2040 ¹Lege

345 2066 602 2108 manum
647 2045 1127 2128 Degenhardi¹⁰.
1204 2047 1343 2110 Duo
1375 2047 1721 2130 procuravi,
1754 2047 1955 2129 primo
1988 2049 2063 2110 ut
2091 2045 2367 2110 officium
2401 2065 2585 2109 suum

345 2130 626 2194 Duronio
674 2133 1088 2212 promitteret,
1135 2133 1412 2197 secundo
1457 2137 1530 2195 ut-
1580 2132 1897 2197 Abelum'¹
1946 2132 2023 2196 ad
2058 2154 2156 2195 me
2198 2131 2475 2195 mitteret
2518 2132 2584 2194 in

345 2217 620 2297 quodam
669 2219 942 2299 negotio,
989 2219 1158 2299 quod
1203 2219 1412 2282 adhuc
1442 2219 1563 2282 tibi
1597 2241 1719 2283 non
1756 2219 1905 2283 dixi.
1998 2217 2327 2300 Spalatino
2374 2220 2583 2280 autem

345 2324 457 2383 per
502 2303 716 2366 literas
763 2305 1077 2380 mandavi,
1125 2310 1198 2368 ut
1243 2305 1439 2368 Abelo
1485 2305 1667 2369 daret
1710 2305 1788 2368 a'd
1834 2311 1895 2367 te
1942 2325 2180 2367 aurum.
2274 2303 2405 2365 Hac
2450 2307 2587 2366 arte

353 2388 566 2471 profui
627 2390 986 2473 sumptibus
1041 2389 1372 2473 Spalatini.
1462 2389 1623 2455 Nam
1672 2391 1905 2455 Abelus
1952 2390 2159 2453 veniet
2203 2387 2401 2453 fultus
2450 2389 2583 2453 via-

346 2476 477 2539 tico
523 2476 854 2559 principali
917 2481 982 2540 et
1027 2477 1455 2555 nihilominus,
1510 2482 1584 2542 ut
1644 2499 1843 2560 sper0,
1906 2476 2103 2550 dabit,
2168 2476 2336 2555 quod
2389 2476 2583 2539 toties

346 2560 716 2643 Spalatinus
769 2585 836 2626 se
890 2563 1248 2640 missurum,
1317 2563 1550 2626 frustra
1608 2567 1823 2627 tamen
1885 2559 2201 2644 recepit.¹²
2301 2561 2578 2625 Remitte

347 2668 602 2728 manum
663 2649 851 2712 amici
903 2654 968 2713 et
1010 2650 1179 2713 tanti
1232 2649 1460 2713 fratris.
1569 2648 1724 2713 Utor
1777 2648 2055 2730 ingenio,
2125 2648 2218 2711 ita
2277 2669 2375 2711 me
2432 2646 2586 2713 deus

346 2736 535 2809 amet,
583 2738 658 2797 ut
700 2734 966 2797 habeam
1013 2734 1392 2816 praesidium
1442 2739 1664 2799 contra
1720 2735 1941 2811 maIOS,
2004 2754 2273 2815 quorum
2317 2754 2442 2796 non
2488 2736 2587 2797 est

346 2841 665 2883 numerus,
757 2820 1043 2884 Prudens
1087 2826 1184 2883 est
1228 2821 1604 2903 simplicitas
1648 2822 1823 2898 haec,
1883 2825 1947 2883 et
2004 2820 2114 2902 qui
2173 2840 2374 2882 meam
2434 2819 2585 2881 sim-

349 2904 706 2989 plicitatem
754 2908 1251 2989 interpretantur
1297 2907 1657 2985 stultitiam,
1707 2907 1835 2970 late
1880 2906 2202 2969 falluntur.
2300 2903 2443 2986 „Sic
2487 2926 2587 2967 me

346 2992 557 3066 vivere
595 2991 800 3073 juvat,
848 2992 938 3055 sic
983 2990 1308 3074 perire.“¹⁸
1395 2992 1565 3056 Vale.

657 3091 778 3145 Cod.
815 3091 948 3146 Frcf.
987 3093 1102 3146 323.

492 3214 509 3244 ¹
544 3213 711 3283 Georg
745 3213 938 3280 Sohilo,
974 3213 1074 3266 wie
1109 3229 1206 3267 aus
1241 3217 1479 3281 spateren
1511 3213 1718 3267 Briefen
1758 3212 1900 3282 (Cod.
1936 3210 2053 3265 408.
2089 3210 2211 3278 412)
2248 3210 2579 3277 hervorgeht.

346 3282 780 3335 Immatrikuliert
795 3283 849 3334 in
868 3282 970 3336 Erf.
994 3282 1071 3335 als
1090 3282 1341 3351 Georgius
1365 3282 1561 3349 Schyel
1584 3283 1648 3335 de
1667 3280 1925 3333 Frimaria
1943 3279 2051 3332 Ost.
2074 3280 2221 3334 1509.
2260 3279 2329 3330 W
2344 3294 2371 3330 e
2388 3278 2583 3331 issen-

344 3352 517 3417 born,
555 3352 724 3408 Akten
759 3352 806 3404 d.
840 3351 904 3403 U.
940 3351 998 3405 E.
1037 3351 1104 3418 II,
1142 3351 1256 3405 262.
1295 3342 1439 3405 Uber
1473 3350 1649 3404 Schilo
1688 3350 1801 3404 sS.
1827 3349 1924 3403 133
1946 3351 2007 3403 A.
2036 3350 2099 3400 1..
2226 3346 2313 3401 ²8.
2334 3347 2433 3401 275
2451 3350 2513 3399 A.
2535 3347 2582 3399 2.

346 3420 419 3473 Er
453 3421 700 3487 arbeitete
747 3420 949 3473 Mutian
997 3420 1077 3473 bei
1115 3421 1286 3473 seiner
1326 3420 1653 3488 Bewerbung
1703 3434 1793 3471 um
1830 3416 1914 3471 die
1948 3416 2160 3469 Vikarie
2195 3415 2437 3469 Schonau
2472 3418 2583 3469 ent—

346 3505 525 3557 gegen.
561 3489 649 3543 Br.
671 3485 783 3543 277.
893 3488 1023 3542 ⁸».W
1026 3488 1085 3541 ill
1119 3490 1210 3541 auf
1241 3490 1333 3541 das
1371 3489 1513 3557 (vom
1550 3488 1684 3541 Abte
1722 3503 1842 3540 zum
1879 3484 2131 3538 Hausbau
2166 3501 2232 3537 zu
2267 3484 2582 3553 spendende)

346 3558 482 3610 Holz
517 3558 856 3611 verzichten.«
943 3558 964 3589 ⁴
981 3557 1310 3610 Vermutlich
1329 3557 1699 3610 Weihbischof
1713 3555 1862 3609 Paul.
1890 3554 2086 3607 Hutten
2115 3554 2170 3605 in
2187 3553 2375 3607 Erfurt.
2412 3551 2461 3605 S.
2484 3552 2586 3606 200

317 3630 409 3684 .A.
448 3628 494 3679 7.
601 3628 622 3660 ⁵
662 3626 725 3680 S:
750 3626 816 3679 38
851 3628 912 3681 A.
948 3627 996 3679 4.
1120 3627 1142 3659 ⁸
1175 3626 1274 3678 Die
1310 3627 1590 3693 Anhanger
1625 3627 1717 3678 des
1754 3624 1948 3677 Paulus
1983 3623 2093 3675 und
2126 3622 2369 3675 Jacobus.
2406 3620 2459 3675 S.
2482 3621 2581 3674 268

347 3698 410 3747 A.
448 3698 495 3749 5.
541 3696 618 3749 10.
672 3695 789 3762 Vgl.
827 3694 913 3748 ΒΥ.
951 3694 1065 3749 278.
1192 3697 1210 3727 ⁷
1245 3695 1352 3749 Der
1383 3696 1439 3747 in
1476 3695 1646 3747 Gotha
1678 3693 1932 3746 lebenden
1965 3691 2198 3744 Erfurter
2230 3690 2583 3743 Verbannten.

419 3765 439 3796 ⁸
475 3765 662 3817 Goede.
703 3764 753 3817 S.
787 3764 852 3815 73
889 3767 948 3815 A.
977 3766 1018 3817 1.
1161 3764 1182 3795 ⁹
1215 3764 1494 3832 Anhanger
1528 3765 1620 3816 des
1654 3763 1959 3815 Dechanten
1995 3776 2095 3814 von
2132 3759 2182 3813 S.
2208 3758 2387 3812 Severi
2421 3758 2583 3811 Jacob

347 3832 580 3885 Doliator
614 3834 668 3885 in
700 3832 887 3887 Erfurt.
926 3832 974 3886 S.
998 3832 1095 3884 237
1127 3834 1192 3886 A.
1212 3834 1258 3887 6.
1329 3833 1428 3885 Dic
1458 3832 1593 3885 oben
1628 3833 1764 3885 offen
1798 3830 2063 3899 gelassent*
2084 3828 2425 3895 Vermutung,
2463 3828 2584 3879 dass

346 3902 516 3954 Jakob
551 3918 653 3954 von
692 3903 782 3953 der
816 3901 1044 3953 Sachsen
1091 3918 1156 3952 zu
1189 3903 1467 3953 verstehen
1503 3901 1616 3953 sein
1652 3902 1834 3963 konne,
1871 3897 2001 3953 wird
2046 3898 2212 3949 durch
2247 3896 2389 3949 diese
2424 3895 2583 3948 Stella

351 3970 582 4038 weniger
616 3969 1068 4023 wahischeinhch.
1146 3972 1186 4001 ¹⁰
1209 3970 1499 4037 Pfeffinger,
1535 3969 1800 4022 kursiichs
1821 3968 1936 4020 Rat.
1972 3966 2022 4020 S.
2043 3968 2071 4017 4
2102 3968 2163 4018 A.
2184 3965 2230 4017 2.
2307 3968 2344 3997 ¹¹
2365 3964 2585 4017 Schiiler

347 4039 606 4107 spalatins
635 4040 684 4090 in
710 4039 1048 4105 Wittenberg.
1088 4038 1208 4092 Cod.
1229 4040 1344 4091 481.
1376 4039 1494 4091 482.
1531 4038 1694 4091 Wohl
1730 4038 1879 4089 nicht
1911 4036 2171 4087 identisch
2205 4034 2303 4085 mit
2322 4033 2583 4101 Spalatins

350 4108 587 4161 Freunde
622 4108 738 4161 Joh.
775 4107 907 4175 Apel
943 4106 1220 4176 (Ape-llus),
1261 4108 1392 4159 iiber
1429 4107 1665 4159 welchen
1699 4105 1968 4171 Muther‚
2005 4106 2116 4156 Ans
2136 4104 2183 4156 d.
2207 4102 2390 4155 Univ.-
2410 4119 2460 4156 u,
2482 4102 2582 4153 Ge·

348 4176 706 4229 lehrtenleben
743 4176 815 4228 ini
854 4175 1099 4231 Zeitalter
1133 4178 1180 4229 d.
1221 4176 1329 4229 Res.
1367 4175 1645 4237 E1·1.18(;(5,
1682 4174 1731 4227 S.
1771 4173 2042 4227 ‘230—-3‘28
2088 4171 2313 4225 handelt.
2391 4172 2430 4203 ¹²
2465 4171 2579 4238 Vgl.

351 4246 584 4300 31:234:
621 4246 772 4299 »satis
807 4249 866 4296 ut
887 4245 1050 4298 bouus
1079 4247 1131 4295 et
1159 4245 1281 4297 fidei
1309 4244 1494 4313 plenus
1526 4244 1693 4296 officio
1730 4244 1925 4297 faciet«
1964 4241 2137 4293 Urban
2174 4240 2318 4291 hatte
2353 4239 2583 4306 fiirSpa-

351 4314 496 4375 latln,
519 4314 805 4367 ’vielleicht
839 4314 893 4365 in
929 4313 1131 4365 Sachen
1167 4314 1258 4365 des
1294 4314 1547 4380 DipIOmS,
1602 4312 1863 4380 Auslagen
1898 4310 2153 4379 gemacht.
2227 4308 2378 4360 Auch
2426 4309 2500 4359 im
2533 4308 2580 4361 J.

353 4386 499 4449 1515,
553 4399 629 4436 wo
665 4382 926 4451 Spalatins
962 4382 1170 4449 Diplom
1207 4383 1418 4445 endlich
1455 4382 1655 4449 erlangt
1688 4382 1770 4447 ist,
1826 4380 1932 4447 legt
1966 4379 2143 4431 Urban
2178 4378 2271 4429 das
2307 4376 2436 4428 Geld
2471 4392 2580 4429 aus

355 4452 474 4521 Vgl.
509 4452 593 4505 ΒΥ.
627 4453 729 4503 454
765 4452 858 4503 des
894 4450 1014 4505 Cod.
1159 4452 1200 4482 ¹³
1231 4450 1456 4503 Martial.
1492 4450 1617 4517 XII,
1658 4450 1737 4514 18,
1775 4449 1854 4503 ⁸26.
2012 4517 2093 4579 22
2124 4516 2155 4552 *
