3084 4895
509 371 630 448 192
1271 377 1446 434 Briefe
1481 396 1584 434 von
1626 374 1979 437 1509—1511.

505 555 676 619 fero!
723 553 966 618 Forsan
1011 552 1198 616 licuit
1243 551 1632 616 amicissimo
1677 551 1743 614 in
1790 553 2028 618 nostris
2080 555 2383 620 laudibus
2437 556 2776 622 veritatem

508 640 740 722 egredi.
833 638 939 702 Fit
1003 638 1170 700 enim
1226 637 1617 718 plerumque,
1675 641 1745 700 ut
1804 638 1915 720 qui
1984 640 2173 703 nobis
2234 646 2389 706 sunt
2448 643 2597 714 cari,
2662 664 2770 706 eos

504 725 845 789 immodica
893 724 1389 805 praedicatione,
1438 723 1691 802 quoties
1722 722 2033 786 honorare
2068 727 2379 804 volumuS,
2411 748 2767 790 oneremus,

503 811 574 872 ln
621 832 720 873 me
765 814 934 872 certe
981 808 1143 876 nihil
1191 806 1514 870 Ciceronis
1562 812 1677 870 est.
1769 808 1982 882 Plinii,
2035 809 2353 887 VarroniS,
2411 816 2483 876 ut
2538 811 2766 894 Spala-

502 897 681 958 tinus
725 895 1002 974 scripsit,
1049 893 1342 972 vestigiis
1386 892 1636 955 insistO.
1726 892 1888 956 Illud
1920 898 2137 958 tamen
2184 918 2283 959 me
2332 897 2513 960 valde
2559 897 2766 960 delec-

502 980 687 1054 tavit,
730 979 901 1060 quod
951 1000 1078 1041 non
1126 977 1466 1041 illiteratus
1521 977 1601 1040 ad
1647 998 1747 1039 me
1792 978 2009 1042 literas
2064 980 2272 1045 dedit:
2340 986 2585 1062 quanto
2644 981 2766 1045 hu-

504 1065 777 1140 manius,
842 1085 1038 1146 quam
1095 1083 1206 1126 vos
1261 1061 1386 1124 duo
1453 1063 1668 1124 nescio
1722 1064 1955 1125 aemuli
2002 1064 2209 1128 dicam
2267 1087 2347 1130 an
2395 1068 2603 1143 amici,
2651 1068 2763 1148 qui

510 1171 638 1213 non
685 1150 888 1213 solum
936 1148 1094 1212 1111111
1142 1151 1437 1223 vestram,
1485 1146 1594 1209 sed
1642 1148 1833 1210 etiam
1883 1148 2113 1232 Petreji
2159 1151 2521 1214 suavissimi
2566 1157 2765 1234 atque

503 1233 1002 1316 ingeniosissimi
1057 1232 1309 1314 juvenis
1370 1253 1627 1294 manum
1687 1233 2055 1297 invidetisl'
2154 1234 2506 1318 Utcunque,
2575 1259 2764 1300 curae

495 1321 678 1383 vobis
725 1322 810 1383 sit
851 1319 1150 1382 valetudo
1182 1323 1414 1380 vestra.
1481 1316 1671 1380 Festo
1706 1318 1806 1381 die
1842 1319 2107 1400 virginis
2140 1320 2521 1403 puerperae²
2554 1321 2758 1385 MDX.

807 1419 934 1472 Cod.
969 1417 1102 1471 Frcf.
1144 1417 1262 1470 150.

500 1641 732 1712 (Gotha.)
1555 1623 1697 1687 145.
2314 1641 2394 1695 21.
2433 1643 2566 1708 Aug.
2607 1642 2757 1694 1510.

1195 1747 1485 1816 Mutian
1528 1768 1628 1817 an
1672 1748 2045 1819 Her-bord.

491 1878 764 1947 (Launiye
820 1875 1247 1942 Vemcunderuny
1299 1876 1428 1927 iiber
1473 1876 1574 1928 den
1618 1893 1720 1928 von
1766 1876 2005 1929 Herbord
2052 1878 2193 1929 nach
2248 1878 2759 1930 zweimmzatlielaem

1096 1943 1508 2012 Stillschweiqen
1541 1944 1922 2012 ampfanyenen
1954 1944 2146 2013 Briefi)

1120 2055 1245 2124 (Ad
1278 2059 1681 2111 Her-bordum
1713 2062 1803 2111 M.
1836 2059 2082 2129 Rufus.)
2106 2060 2128 2091 ³

701 2167 907 2248 SaluS,
986 2170 1214 2235 dilecte
1294 2170 1506 2235 frater.
1620 2172 1863 2237 Nactus
1936 2176 2363 2254 opportunam
2438 2169 2757 2234 scribendi

494 2256 891 2320 occasionem
937 2255 1316 2319 transferam
1348 2257 1695 2338 fatigatum
1730 2259 2182 2322 ecclesiasticis
2211 2257 2585 2321 ministeriis
2614 2255 2754 2318 ani-

501 2363 669 2404 mum
718 2342 798 2404 ad
844 2341 964 2403 hoc
1008 2341 1357 2404 literarium
1405 2344 1802 2406 remissionis
1850 2343 2313 2407 diverticulum.
2406 2341 2579 2417 Quae
2638 2361 2753 2404 va-

491 2427 662 2490 catio
710 2426 1003 2507 copiosae
1051 2427 1390 2490 suavitatis
1437 2428 1624 2510 plena
1669 2428 1879 2493 reddit
1924 2451 2022 2491 me
2068 2449 2520 2510 saepenumero
2565 2447 2755 2505 vege-

487 2514 731 2575 tiorem.
825 2511 1271 2591 Significatum
1319 2514 1478 2575 mihi
1526 2513 1671 2589 fuit,
1716 2520 1779 2578 te
1824 2516 2041 2595 vigore
2069 2515 2332 2596 spiritus
2364 2518 2427 2575 et
2460 2512 2755 2592 agilitate

491 2619 718 2661 manus
767 2596 1101 2672 defectum,
1149 2602 1374 2679 utpote
1407 2597 1588 2680 cujus
1620 2601 1923 2663 articulos
1955 2600 2120 2663 mala
2154 2598 2399 2661 scabies
2431 2597 2751 2677 fregisset,

487 2683 785 2745 idoneum
858 2703 983 2745 non
1052 2704 1188 2745 esse
1240 2684 1601 2747 scribundis
1670 2685 1976 2767 epistolis
2067 2684 2371 2748 Dolebam
2434 2682 2752 2763 equidem,

490 2768 662 2850 quod
706 2767 896 2829 homo
942 2767 1367 2832 amicissimus
1423 2775 1488 2833 et
1542 2771 1830 2834 eruditus
1885 2770 2360 2851 perpolitusque
2420 2767 2751 2832 Gallorum

489 2850 1045 2933 gymnasiarches‘
1091 2852 1157 2914 in
1207 2855 1563 2918 coenobiali
1606 2855 1896 2937 hospitio
1952 2859 2084 2918 tam
2144 2855 2322 2935 gravi
2383 2853 2753 2916 valetudine

488 2939 844 3001 fluctuaret.
939 2939 1137 3017 Atqui
1206 2940 1514 3021 proximis
1590 2939 1690 3004 his
1768 2942 1996 3004 diebus
2068 2940 2254 3003 aliter
2315 2960 2443 3002 rem
2514 2938 2750 3001 habere

487 3024 777 3104 cognovi.
869 3022 1042 3098 Quae
1073 3024 1298 3087 relatio
1330 3026 1548 3089 statim
1584 3028 1903 3090 serenavit
1935 3031 2224 3108 opertum
2258 3023 2473 3088 dolore
2503 3027 2751 3105 pectus,

490 3109 791 3184 Aestima,
855 3112 1099 3187 quanto
1154 3110 1272 3171 sim
1335 3112 1603 3175 affectus
1664 3112 1917 3193 gaudio.
2010 3111 2168 3174 Nam
2218 3112 2310 3173 ita
2354 3115 2419 3172 te
2465 3130 2627 3184 am0‚
2674 3113 2751 3172 ut

486 3194 663 3257 nulla
707 3194 1001 3256 fortunae
1045 3195 1383 3273 acerbitas,
1431 3198 1645 3259 nullus
1692 3198 1934 3261 dierum
1969 3218 2289 3271 numeruS‚
2336 3194 2581 3257 nullum
2622 3194 2749 3257 loci

486 3280 888 3343 intervallum
950 3279 1297 3360 jucundam
1370 3286 1434 3344 et
1500 3283 1742 3345 dulcem
1812 3282 2320 3345 benevolentiam
2392 3280 2747 3342 exhauriat.

485 3366 575 3428 Eo
631 3368 810 3447 patet
869 3387 964 3427 me
1018 3369 1268 3428 tuarum
1327 3366 1651 3429 literarum
1720 3366 2078 3430 incredibili
2140 3366 2342 3429 teneri
2412 3365 2745 3438 desideriO,

487 3450 723 3533 quibus
769 3451 1098 3512 certiorem
1146 3451 1344 3513 facias
1391 3453 1466 3515 de
1521 3454 1657 3515 vita
1718 3458 1781 3515 et
1825 3454 2039 3515 studio
2085 3457 2216 3515 tuo.
2310 3450 2407 3511 Ab
2454 3472 2529 3513 ea
2574 3450 2745 3512 enim

484 3538 605 3613 die,
653 3557 780 3617 qua
822 3540 937 3598 tua
983 3557 1127 3597 cara
1174 3538 1377 3616 patria
1415 3537 1516 3600 vel
1548 3537 1761 3619 potius
1794 3538 2076 3619 plebejus
2107 3538 2259 3600 ordo
2292 3536 2358 3597 in
2390 3536 2747 3599 miserrimo

481 3621 870 3703 reipublicae
915 3624 1085 3683 statu
1148 3642 1314 3684 nova
1367 3626 1432 3684 et
1475 3623 1737 3687 insolita
1781 3624 2040 3687 licentia
2091 3627 2326 3685 temere
2372 3642 2409 3683 a
2454 3620 2747 3701 patribus

481 3706 919 3771 dissentiendo
966 3705 1300 3769 exsultans
1333 3709 1725 3771 consularem
1762 3709 1962 3771 virum
2012 3708 2355 3770 Henricum
2404 3704 2744 3769 Cellarium

484 3794 619 3874 lege
654 3792 866 3855 nescio
901 3790 1178 3854 Caecilia
1207 3814 1285 3854 an
1321 3793 1493 3855 Julia
1539 3795 2027 3876 repetundarum
2078 3793 2339 3855 crimine
2370 3813 2742 3872 oppressum

483 3885 547 3940 et
594 3882 916 3959 praeterea
963 3884 1218 3957 propter
1265 3879 1745 3941 evidentissima
1792 3878 2077 3942 facinora
2123 3884 2455 3941 nocentem
2487 3876 2743 3957 publice

479 3961 975 4043 strangulavit‚⁵
1041 3962 1199 4024 nihil
1256 3966 1514 4025 omnino
1573 3966 1895 4027 literarum
1961 3964 2036 4026 ad
2094 3986 2194 4026 me
2254 3963 2503 4025 dedisti.
2599 3962 2741 4023 Misi

620 4165 900 4232 ¹Pet1·cjus
959 4180 1067 4217 wal·
1115 4166 1316 4219 damals
1368 4166 1420 4218 111
1469 4166 1696 4219 Olmiitz.
1776 4166 1896 4233 Vgl.
1946 4166 1997 4218 S.
2043 4167 2108 4218 97
2160 4168 2219 4221 A.
2262 4168 2306 4219 1.
2345 4165 2394 4217 S.
2448 4166 2547 4218 170
2592 4168 2650 4217 A.
2690 4168 2737 4219 3.

479 4235 694 4287 ²Ueber
729 4234 822 4286 das
857 4234 1052 4285 Datum
1089 4234 1195 4301 vgl.
1234 4235 1709 4297 Brinokmeicr,
1748 4235 2103 4302 Chronologie.
2178 4234 2314 4286 Berl.
2357 4234 2502 4286 1882.
2540 4234 2585 4288 S.
2625 4234 2737 4286 189.

479 4303 616 4355 ⁸Die
657 4302 949 4354 Aussohrift
984 4302 1126 4355 fehlt.
1270 4305 1290 4334 ⁴
1313 4303 1511 4354 Lehrer
1548 4306 1641 4356 der
1675 4303 1899 4355 Mouche
1937 4304 2060 4371 (von
2100 4302 2469 4371 Georgenthal)
2588 4306 2607 4334 ⁵
2628 4303 2739 4355 Seit

476 4371 558 4423 28.
595 4371 735 4422 Juni.
794 4370 911 4437 Vgl.
951 4370 1038 4424 ΒΓ.
1080 4371 1192 4422 138.
