3084 4895
445 358 573 431 212
1287 361 1462 421 Briefe
1497 360 1590 421 des
1628 366 1678 421 J.
1719 364 1867 421 1512.

447 538 804 622 Stephano¹
880 561 1006 602 non
1081 540 1286 602 miror.
1379 538 1576 601 Nihili
1644 538 1989 601 homuncio
2050 543 2115 601 et
2184 537 2357 603 blate
2422 538 2717 605 inutilior

451 627 672 698 nescit,
720 625 872 705 quid
918 626 1236 705 loquatur.
1329 622 1591 705 Semper
1636 624 1832 686 habet
1878 625 2101 686 inanes
2147 624 2409 701 loculos,
2466 647 2715 705 semper

447 712 611 792 pet-it
657 710 956 789 querulae
1021 709 1324 791 egestatis
1385 710 1544 772 citra
1605 710 1935 772 rationem.
2026 708 2243 790 Nuper
2290 711 2367 772 ad
2418 708 2710 773 fratrem²

447 796 538 857 sic
585 796 747 857 inter
794 795 948 857 alia:
1014 794 1190 892 ,Non
1240 794 1424 857 credo
1470 816 1584 857 vos
1630 814 1757 857 uno
1805 799 1980 858 satos
2027 795 2323 856 semine.“
2420 793 2713 859 Stolidus

448 884 547 942 est
603 877 710 940 καὶ
770 878 1073 963 πυλωρος
1140 868 1353 951 κακός.
1445 878 1702 942 Claudit
1771 881 1895 942 sibi
1956 880 2218 961 januam
2291 881 2586 962 praesidii
2650 890 2715 944 et

450 968 548 1027 est
593 986 867 1046 nequam
914 965 977 1027 in
1028 970 1189 1027 cute.
1281 964 1452 1026 Haec
1500 968 1563 1027 et
1611 965 1767 1027 talia
1814 966 2038 1046 scripsi
2084 969 2148 1027 et
2192 966 2481 1046 asperius
2521 968 2714 1029 casti-

447 1051 593 1130 gavi
640 1047 1097 1132 Spalatinum,³
1160 1047 1330 1129 quod
1377 1050 1800 1112 creditoribus
1848 1070 1973 1112 non
2022 1056 2273 1111 curaret
2323 1050 2707 1113 satisfacere.

449 1134 669 1197 Fidem
741 1142 954 1198 autem
1027 1156 1229 1197 meam
1300 1134 1353 1196 si
1418 1135 1767 1207 insimulat,
1846 1135 1968 1197 sibi
2046 1136 2355 1216 culpam⁸
2417 1136 2709 1216 imputet.

448 1219 720 1283 Promisi
791 1219 1198 1283 frumentum.
1292 1220 1386 1282 Ad
1449 1219 1607 1282 haec
1660 1221 1751 1283 ita
1808 1220 2165 1301 respondit:
2241 1220 2445 1301 „Quid
2504 1222 2711 1302 juvat,

454 1328 596 1369 cum
643 1326 838 1386 parvo
887 1302 1279 1369 vendatur?“
1347 1306 1529 1385 quasi
1576 1306 1839 1368 diceret:
1916 1304 2124 1383 „Uxor
2170 1307 2333 1385 petit
2376 1308 2711 1387 pecuniam

461 1412 584 1453 non
633 1390 886 1471 quidem
934 1390 1269 1467 modicam,
1317 1389 1524 1470 qualis
1580 1392 1821 1453 corradi
1882 1391 2087 1471 possit
2132 1412 2165 1451 e
2211 1394 2325 1453 tuo
2370 1392 2711 1468 frumentO,

449 1476 558 1539 sed
630 1496 1052 1551 numerosam,
1114 1480 1188 1537 ut
1248 1476 1382 1553 dies
1439 1480 1789 1555 noctesque
1859 1476 2247 1556 pergraecari
2294 1482 2360 1537 et
2402 1472 2714 1553 κιχλίζειν

446 1561 887 1643 genialemque
933 1560 1130 1623 vitam
1179 1580 1366 1640 agere
1399 1559 1660 1641 possit.“
1738 1560 1880 1624 Non
1912 1563 2129 1623 tamen
2177 1560 2395 1623 destiti
2451 1562 2711 1631 hortari,

449 1651 522 1708 ut
568 1646 850 1709 mitteret
896 1646 1203 1727 aurigam,
1250 1646 1352 1708 cui
1397 1646 1772 1709 traderetur.
1862 1645 2004 1709 Non
2054 1646 2245 1708 misit.
2339 1646 2503 1722 Quid
2536 1647 2707 1709 aliud

450 1730 934 1812 promitterem?
1023 1730 1311 1793 Prodidit
1357 1752 1679 1807 arcanum,
1728 1732 1896 1813 quod
1944 1731 2108 1809 dedi,
2156 1732 2492 1794 consilium
2529 1732 2709 1794 uxori

457 1838 652 1898 sagae
699 1820 762 1879 et
807 1815 996 1878 simul
1068 1820 1247 1879 tuum
1316 1817 1712 1896 propositum
1783 1816 2062 1878 invertit.
2161 1816 2340 1897 „Non
2408 1816 2711 1897 placuit“,

453 1902 685 1981 inquit,
740 1900 1054 1983 „Urbano
1145 1901 1351 1965 Jussit
1390 1900 1705 1964 adesse.“⁴
1796 1900 1952 1964 Cum
1988 1902 2374 1977 advenisset,
2408 1903 2708 1965 cariorem

452 1988 678 2050 habuit
722 1988 934 2049 nescio
968 2008 1158 2067 quam
1194 1989 1257 2049 in
1293 1986 1551 2050 fornice.
1644 1986 1750 2049 Sic
1783 1992 2123 2067 utrumque
2156 1994 2440 2050 nostrum
2476 1988 2711 2051 lacerat-

452 2080 515 2135 et
559 2076 774 2135 tamen
823 2073 902 2134 ab
950 2077 1221 2153 utroque
1268 2073 1430 2153 petit
1476 2072 1805 2135 auxilium.
1902 2072 2087 2134 Dicat
2118 2073 2195 2134 de
2228 2095 2293 2135 se
2342 2072 2709 2136 Plautinum

449 2157 638 2221 illud:
695 2157 1108 2239 „Quicunque
1153 2164 1306 2221 sunt
1350 2158 1588 2237 quique
1634 2158 1805 2220 fuere
1851 2163 1965 2220 aut
2010 2158 2207 2220 futuri
2251 2163 2403 2221 sunt
2442 2158 2713 2239 posthac

451 2244 653 2319 stulti,
703 2243 940 2315 stolidi,
989 2243 1171 2319 fatui,
1218 2244 1419 2323 fungi,
1487 2243 1685 2319 bardi,
1758 2243 1997 2321 blenni,
2065 2243 2239 2307 solus
2304 2264 2421 2323 ego
2490 2265 2714 2306 omnes

453 2332 678 2391 anteco
709 2329 738 2367 b
783 2327 1155 2391 stultitia.“⁵
1245 2326 1645 2392 Musardum⁶
1691 2330 1752 2391 in
1805 2330 2101 2391 notitiam
2164 2334 2448 2392 nostram
2509 2331 2715 2392 intru-

451 2414 614 2490 sisti,
661 2415 724 2477 in
775 2413 992 2478 eadem
1039 2418 1112 2477 ut
1157 2436 1224 2478 se
1270 2435 1605 2478 conserves
1650 2418 1808 2478 orat.
1900 2412 2035 2477 Tuo
2083 2415 2337 2478 nomine
2388 2414 2545 2478 nihil
2582 2436 2711 2478 non

453 2499 680 2564 faciam
753 2504 946 2580 atque
1017 2499 1192 2563 illum
1256 2499 1571 2564 eruditum
1634 2523 1768 2564 esse
1818 2500 2054 2582 judico
2148 2500 2273 2564 Sed
2316 2499 2569 2564 Lotius⁷
2616 2507 2717 2564 est

587 2733 616 2762 ι
641 2720 851 2786 culpam
887 2735 981 2772 wm
1014 2717 1214 2771 Raude.
1353 2723 1382 2761 b
1410 2721 1577 2772 anteo,

597 2789 613 2819 ²
647 2788 802 2840 Nach
855 2789 972 2840 (lem
1030 2788 1148 2855 folg.
1201 2788 1294 2840 der
1338 2787 1581 2841 Psortner
1637 2803 1741 2839 von
1788 2786 2153 2854 Georgenthal,
2214 2787 2307 2838 der
2350 2787 2518 2840 durch
2566 2788 2713 2841 seine

451 2855 678 2908 Bettelei
712 2856 868 2924 lastig
902 2855 1004 2914 fiel,
1041 2856 1178 2909 nach
1215 2858 1426 2923 spatern
1461 2856 1671 2908 Briefen
1708 2855 1845 2922 (395.
1882 2857 1981 2908 431
2022 2857 2114 2908 des
2150 2855 2295 2924 Cod.)
2333 2855 2418 2907 ein
2468 2857 2716 2909 Lotianer

451 2925 561 2976 und
614 2924 847 2976 Mutians
901 2923 1118 2992 Gegner.
1192 2924 1345 2977 Nach
1382 2925 1468 2978 ΒΓ.
1505 2924 1609 2976 482
1646 2925 1739 2976 des
1774 2924 1896 2976 Cod.
1942 2924 2216 2976 entsandte
2262 2939 2319 2974 er
2366 2923 2713 2977 Studierende

451 3009 519 3044 zu
553 2991 786 3059 Spalatin
823 2993 959 3046 nach
995 2993 1342 3061 Wittenberg,
1379 2994 1574 3061 jedoch
1622 2992 1748 3044 liess
1796 2992 2059 3060 Spalatins
2105 2992 2325 3058 Bruder,
2363 2993 2464 3045 mit
2497 2994 2620 3044 dem
2656 3010 2715 3045 er

450 3061 615 3113 schon
649 3061 769 3113 'hier
802 3061 858 3112 in
892 3061 1238 3129 Verbindung
1289 3061 1570 3121 erscheint,
1610 3061 1693 3112 die
1730 3077 1830 3114 von
1868 3060 2103 3128 Spalatin
2140 3076 2205 3112 an
2241 3061 2326 3111 die
2362 3059 2587 3113 Schiiler
2622 3078 2711 3128 ge-

451 3129 703 3182 machten
751 3129 1133 3198 Geldauslagcn
1169 3147 1271 3182 von
1308 3132 1406 3182 den
1444 3130 1625 3182 Eltern
1662 3145 1784 3180 zum
1820 3128 2061 3181 Schaden
2098 3129 2190 3180 des
2228 3129 2457 3182 Bruders
2493 3145 2559 3180 an
2595 3131 2709 3182 sich

454 3197 759 3250 auszahlen,
903 3201 922 3230 ²
957 3199 1123 3250 Nicht
1159 3198 1354 3264 seinen,
1392 3200 1617 3251 sondern
1652 3197 1929 3264 SpalatinS.
1967 3199 2053 3250 fiir
2088 3199 2187 3248 den
2223 3197 2426 3250 Mutian
2446 3198 2603 3250 meist
2620 3198 2712 3264 ,die

452 3267 707 3344 stehende
765 3265 1142 3335 Bezeichnung
1173 3268 1356 3345 ‘frater
1424 3266 1727 3344 gebraucht.
1822 3265 2069 3342 Stephan·
2112 3281 2221 3318 war
2277 3266 2467 3343 taktlos
2524 3282 2710 3334 genug.

451 3334 1824 3481 {pssffiffinsssffliiferf‘ffiess'{iffnssffissssffimsssskuffi
1862 3333 2709 3470 ggffssggffiafugeffiffinffle.

444 3472 635 3538 ¹Jedoch
675 3471 944 3524 Schulden
981 3473 1192 3524 machte
1218 3473 1326 3524 und
1361 3489 1462 3525 von
1498 3471 1704 3523 Mutlan
1722 3471 2142 3538 Unterstiitzung
2161 3471 2443 3538 verlangte.
2480 3470 2567 3522 ΒΓ.
2596 3471 2708 3524 159.

486 3541 507 3571 4
539 3540 602 3591 In
627 3540 990 3607 Georgenthal.
1083 3543 1106 3574 ⁶
1139 3541 1308 3592 Plaut.
1347 3540 1597 3593 Bacchid.
1637 3540 1700 3600 V,
1742 3541 1766 3590 1
1879 3540 1903 3570 θ
1937 3539 2190 3590 Heinrich
2216 3538 2511 3600 MusardUS,
2530 3539 2711 3591 Nach-

452 3607 616 3676 t'olgcr
649 3609 914 3662 Herbords
950 3609 1002 3660 in
1043 3609 1391 3676 Georgenthal
1438 3611 1575 3660 etwa
1611 3609 1712 3660 seit
1748 3607 1932 3660 Ostern
1975 3607 2107 3659 1512
2145 3606 2227 3658 bis
2262 3609 2399 3659 nach
2438 3609 2585 3671 1515,
2626 3607 2710 3658 ein

453 3676 810 3730 Bewunderer
860 3677 1108 3744 MutianS,
1165 3679 1258 3730 der
1305 3678 1424 3729 dem
1472 3676 1685 3729 Talente
1721 3677 1829 3728 und
1865 3675 2083 3728 Sti-eben
2120 3676 2213 3727 des
2246 3675 2573 3744 »Jiinglings«
2608 3675 2710 3726 Ge·-

452 3745 770 3812 rechtigkeit
821 3746 1168 3798 wider-fabren
1221 3746 1361 3812 liess,
1419 3746 1544 3798 aber
1596 3745 1718 3798 bald
1765 3745 1820 3796 in
1868 3743 2068 3796 seinem
2122 3742 2439 3815 Misstrauen
2486 3745 2581 3795 ihu
2627 3744 2711 3794 fiir

451 3813 604 3865 einen
643 3813 889 3867 Lotianer
922 3814 1055 3866 hielt
1089 3816 1197 3867 und
1234 3814 1350 3867 sich
1386 3815 1529 3866 seine
1567 3813 1873 3866 Geschenke
1906 3813 2017 3864 und
2052 3811 2227 3864 Briefe
2252 3813 2449 3866 verbat.
2506 3811 2710 3863 Mutian

453 3881 761 3935 bezeichnet
814 3883 905 3933 ihu
957 3883 1012 3934 in
1058 3881 1144 3934 ΒΥ.
1197 3882 1296 3935 258
1345 3884 1437 3935 des
1475 3883 1597 3935 Cod.
1636 3882 1714 3934 als
1750 3880 2029 3945 πατριώτης
2066 3881 2114 3934 d.
2152 3880 2184 3934 i.
2223 3880 2573 3932 Landsmann.

455 3949 473 3980 ⁷
510 3949 858 4003 Gothaischer
910 3950 1225 4003 Gcistlicher
1261 3951 1370 4002 und
1407 3951 1540 4002 alter
1576 3950 1780 4018 Gegner
1814 3949 2047 4001 Mutians
2084 3948 2193 4017 (ΒΓ.
2230 3949 2337 4013 89).
2410 3949 2481 4000 Es
2526 3947 2712 4016 gelang

458 4017 571 4068 ihm
613 4019 697 4070 die
733 4019 1136 4087 Myssenersche
1171 4019 1418 4083 Pfriindc,
1458 4019 1541 4070 die
1579 4035 1702 4071 vom
1742 4018 2096 4070 Gothaischen
2120 4017 2423 4084 Magistrate
2443 4016 2711 4069 verliehen

455 4087 638 4138 wurde
674 4088 811 4154 »jure
849 4087 1271 4155 permutationis«
1307 4105 1374 4139 zu
1409 4087 1663 4152 erhaltcn,
1702 4087 1948 4138 wahrend
1994 4085 2199 4138 Mutian
2248 4086 2364 4138 sich
2408 4083 2711 4154 vergeblich

453 4156 547 4206 auf
577 4156 721 4207 seine
758 4173 879 4209 vom
918 4155 1236 4208 Kurfiirsten
1271 4156 1383 4207 ihm
1423 4155 1757 4208 vcrliehenen
1796 4155 2059 4206 Ani-echte
2086 4154 2261 4206 berief.
2318 4155 2415 4206 Die
2437 4155 2505 4206 fol
2542 4153 2709 4205 enden

451 4222 624 4275 Briet'e
662 4225 777 4277 sind
815 4225 923 4278 voll
960 4241 1062 4278 von
1099 4225 1296 4277 diesem
1347 4224 1742 4276 »Lotianischen
1792 4222 2059 4289 Betmge«,
2105 4222 2298 4289 jedoch
2350 4223 2472 4275 fand
2563 4221 2707 4272 utian

451 4291 535 4343 bei
573 4292 752 4346 Urban
789 4295 904 4346 und
940 4295 1136 4346 andern
1178 4293 1414 4346 Erfurter
1463 4292 1736 4345 Freunden
1786 4291 1887 4343 wie
1932 4291 2259 4358 S'ommering
2310 4291 2462 4342 keine
2516 4290 2709 4342 Unter-

451 4362 718 4430 stiitzung,
755 4378 962 4416 woraus
998 4378 1120 4415 man
1157 4361 1449 4414 schliessen
1486 4362 1614 4429 darf,
1653 4360 1773 4413 dass
1793 4376 1866 4410 .e1·
1900 4360 2015 4411 sich
2042 4375 2146 4412 von
2172 4361 2372 4412 seinem
2398 4359 2562 4412 Zome
2582 4357 2712 4410 iiber
