3084 4895
481 434 608 502 392
1317 435 1492 491 Briofe
1531 435 1623 492 des
1660 435 1710 492 J.
1750 435 1899 492 1513.

481 677 719 747 (ootha.)
1529 659 1673 725 321.
2292 677 2377 730 14.
2413 677 2549 732 Nov.
2592 679 2744 732 1513.

1238 788 1528 859 Mutian
1574 809 1672 859 an
1714 787 1993 860 Urban.
2043 787 2051 792 ’

483 919 668 1000 (Klam
710 919 838 973 iiber
885 918 970 972 dw
1020 919 1260 999 chrheit
1307 920 1394 972 des
1453 919 1586 973 Cam
1680 936 1749 972 us
1795 919 1911 972 und
1954 919 2211 983 Rhodius,
2258 917 2343 970 die
2389 935 2593 976 ausser
2628 917 2747 970 dem

537 975 794 1042 Hilarius
830 1005 940 1042 nur
973 987 1140 1057 weniq
1174 989 1557 1057 ansprecleende
1749 989 1980 1041 wertlose
2014 987 2221 1042 Bu'cher
2248 987 2463 1056 yelcauft
2494 986 2697 1052 haben.)

593 1106 674 1155 Η.
711 1105 966 1155 Urbano
1001 1103 1299 1166 mag-istro
1334 1105 1401 1153 111
1436 1106 1607 1154 omni
1640 1117 1867 1165 genere
1904 1105 2313 1154 humanitatis
2346 1102 2643 1162 perfeeto,

774 1192 973 1242 amico
1009 1203 1192 1250 quam
1227 1191 1684 1252 religiosissime
1719 1190 2077 1241 venerando
2114 1191 2201 1240 M.
2236 1188 2454 1240 Rufus.

697 1301 759 1366 S.
853 1301 922 1366 Si
988 1301 1088 1365 vel
1157 1303 1472 1366 sociorum
1539 1301 1639 1364 vel
1705 1301 2051 1365 amicorum
2118 1301 2281 1364 male
2351 1303 2535 1382 gesta
2602 1320 2747 1381 pro-

491 1390 735 1452 curatio
797 1411 923 1454 non
985 1393 1201 1472 potest
1247 1409 1373 1452 non
1421 1389 1602 1468 gravi
1667 1387 1881 1453 dolore
1946 1385 2331 1450 confundere
2398 1385 2746 1462 dominum,

491 1475 645 1556 quia
709 1479 937 1538 natura
997 1478 1428 1558 comparatum
1495 1477 1611 1552 est,
1660 1477 1732 1537 ut
1778 1472 2199 1550 incommoda,
2270 1493 2431 1554 quae
2499 1475 2750 1556 praeter

491 1561 830 1626 consilium
877 1561 1458 1644 cogitationemque
1489 1561 1809 1638 accidunt,
1846 1561 2066 1624 odiosa
2099 1560 2230 1623 sint
2262 1565 2323 1622 et
2356 1559 2746 1624 conturbent

491 1649 684 1712 etiam
743 1649 1072 1711 remissum
1127 1669 1202 1712 ac
1259 1648 1462 1725 lenem
1523 1647 1841 1712 animum:
1915 1645 2269 1728 Campegus
2342 1645 2637 1709 nimirum
2684 1649 2752 1708 et

489 1733 814 1798 Rhoedus'
865 1734 947 1798 ob
993 1733 1188 1798 stulte
1249 1733 1487 1798 factum
1534 1731 1598 1797 et
1644 1734 1805 1798 male
1867 1732 2066 1796 lectos
2122 1735 2493 1814 emptosque
2551 1731 2749 1796 libros

491 1824 936 1904 tempestatem
1011 1825 1074 1884 et
1145 1821 1378 1884 fluctus
1452 1821 1930 1885 exsuscitarunt
2004 1817 2480 1900 Tranquillitati
2546 1840 2742 1882 meae.

491 1905 654 1970 Nam
699 1906 884 1984 alter,
931 1908 1027 1970 uti
1072 1907 1315 1988 scribis,
1363 1905 1412 1968 V
1455 1928 1701 1984 aureos,
1747 1907 1909 1970 alt-er
1954 1905 2035 1970 IV
2080 1905 2311 1978 amisit,
2348 1904 2502 1987 quid
2536 1904 2745 1970 dicam

493 1992 753 2058 amisit?
811 1993 940 2078 imo
985 1992 1218 2075 abjecit
1262 1993 1328 2056 in
1377 1993 1673 2058 cloacam.
1763 1991 1983 2076 Neque
2044 1993 2211 2056 0111111
2272 1992 2532 2056 lectioni
2598 2013 2747 2056 con-

494 2080 742 2144 suluere
801 2102 1006 2163 neque
1063 2079 1301 2144 studiis
1367 2079 1658 2161 profuere
1728 2101 1930 2162 neque
2003 2079 2160 2143 bene
2219 2078 2295 2141 de
2340 2079 2527 2142 nobis
2599 2080 2751 2142 sunt

492 2166 721 2231 meriti.
813 2166 1163 2230 Numerent
1205 2166 1310 2230 alii
1359 2167 1721 2232 Paroemias
1767 2166 1933 2230 inter
1993 2187 2183 2248 opera
2246 2161 2749 2248 probatissima.²

495 2252 753 2336 Eligant
796 2253 1106 2336 periodOS,
1155 2256 1490 2332 commata,
1524 2253 1877 2319 sententias
1910 2276 1989 2319 ex
2021 2251 2439 2335 scriptoribus
2470 2251 2748 2349 opt-imiS.

497 2338 653 2404 Mihi
717 2341 838 2404 0101
902 2341 1204 2404 Erasmus
1249 2343 1322 2404 ut
1367 2340 1622 2422 elegans
1678 2344 1743 2404 et
1800 2338 2076 2404 disertus
2142 2343 2364 2403 auctor
2433 2361 2558 2402 non
2629 2337 2746 2402 im-

497 2425 820 2509 probatur,
882 2449 956 2491 eo
1016 2431 1227 2491 tamen
1299 2428 1510 2491 minus
1570 2426 1725 2491 facit
1782 2425 1863 2490 ad
1924 2423 2346 2503 stomachum,
2384 2425 2587 2508 quod
2640 2417 2748 2488 vel

497 2513 898 2579 mediocriter
968 2513 1259 2578 literatus
1335 2535 1670 2597 excerpere
1734 2514 1920 2577 flores
1985 2518 2049 2577 et
2112 2535 2211 2576 res
2279 2514 2489 2577 varias
2556 2516 2748 2595 atque

500 2600 796 2682 disjectas
841 2599 1176 2682 diligenter
1218 2600 1486 2683 legendo
1519 2601 1824 2683 consequi
1854 2604 1919 2663 01
1949 2598 2155 2664 titulis
2188 2598 2496 2682 subjicere
2529 2599 2745 2687 possit.

499 2684 793 2751 Justinus
840 2692 1051 2751 autem
1098 2686 1374 2769 Trogum
1436 2686 1805 2771 Pompejum
1871 2686 2021 2751 dum
2078 2690 2412 2751 attenuare
2481 2690 2745 2749 conatur

502 2778 566 2836 et
621 2794 873 2855 gravem
943 2774 1118 2837 illum
1182 2796 1258 2837 ac
1317 2774 1639 2856 copiosum
1710 2773 2083 2837 historicum
2147 2774 2447 2846 minuere,
2494 2776 2745 2853 gratum

500 2858 772 2923 fortasse
842 2860 988 2925 fecit
1056 2860 1364 2936 delicatis,
1423 2861 1532 2942 qui
1589 2862 1699 2924 vix
1744 2859 2014 2924 olfacere
2080 2858 2329 2924 soleant
2397 2858 2744 2923 historiam·

501 2945 600 3009 Ita
655 2945 1154 3012 fastidiosissimi
1213 2951 1363 3011 sunt
1424 2947 1614 3031 hujus
1674 2947 1815 3011 aevi
1879 2947 2163 3011 lectores.
2259 2945 2544 3023 Curiosis
2608 2966 2751 3009 vero

506 3036 570 3096 et
633 3032 836 3097 doctis
905 3034 1118 3097 nescio
1184 3034 1334 3116 quid
1414 3038 1660 3116 praeter
1734 3033 2022 3098 umbram
2094 3037 2158 3097 et
2227 3032 2487 3097 frivolas
2562 3036 2752 3149 atque

504 3118 846 3183 illiberales
891 3121 1286 3185 narrationes
1333 3122 1738 3204 praestiterit
1833 3121 1923 3183 De
1955 3119 2257 3203 Epistolis
2292 3114 2752 3183 010010111011103

504 3205 727 3270 melius
781 3210 880 3271 est
938 3211 1145 3270 tacere
1199 3229 1389 3289 quam
1449 3228 1733 3288 promere
1788 3206 2117 3289 judicium,
2175 3228 2319 3269 cum
2379 3206 2564 3269 hodie
2626 3206 2754 3268 sint

507 3314 634 3356 non
680 3294 887 3374 pauci,
934 3294 1046 3375 qui
1089 3292 1281 3356 Plinii
1327 3293 1612 3363 Junioris
1658 3293 1959 3375 epistolas
2002 3316 2125 3356 non
2172 3292 2531 3357 titubanter
2576 3313 2751 3373 prae-

504 3378 734 3454 dicent,
804 3403 929 3443 11011
998 3381 1437 3447 inconstanter
1511 3380 1816 3443 aemulari
1887 3384 2173 3461 pergant,
2247 3380 2635 3442 admirantes
2688 3377 2751 3439 in

507 3464 626 3528 hoc
673 3464 879 3530 Plinio
928 3466 1304 3530 brevitatem
1350 3468 1683 3545 integram,
1732 3487 2082 3529 sermonem
2118 3465 2477 3540 candidum,
2514 3464 2751 3529 cultum
2834 3540 2840 3549 ι

507 3551 852 3633 simplicem
903 3558 966 3616 et
1012 3553 1194 3634 quasi
1240 3552 1517 3616 Atticam
1583 3552 1976 3616 munditiem.
1988 3550 2009 3583 ⁴
2100 3552 2265 3627 Quid
2320 3552 2515 3633 igitur
2572 3548 2751 3614 Cam-

505 3657 706 3718 pegus
769 3638 974 3702 emit?
1061 3638 1280 3720 Nugas
1346 3639 1515 3702 emit.
1621 3638 1875 3701 Praeter
1942 3638 2107 3701 enim
2176 3637 2485 3701 Hilarium
2559 3636 2753 3700 hilare

507 3745 709 3805 nuper
779 3724 1142 3807 exceptum⁵
1206 3724 1384 3803 nihil,
1441 3724 1611 3805 quod
1668 3723 1935 3806 placeat,
2002 3724 2254 3805 delegit.
2368 3723 2577 3787 Miror.
2648 3743 2755 3785 cur

505 3807 816 3873 barbarus
861 3811 1116 3874 institor
1162 3812 1341 3875 abuti
1398 3811 1603 3873 aliena
1664 3811 1933 3893 pecunia
1992 3811 2114 3873 sibi
2171 3809 2543 3892 permiserit,
2602 3806 2755 3872 nihil

507 3918 662 3959 sane
722 3897 960 3961 veritus
1028 3898 1287 3961 tacitam
1353 3901 1636 3961 nostram
1702 3897 2091 3959 aversionem
2159 3902 2223 3959 et
2284 3894 2561 3959 futuram
2610 3916 2756 3960 con-

507 3982 944 4064 temptionem.
1039 3984 1334 4047 Rhoedus
1381 3979 1765 4047 (101·1001111116
1811 3982 2075 4046 invenit.
2168 3981 2219 4046 Ο
2268 3986 2507 4065 quanta
2565 4002 2759 4062 nego-

659 4222 675 4252 1
710 4210 858 4274 Uber
892 4222 1103 4275 beides
1077 4238 1118 4275 0.
1155 4221 1211 4273 111
1246 4221 1332 4273 Br.
1371 4222 1484 4273 319.
1595 4222 1615 4253 2
1650 4220 1748 4273 Die
1783 4220 2018 4288 Adagien
2054 4221 2147 4273 des
2181 4220 2447 4281 ErasmuS,
2496 4218 2557 4269 in
2589 4217 2761 4270 vielen

513 4290 773 4357 Ausgg.s
828 4291 975 4344 1500.
1015 4291 1060 4343 2.
1100 4292 1259 4357 Ausg.
1307 4290 1439 4343 Ven
1481 4289 1629 4343 1508.
1702 4289 1932 4342 Mutians
1976 4289 2148 4342 Urteil
2193 4288 2264 4341 ist
2308 4287 2762 4341 bemerkenswert.

511 4356 584 4407 Er
618 4358 852 4425 schopfte
889 4375 983 4411 aus
1021 4360 1120 4427 den
1157 4361 1388 4411 Antoren
1426 4358 1603 4413 selbst.
1714 4361 1750 4390 ³·
1767 4359 2045 4425 Ausgaben
2081 4357 2213 4411 Flor.
2255 4357 2403 4413 1510
2440 4356 2761 4411 Ven.1512.

508 4424 846 4480 Tam-,1513
988 4429 1009 4459 4
1043 4418 1338 4479 11101ῌο1100
1373 4426 1547 4479 Urteil
1582 4428 1637 4479 in
1672 4427 1756 4480 Br.
1798 4427 1910 4479 123
2053 4428 2075 4459 ⁵
2110 4425 2330 4480 »Hilaris
2380 4415 2647 4480 Hilarium
2682 4441 2766 4479 ac-

510 4493 818 4563 cepi.«B1·.
857 4496 972 4549 314.
1113 4497 1136 4527 ⁰
1175 4495 1376 4549 Paulus
1415 4496 1693 4552 Cortesius.
1764 4495 1884 4565 Vgl.
1922 4495 1973 4551 S.
2011 4496 2108 4550 301
2149 4497 2210 4550 A.
2248 4496 2295 4551 6.
