3084 4895
1304 358 1517 413 Mutian
1554 374 1624 414 an
1659 359 1829 429 Lang.
2567 362 2696 427 615

428 532 733 595 dictionis
777 531 1001 595 faciem
1038 530 1356 613 exprimit.
1432 529 1704 610 Ingenui
1734 528 1997 611 pudoris
2029 534 2144 605 est,
2179 528 2314 593 Celi
2347 530 2692 606 carissime,

423 617 631 691 fateri,
700 639 809 699 per
878 637 1039 696 quos
1107 615 1465 696 profeceris
1577 612 1720 677 Non
1779 619 1846 676 te
1911 614 2114 677 solum
2185 615 2570 679 Plutarchus
2629 624 2694 680 et

421 701 792 765 Athenaeus
836 702 1029 765 talem
1078 700 1251 777 fecit,
1311 700 1419 763 sed
1469 699 1698 763 Petrus
1747 697 2054 763 Crinitus'
2107 703 2172 761 et
2214 699 2692 764 Volaterranus²

420 786 596 870 passi
626 790 781 850 sunt
824 808 962 849 sese
1008 787 1125 849 abs
1170 791 1234 848 te
1280 785 1627 867 compilari.
1719 784 1904 859 Quid,
1938 784 2180 863 Lange,
2215 807 2386 849 nunc
2415 786 2692 849 addam?

423 872 549 936 nisi
594 872 747 935 illud
796 872 1041 935 solum:
1091 870 1324 933 habere
1372 870 1624 933 lexicon
1673 889 1781 932 eos
1827 869 2236 943 uberrimum,
2285 872 2400 951 qui
2445 869 2688 935 Celium

428 958 685 1022 habent.
778 956 1145 1020 Tradebant
1192 976 1266 1019 ea
1312 955 1507 1018 ferme
1554 955 1951 1031 HermolauS,
1999 952 2260 1033 Merula,
2309 955 2689 1036 PolitianuS,

419 1040 821 1120 Beroaldu8‚⁸
866 1043 977 1106 sed
1026 1041 1187 1106 citra
1231 1042 1517 1104 ordinem
1565 1039 1832 1121 carptim
1881 1044 1947 1104 et
1991 1040 2280 1121 sparsim.
2375 1042 2490 1104 Hic
2549 1042 2692 1105 lite-

417 1150 626 1191 rarum
690 1128 1002 1191 habemus
1060 1124 1413 1202 elenchum,
1470 1131 1564 1200 ut,
1629 1126 1795 1207 quod
1845 1126 2175 1189 studiosus
2235 1127 2688 1207 concupiverit,

416 1218 669 1277 tantum
719 1218 986 1296 quaerat
1031 1217 1095 1275 et
1140 1212 1362 1274 statim
1412 1212 1548 1275 voti
1593 1232 1851 1292 compos
1909 1211 2046 1273 fiat.
2138 1212 2310 1275 Haec
2368 1234 2492 1275 non
2554 1235 2690 1277 am-

418 1300 669 1377 bitiose,
734 1320 861 1362 non
927 1296 1233 1361 malevole
1297 1296 1666 1375 scribimus;
1721 1297 1853 1359 veri
1907 1301 2154 1359 amator
2200 1304 2263 1361 et
2311 1298 2408 1361 tui
2468 1320 2689 1361 aman-

415 1385 703 1449 tissimus
758 1383 1026 1467 profem,
1090 1381 1260 1465 quod
1322 1380 1728 1463 expectabas.
1822 1381 2055 1445 Vellem
2113 1404 2250 1463 eg0,
2305 1384 2391 1448 mi
2452 1383 2686 1465 Lange,

414 1470 618 1534 alium
680 1470 803 1534 tibi
861 1468 1104 1532 Celium
1154 1488 1392 1530 emeres
1440 1470 1506 1531 et
1549 1472 1731 1531 tuum
1779 1466 1950 1531 hunc
2007 1469 2310 1533 venderes
2375 1468 2686 1547 MutianO,

417 1556 527 1636 qui
582 1559 791 1619 totum
847 1554 969 1617 hoc
1028 1558 1142 1617 tuo
1188 1575 1269 1616 ex
1314 1551 1580 1616 arbitrio
1641 1552 1911 1635 pendere
1966 1551 2137 1616 sinit.
2192 1553 2398 1617 >Vale
2489 1554 2690 1618 Vene-

414 1641 683 1705 randum
715 1637 1163 1723 Staupitium,‘
1202 1638 1632 1701 venerandum
1677 1636 2054 1701 Mai-tinum‘
2101 1637 2333 1702 saluta.
2405 1638 2683 1724 Raptim.

1779 1722 1900 1787 Tui
1945 1723 2205 1788 honoris
2249 1722 2478 1789 10103.ὃ

725 1824 859 1883 coll.
896 1825 1102 1880 Camer.
1139 1824 1341 1879 Monac.
1378 1822 1531 1892 VIII,
1570 1823 1651 1879 26.
1689 1824 2010 1894 Autograph.

423 2012 657 2084 (eotha.)
1481 1982 1650 2062 548:
2249 2014 2333 2071 21.
2369 2014 2494 2083 Apr.
2535 2014 2683 2069 1517.

1190 2120 1483 2193 Mutian
1528 2143 1628 2193 an
1669 2120 1906 2209 Lang.

421 2238 591 2319 (Uber
624 2251 749 2305 an
786 2251 1003 2304 Hessus’
1050 2250 1430 2323 oneramus
1467 2251 1586 2303 und
1625 2250 1832 2305 cmo-isti
1863 2250 2236 2320 mmmmm
2269 2253 2336 2305 in
2367 2253 2452 2305 die
2498 2252 2683 2306 Umer-

419 2322 546 2375 welt.
620 2320 763 2373 Bitte
796 2338 894 2373 um
931 2320 1241 2373 Tertullian.
1326 2319 1699 2387 Uber-sendum]
1733 2337 1834 2372 von
1868 2319 2155 2373 Mosellam
2177 2321 2440 2374 Basilius.
2512 2321 2685 2390 Fraye

464 2389 592 2443 aber
624 2389 710 2442 die
741 2388 1125 2442 hretensiscken
1162 2388 1383 2441 ΜόηεΙιε
1416 2389 1533 2441 und
1566 2388 1681 2441 ihre
1715 2386 2056 2457 Aua-§praebe
2088 2389 2176 2442 des
2217 2389 2626 2458 Grv‘oekisckm.)

461 2504 833 2555 Reverendo
868 2503 1038 2565 patri
1072 2503 1115 2554 J
1116 2505 1305 2554 oanni
1337 2504 1556 2566 Lange
1590 2504 1785 2565 priori
1819 2504 2301 2565 Augustimano,
2335 2505 2626 2566 theologo

963 2588 1522 2650 praestantissimo,
1559 2590 1758 2640 amico
1793 2589 2146 2650 singulari!

624 2699 690 2764 S.
740 2699 811 2763 P.
860 2699 931 2763 D.
1022 2699 1268 2779 Patere,
1316 2703 1402 2765 mi
1448 2701 1688 2782 Lange,
1755 2702 1924 2784 prior
1985 2701 2341 2777 reverende,
2389 2705 2462 2764 ut
2507 2702 2570 2765 in
2617 2723 2682 2764 re

421 2784 665 2849 mellita
699 2785 1054 2868 festivaque
1080 2786 1381 2868 jocemur.
1480 2787 1644 2864 Quid
1677 2787 1797 2852 tibi
1829 2789 2061 2852 cecinit
2090 2788 2332 2852 olorina
2365 2786 2680 2869 Sibylla?⁸

421 2871 594 2935 Vidit
638 2876 875 2953 aperte,
926 2893 1048 2935 non
1096 2894 1206 2953 per
1250 2879 1684 2950 transennam,
1739 2873 1979 2938 Christi
2040 2873 2207 2955 regis
2266 2875 2467 2937 nostri
2529 2894 2680 2936 con-

421 2957 664 3020 flictum
713 2979 856 3021 cum
920 2956 1200 3022 Satanae
1261 2959 1622 3040 legionibus
1668 2963 1729 3022 et
1776 2959 2054 3036 auxiliis,
2113 2959 2444 3022 victoriam
2503 2959 2681 3022 lucu-

417 3042 619 3106 lenter
664 3043 1018 3125 descripsit.
1112 3043 1183 3107 Si
1225 3043 1375 3107 licet
1432 3044 1744 3124 ejusmodi
1803 3044 2184 3108 calamistris
2243 3045 2490 3107 inurere
2546 3066 2675 3107 rem

418 3151 683 3203 sacram,
744 3133 806 3191 et
852 3129 1103 3191 laudem
1152 3130 1385 3192 meruit
1425 3129 1729 3192 Eobanus
1776 3134 1839 3194 et
1883 3129 2274 3193 orthodoxae
2319 3129 2488 3211 plebi
2535 3150 2678 3211 pro-

419 3213 561 3276 fuit.
654 3212 779 3277 Sed
827 3236 953 3277 non
1002 3214 1205 3288 vide0,
1252 3236 1362 3278 cur
1407 3235 1533 3278 non
1582 3214 1790 3291 liceat,
1829 3236 1972 3278 cum
2005 3215 2434 3296 evangelistae
2480 3218 2695 3278 meta--

420 3297 637 3381 phoris
680 3303 755 3362 'et
799 3305 1128 3381 poetarum
1176 3299 1441 3364 fioribus
1470 3300 1812 3382 gaudeant.
1903 3299 2235 3363 Praeterea
2280 3301 2335 3362 si
2379 3300 2680 3363 atrociter

423 3383 582 3448 adeo
608 3385 847 3448 curiam
874 3383 1168 3449 Salvator
1192 3389 1412 3450 nost-er
1435 3385 1747 3449 infernam
1783 3384 2026 3462 evertit,
2061 3384 2343 3466 profecto
2376 3405 2675 3465 magnum

426 3491 501 3532 ac
548 3473 871 3551 potentem
920 3471 1185 3534 colimus
1230 3471 1580 3548 dominum,
1636 3471 1748 3552 qui
1793 3492 1871 3534 ne
1915 3471 1980 3533 in
2027 3469 2360 3552 sepulchro
2419 3470 2675 3551 quidem

420 3554 558 3618 vita
601 3555 859 3620 functus
904 3556 1235 3638 quieverit.
1327 3557 1425 3620 An
1472 3578 1599 3620 non
1649 3560 1746 3619 est
1791 3556 1885 3619 vis
1932 3555 2101 3619 ista‘?

555 3807 571 3837 ¹
609 3805 659 3860 S.
698 3806 802 3859 334
850 3809 912 3861 A.
952 3811 999 3861 6.
1141 3808 1161 3840 ²
1196 3807 1246 3860 S.
1299 3808 1399 3861 138
1447 3810 1508 3860 A.
1562 3810 1609 3861 1.
1751 3807 1772 3839 ⁸
1809 3807 1923 3875 Vgl.
1979 3807 2065 3860 die
2117 3807 2452 3874 Erwahnung
2505 3806 2677 3860 dieser

416 3873 525 3926 ital.
562 3873 915 3928 Humanisten
952 3876 1045 3928 auf
1076 3874 1126 3928 S.
1165 3876 1247 3927 47.
1284 3877 1366 3930 49.
1409 3876 1521 3929 132.
1565 3876 1677 3929 149.
1715 3892 1766 3930 u.
1805 3879 1850 3928 ὃ.
1937 3877 1956 3908 ⁴
1991 3875 2041 3929 S.
2066 3876 2166 3928 142
2184 3877 2244 3928 A.
2268 3875 2314 3926 2.
2400 3878 2421 3908 ⁶
2457 3876 2674 3927 Luther.

417 3942 657 4010 Staupitz
708 3943 819 3995 und
869 3943 1073 3996 Luther
1122 3960 1297 3996 waren
1352 3946 1490 3997 nach
1540 3945 1711 3998 dieser
1745 3944 2080 4012 Erwahnung
2115 3944 2170 3995 in
2206 3943 2383 3996 Erfurt
2419 3945 2544 4010 oder
2577 3943 2678 3995 mit

416 4009 563 4078 Lang
596 4011 653 4063 in
690 4011 863 4065 Gotha
916 4012 1002 4065 bei
1058 4013 1157 4064 den
1210 4013 1584 4080 Augustinern.
1725 4014 1748 4044 ⁶
1783 4011 2052 4065 Mutianus
2103 4011 2249 4064 fehlt.
2391 4013 2410 4043 ²
2447 4013 2675 4064 Aussere

417 4079 661 4132 Adresse.
805 4080 825 4111 ⁸
858 4079 983 4134 Eob.
1040 4079 1259 4145 Hessus,
1313 4081 1415 4132 wie
1469 4097 1566 4134 aus
1619 4081 1738 4133 dem
1794 4081 1912 4149 folg.
1969 4081 2085 4133 sich
2139 4080 2352 4146 ergiebt.
2423 4079 2675 4133 Dei-solbe

417 4148 565 4200 hatte
618 4147 771 4200 einen
823 4147 1070 4215 Hymnus
1121 4149 1387 4214 paschalis
1439 4149 1708 4218 gedichtet
1759 4150 1868 4202 und
1923 4148 2366 4202 wahl-schemlich
2401 4147 2551 4216 Lang
2584 4163 2674 4216 ge-

418 4215 653 4270 widmet.
725 4216 845 4268 Erst
898 4217 1035 4270 nach
1085 4216 1294 4270 Eobans
1345 4217 1482 4271 Tode
1535 4218 1963 4286 herausgegeben
1999 4234 2101 4270 von
2138 4216 2346 4285 Asclep.
2395 4215 2672 4270 Barbatus,

419 4283 583 4351 Marp.
625 4283 772 4338 1542.
845 4284 963 4338 Nur
990 4301 1087 4338 aus
1124 4285 1303 4354 obiger
1336 4284 1497 4340 Stelle
1532 4285 1772 4340 erfahren
1809 4286 1920 4350 wir,
1958 4287 2080 4340 dass
2115 4287 2208 4339 der
2243 4285 2490 4353 Hymnus
2542 4285 2672 4338 1517

416 4352 683 4421 gedichtet
715 4355 911 4408 wurde.
981 4353 1263 4423 Krause,
1298 4354 1425 4410 Eob.
1462 4353 1618 4410 HeSS.
1654 4355 1698 4423 1,
1736 4355 1850 4410 193.
