3084 4895
1209 393 1420 448 Mutian
1459 409 1528 446 an
1566 390 1773 446 Urban.
2490 392 2612 456 491

1321 566 1396 628 D.
1443 565 1517 630 O.
1566 563 1651 628 M.

1342 650 1619 714 favente.

647 743 809 806 Ecce
855 739 1058 803 bonos
1103 738 1274 802 cives
1318 738 1691 820 patriaeque
1734 735 1997 816 suisque
2042 738 2308 813 creatoS,

754 847 884 890 non
931 824 1057 888 sibi
1100 824 1457 899 dumtaxat,
1507 822 1739 903 dogma
1782 820 2069 884 Platonis
2115 821 2225 883 ait.

650 913 992 993 Propterea
1037 910 1276 992 patrios
1322 908 1465 972 laus
1509 912 1609 971 est
1650 927 1879 970 ornare
1921 905 2195 969 Penates

753 998 1269 1075 Hornestumque
1313 994 1446 1057 suis
1492 993 1863 1056 aedificasse
1905 996 2168 1074 patrem.
2200 1003 2229 1030 ⁸

359 1086 662 1168 Cyriacus
703 1083 1060 1146 Hornestus
1105 1101 1172 1144 re
1216 1078 1641 1162 mercimoniis
1704 1083 1889 1158 parta
1920 1083 1983 1140 et
2014 1099 2167 1159 agro
2212 1076 2459 1139 consito
2494 1075 2619 1138 sibi

479 1241 481 1244 Α
594 1175 660 1233 et
702 1168 854 1244 saie,
901 1171 974 1229 ut
1019 1166 1180 1229 bene
1225 1164 1615 1240 habitarent,
1658 1163 2019 1228 aedificavit
2067 1161 2388 1226 MDXIIII.

1001 1250 1166 1314 Audi
1211 1255 1277 1313 et
1319 1251 1583 1314 alteram
1628 1248 1981 1312 formulam.

565 1339 706 1403 Non
757 1336 1158 1402 fraudabitur
1203 1357 1319 1399 sua
1364 1336 1430 1398 in
1477 1336 1749 1416 patriam
1816 1335 2050 1417 pietate
2106 1331 2404 1414 Cyriacus
2458 1331 2619 1394 Hor-

363 1429 608 1498 nestus‚
680 1424 793 1505 qui
857 1426 1085 1486 auctus
1147 1425 1211 1484 et
1267 1441 1334 1484 re
1395 1420 1693 1484 familiari
1740 1419 1905 1482 etX
1948 1418 2289 1482 liberorum
2357 1437 2619 1480 numero

357 1511 528 1576 banc
587 1511 842 1574 domum
905 1512 1144 1571 sartam
1199 1509 1435 1570 tectam
1494 1504 1961 1581 exaedificavit,
2026 1503 2413 1568 successioni
2471 1523 2617 1584 pro-

355 1596 634 1678 spiciens
667 1599 740 1658 ut
772 1594 979 1658 bonus
1011 1590 1468 1674 paterfamilias
1491 1595 1557 1654 et
1580 1590 1768 1655 simul
1799 1595 2059 1654 ornator
2082 1588 2323 1672 publici
2354 1588 2616 1651 decoris.

355 1683 568 1763 Digna
609 1682 838 1764 pistae,
885 1700 1076 1761 quam
1125 1678 1283 1740 civis
1329 1681 1394 1742 et
1437 1677 1671 1758 hospes
1716 1676 2078 1740 admiretur.
2172 1673 2486 1738 MDXIIII.

450 1765 453 1767 ’
566 1765 736 1841 Vale,
781 1765 1040 1829 Urbane
1085 1763 1426 1826 carissime.
1518 1762 1611 1825 De
1670 1761 1971 1827 Schilone
2030 1766 2209 1824 tuum
2283 1759 2621 1824 consilium

357 1857 678 1935 exspecto
771 1849 839 1914 Si
895 1850 1011 1924 vie,
1071 1853 1144 1912 ut
1196 1852 1465 1921 taceam,
1530 1847 1789 1926 taceb03
1844 1847 1899 1910 si
1946 1846 2231 1929 jusseriS,
2288 1852 2361 1909 ut
2421 1846 2619 1908 inter-

357 1939 606 2020 pellem,
686 1935 1124 2018 interpellabo.
1235 1933 1492 1997 Videbis
1554 1941 1867 2018 quantum
1934 1933 2090 1999 mihi
2156 1928 2617 2000 vicedominus⁸

358 2024 664 2088 nocuerit.

665 2123 789 2178 Ood.
826 2122 961 2178 Frof.
998 2122 1119 2184 421.

352 2311 588 2385 (coma.)
1408 2298 1555 2362 424.
2016 2309 2133 2381 (vor
2169 2311 2248 2366 10.
2288 2309 2404 2365 ort.
2444 2307 2619 2380 1514.)

1112 2426 1404 2498 Mutian
1448 2447 1549 2498 an
1592 2423 1871 2499 Urban.

355 2559 638 2625 (Cerberus
671 2576 798 2626 may
845 2558 1054 2613 Urbane
1100 2558 1319 2612 Freund
1349 2560 1480 2622 scin,
1517 2558 1666 2612 nicht
1702 2558 1825 2611 aber
1859 2556 2121 2611 Madiane.
2204 2554 2370 2607 Weist
2402 2553 2488 2606 dic
2523 2552 2623 2605 Bc-

353 2627 714 2695 sehuldiyumy
759 2628 852 2681 der
913 2627 1341 2683 Undankbarkeit
1386 2628 1606 2680 xuriick.
1676 2627 1915 2680 Herbord
1945 2626 2027 2679 sei
2058 2624 2329 2693 habyv‘eriy
2374 2623 2490 2675 und
2522 2639 2621 2675 atn-

352 2696 621 2749 maeseml.
682 2696 786 2749 Des
821 2696 1429 2763 Patrianus‚‚GesohenJ⁶
1461 2698 1629 2749 Irimnc
1661 2713 1721 2749 cr
1754 2696 1902 2751 nicht
1938 2694 2248 2755 annelamcn,
2284 2693 2356 2746 da
2391 2708 2449 2744 cr
2481 2690 2625 2743 scine

355 2765 552 2819 Musen
583 2764 734 2817 nicht
769 2764 1031 2833 verkaufe.
1116 2764 1252 2819 Uber
1284 2764 1370 2819 die
1417 2764 1843 2819 Undankbarkeit
1885 2764 1972 2817 des
2017 2762 2373 2817 verstorbcnen
2407 2759 2623 2827 Adam.)

641 2880 1189 2933 Praestantissimo
1225 2890 1337 2931 suo
1372 2880 1544 2940 patri
1576 2880 1659 2931 H.
1694 2880 1952 2931 Urbano
1988 2879 2077 2928 M.
2112 2875 2335 2929 Rums.

568 2988 631 3053 S.
723 2991 881 3073 Legi
918 2995 1064 3056 tuas
1108 2991 1345 3067 literaS,
1395 2994 1458 3055 et
1501 2992 1691 3055 sicuti
1732 2990 2033 3073 jusseraS,
2082 2989 2300 3053 statim
2348 2987 2624 3051 testibus

356 3074 591 3139 Publio
639 3080 702 3140 et
749 3074 1062 3157 VuIcano'
1109 3079 1452 3157 concerpsi.
1546 3077 1640 3140 Tu
1688 3073 2061 3140 Cerberum⁸
2108 3076 2275 3137 inter
2320 3074 2622 3153 antiquos

355 3161 648 3225 coenobii
715 3162 999 3227 fautores
1067 3184 1260 3225 unum
1332 3164 1647 3237 nominas,
1714 3167 1779 3225 et
1845 3183 2039 3243 quare
2106 3162 2280 3224 fluxa
2335 3159 2421 3222 sit
2465 3159 2623 3222 fides

359 3246 728 3321 Herebordi,
806 3249 1026 3313 multis
1101 3249 1496 3329 argumentis
1570 3249 1831 3331 planum
1909 3246 2084 3309 facis,
2196 3245 2297 3307 Me
2364 3264 2619 3325 quoque

357 3333 786 3413 reprehendiS,
856 3336 1026 3417 quod
1100 3335 1513 3417 plurimorum
1592 3336 1825 3397 bonam
1904 3333 2297 3397 voluntatem
2365 3330 2623 3393 sinistre

359 3417 689 3499 accipiam.
783 3420 914 3483 Nec
959 3420 1416 3484 remittendum
1463 3419 1661 3483 fuisse
1709 3418 2114 3483 honorarium
2162 3414 2481 3481 Patriani⁴
2527 3414 2625 3478 tui

494 3668 522 3695 a
547 3652 908 3722 Randylosse:
947 3655 1082 3709 civis
1117 3656 1172 3708 in
1209 3656 1524 3711 Gelnhusen.

352 3720 425 3773 M.
466 3721 550 3774 die
587 3722 863 3800 folgenden
901 3722 1068 3777 Verse
1104 3724 1375 3792 gedichtet
1406 3725 1569 3777 hatte.
1640 3724 1797 3778 Nach
1816 3758 1822 3763 ·
1842 3724 1936 3777 der
1983 3723 2308 3791 Randglosse
2344 3738 2454 3775 war
2490 3722 2627 3775 Hor-

354 3791 540 3844 nestus
577 3806 663 3843 em
698 3791 904 3860 Biirger
937 3792 1318 3846 Gelnhausens.
1389 3793 1490 3846 Die
1525 3793 1902 3861 Bezeichnung
1924 3792 2209 3845 Patrianus
2230 3789 2625 3859 (unlateinisch)

356 3857 808 3927 wahrscheinlich
842 3876 1034 3934 wegen
1068 3861 1240 3913 seiner
1275 3861 1589 3915 Verdienste
1625 3878 1792 3929 gegen
1811 3861 1897 3913 die
1915 3860 2102 3929 patria.
2126 3861 2253 3914 oder
2270 3862 2409 3913 etwa
2423 3858 2627 3913 Lands-

351 3927 556 3979 mann?
626 3926 836 3981 Urbans
888 3928 1107 3983 Heimat
1140 3930 1287 3983 Urba
1321 3930 1432 3983 also
1469 3929 1575 3983 Orb
1613 3930 1699 3983 bei
1736 3929 2114 3983 Gelnhausen?
2186 3928 2310 3997 Vgl.
2346 3927 2482 3981 Einl.

427 3996 444 4025 ¹
481 3995 706 4049 Gerlach
741 4012 846 4049 von
882 3998 975 4050 der
1007 3996 1266 4064 Marthen,
1305 3997 1392 4051 bei
1427 3997 1685 4051 welchem
1724 3998 1902 4051 Schilo
1933 4013 2100 4066 gegen
2122 3996 2193 4049 M.
2256 3996 2432 4065 eklagt
2456 3996 2619 4049 hatte.

352 4061 473 4140 Vgl.
525 4062 612 4116 ΒΓ.
663 4064 780 4143 390.
923 4068 944 4097 ²
977 4065 1078 4118 Die
1131 4066 1320 4119 beiden
1371 4066 1581 4119 Diener.
1654 4066 1704 4121 S.
1742 4066 1846 4119 432
1881 4067 1945 4119 A.
1982 4066 2030 4119 6.
2172 4066 2195 4097 ⁸
2278 4080 2335 4119 er
2390 4065 2625 4118 Erfurter

353 4130 527 4185 Junst
573 4132 818 4185 Valentm
865 4134 1223 4201 Jungermann
1259 4151 1363 4188 von
1401 4135 1597 4188 Zerbst.
1670 4134 1724 4189 S.
1764 4136 1863 4187 173
1897 4136 1959 4188 A.
1998 4135 2045 4188 6.
2118 4134 2299 4187 Urban
2348 4134 2495 4186 hatte
2528 4132 2624 4184 ihn

359 4215 484 4277 zum
533 4200 774 4253 Anwalte
808 4202 893 4253 fiir
928 4202 1022 4255 das
1059 4202 1467 4271 Georgenthaler
1509 4203 1723 4258 Kloster
1770 4203 2015 4271 gewahlt,
2062 4204 2157 4256 das
2193 4203 2338 4255 seine
2392 4202 2629 4255 Elfurter
2669 4229 2678 4237 ·

358 4266 719 4337 Besitzungen
754 4286 851 4322 vor
886 4271 985 4323 den
1011 4271 1279 4325 Erfurtern
1317 4288 1384 4324 zu
1419 4272 1677 4325 schiitzen
1694 4272 1856 4339 hatte,
1877 4272 2024 4325 nicht
2042 4272 2142 4323 den
2163 4270 2627 4338 unzuverlassigen

361 4334 620 4391 Herbord.
693 4338 848 4391 Auch
893 4339 978 4391 bei
1028 4340 1200 4393 dieser
1247 4340 1591 4408 Gelegenheit
1642 4341 1823 4393 wurde
1870 4339 2103 4393 Mutians
2148 4339 2339 4407 gewiss
2390 4356 2457 4391 zu
2501 4338 2626 4401 weit

355 4406 626 4473 gehendes
659 4405 979 4461 Misstrauen
1015 4424 1121 4463 von
1155 4408 1337 4463 Urban
1357 4408 1506 4463 nicht
1529 4407 1727 4478 geteilt.
1835 4409 1859 4440 ⁴
1889 4408 1997 4461 Fur
2032 4408 2118 4462 die
2154 4408 2335 4463 Verse.
2393 4406 2517 4461 Vor.
2537 4406 2611 4458 Βι-
