3084 4895
472 391 557 460 20
1167 386 1338 447 Briefc
1374 391 1456 446 bis
1492 407 1609 446 zum
1647 388 1847 446 Herbst
1886 385 2032 444 1505.

476 565 700 642 dicere,
748 563 948 627 dicam
996 566 1209 627 tamen
1256 566 1319 626 et
1364 583 1491 626 non
1537 583 1795 646 possum
1840 562 2177 627 obliterare
2222 559 2494 640 silentiO,
2525 581 2714 644 quam

474 651 734 732 iniquus
779 651 843 712 in
892 672 988 712 me
1034 650 1117 712 sit
1160 649 1572 727 limitaneuS,¹
1651 649 1756 712 fax
1805 654 1868 712 et
1913 646 2328 712 incitabulum
2393 648 2718 730 perturba-

476 738 690 800 tionis.
780 735 939 798 Nam
987 735 1210 816 reliqui
1259 737 1656 798 severitatem
1701 757 1902 798 meam
1938 739 2290 798 reverenter
2321 738 2385 797 et
2417 735 2666 814 parcius
2693 747 2720 774 ⁸

477 823 787 899 mordent,
834 822 956 898 hic,
1004 827 1076 885 ut
1121 827 1217 884 est
1263 821 1790 898 vecordiusculuS,
1837 823 2043 904 passis
2089 821 2244 883 velis
2289 822 2350 883 in
2403 843 2498 881 me
2545 822 2717 882 inve-

478 909 652 971 hitur
698 915 760 972 et
806 908 964 970 bene
1006 909 1175 970 dicta
1208 908 1371 970 male
1401 909 1870 990 interpretatur.
1963 907 2167 970 Etiam
2203 912 2462 969 sanctus
2497 906 2718 968 Petrus

477 1015 661 1074 aegre
706 994 911 1057 ferret.
1003 993 1155 1069 Quis
1214 994 1377 1056 enim
1438 995 1560 1056 nisi
1628 993 2042 1056 dedecorosus
2108 991 2290 1055 facile
2355 997 2720 1055 contemnat

479 1079 849 1144 infamiam?
936 1079 1051 1142 Isti
1082 1079 1264 1142 stulti
1297 1079 1542 1142 nobiles
1577 1081 1792 1160 magni
1822 1080 2108 1162 pendunt
2139 1078 2342 1142 famae
2381 1079 2716 1159 jacturam.

478 1165 734 1230 Utinam
798 1166 1050 1229 scirent·
1091 1169 1154 1228 et
1214 1165 1398 1228 nobis
1460 1165 1724 1228 eandem
1786 1166 1982 1248 ipsam
2046 1187 2182 1227 esse
2242 1186 2442 1227 curae.
2535 1164 2719 1226 Arbi-

483 1256 689 1316 tratur
720 1252 908 1315 homo
942 1252 1309 1314 cerebrosus
1341 1273 1438 1314 me
1469 1273 1723 1314 suorum
1757 1251 2044 1334 potentia
2070 1251 2098 1289 ¹²
2142 1252 2378 1328 terreri,
2405 1273 2518 1312 nec
2549 1251 2721 1313 videt

480 1337 642 1402 nihil
674 1337 806 1401 fore
836 1339 1079 1420 gratius
1115 1337 1559 1400 concanonicis
1591 1337 1905 1400 discordia
1940 1342 2172 1400 nostra.
2250 1336 2522 1418 Sperant
2553 1338 2718 1398 enim

479 1425 626 1487 inde
672 1428 1027 1487 secuturam
1078 1423 1173 1486 vel
1220 1423 1477 1486 alterius
1511 1424 1605 1486 vel
1637 1424 1969 1504 utriusque
2016 1428 2297 1486 nostrum
2345 1422 2717 1485 absentiam.

481 1511 663 1587 Audi,
714 1510 875 1574 bone
923 1510 1034 1586 vir,
1077 1514 1384 1591 quantum
1420 1510 1707 1592 desipiat.
1799 1509 2027 1572 Narrat
2073 1531 2186 1572 suo
2231 1508 2718 1571 Richenbaccho

480 1601 544 1659 et
588 1593 875 1659 Morcho²
924 1618 1020 1658 me
1066 1596 1207 1659 ideo
1255 1618 1389 1659 esse
1436 1596 1816 1659 collocutum
1869 1617 2008 1659 cum
2055 1595 2244 1658 fratre
2291 1594 2424 1675 ejus
2469 1601 2532 1657 et
2579 1617 2717 1657 cum

481 1683 763 1765 principe
809 1679 1285 1759 1111161116811110,8
1319 1683 1487 1762 quod
1518 1683 1856 1745 timuerim.
1949 1681 2165 1744 Nescit
2195 1680 2552 1743 Mutianum
2591 1702 2717 1743 non

481 1768 683 1831 facere
745 1768 976 1848 magni,
1037 1790 1199 1848 quae
1259 1768 1527 1850 populus
1597 1768 1962 1831 admiratur.
2054 1766 2290 1842 Nescit,
2361 1788 2522 1847 quae
2591 1767 2721 1829 sint

477 1855 643 1917 inter
710 1853 1119 1917 Federichum
1187 1859 1250 1917 et
1312 1876 1413 1917 me
1473 1855 1798 1934 conclusa3
1866 1858 1938 1916 tu
2005 1854 2165 1916 scies
2234 1874 2348 1915 suo
2418 1857 2719 1933 tempore.

480 1939 700 2003 Sermo
747 1962 890 2003 vero
937 1945 1151 2003 noster
1182 1941 1262 2004 ad
1296 1939 1550 2004 fratrem
1601 1940 1734 2021 ejus
1768 1939 2076 2021 ejusmodi
2121 1939 2261 2014 fuit,
2309 1943 2379 2001 ut
2426 1940 2718 2002 dicerem:

484 2025 815 2090 Nicolaum
861 2048 1227 2108 germanum
1277 2049 1413 2090 esse
1458 2027 1648 2090 nimis
1694 2026 1931 2088 bonum
1979 2029 2040 2088 et
2087 2026 2168 2088 ob
2216 2025 2280 2087 id
2324 2025 2512 2087 nimis
2543 2025 2722 2087 flexi-

438 2174 443 2185 ,
483 2113 669 2176 bilem
718 2116 781 2176 et
826 2112 1167 2191 credulum,
1227 2116 1449 2195 utpote
1494 2114 1603 2194 qui
1648 2136 1686 2176 a
1734 2112 1977 2175 callidis
2035 2132 2540 2194 quoquoversum
2597 2132 2722 2174 uno

481 2198 672 2262 verbo
742 2199 1116 2280 impellatur.
1210 2198 1307 2261 Me
1354 2199 1434 2261 ab
1479 2221 1552 2261 eo
1600 2199 1846 2280 injuriis
1908 2202 1972 2262 et
2036 2198 2291 2278 quidem
2354 2219 2469 2259 sua
2531 2218 2719 2260 manu

478 2285 728 2368 scriptis
788 2290 1215 2367 provocatum,
1277 2284 1386 2348 sed
1447 2284 1606 2348 velle
1665 2284 1954 2348 oblivisci
2001 2289 2064 2346 et
2117 2284 2463 2365 ignoscere,
2536 2284 2719 2347 modo

480 2374 727 2435 curaret
771 2393 849 2434 ne
902 2376 1343 2455 perseveraret.
1438 2370 1571 2434 Hoc
1641 2371 1929 2453 promisit
1995 2392 2185 2453 eques
2252 2391 2317 2432 se
2387 2369 2718 2432 facturum.

481 2459 648 2521 Bene
696 2458 868 2521 videt
912 2480 1011 2521 me
1058 2481 1183 2521 non
1230 2458 1536 2539 respicere
1583 2458 1744 2521 tales
1792 2458 2049 2531 amicOS,
2095 2458 2360 2537 ideoque
2405 2458 2546 2539 plus
2591 2461 2722 2519 sto-

483 2544 830 2607 machatur.
924 2544 1153 2641 Osores
1201 2544 1401 2607 nostri
1448 2543 1592 2625 plus
1640 2545 1932 2607 incitant
2025 2543 2158 2623 Ego
2205 2542 2536 2623 indignum
2573 2547 2723 2624 puto

480 2631 896 2704 limitaneum,
921 2630 1227 2713 quicum⁰
1273 2630 1523 2712 publice
1558 2631 1960 2706 contendam,
1993 2650 2187 2710 quum
2215 2652 2290 2691 ex
2317 2629 2524 2710 jurgio
2554 2628 2726 2691 nulla

487 2716 901 2814 commoditas
947 2717 1297 2798 proveniat,
1344 2717 1453 2779 sed
1500 2717 1760 2797 plausus
1806 2716 2038 2779 invidis
2085 2719 2147 2778 et
2193 2715 2437 2778 laetitia
2483 2715 2722 2777 vicinis,

483 2802 620 2865 Hoc
665 2801 815 2880 scic,
863 2803 913 2866 si
963 2802 1191 2865 blande
1240 2803 1337 2866 vel
1385 2803 1576 2865 semel
1623 2803 1961 2866 salutarem
2013 2802 2518 2878 conviciatorem,
2549 2812 2576 2840 ⁸
2629 2823 2727 2864 me

482 2889 683 2971 pluris
730 2888 962 2952 faceret
1006 2910 1197 2969 quam
1244 2894 1504 2952 ceteros.
1598 2887 1719 2952 Sed
1770 2910 1878 2970 per
1922 2888 2139 2950 Jovem
2191 2887 2524 2970 lapideum,
2561 2890 2728 2969 rigor

481 2975 679 3054 animi
724 2978 787 3037 et
845 2974 1199 3038 Catoniana
1258 2975 1620 3038 constantia
1675 2996 1800 3038 non
1860 2975 2014 3038 sinit
2066 2974 2346 3054 linguam
2404 2976 2728 3038 dissonare

483 3066 545 3123 et
576 3084 615 3123 a
647 3061 831 3124 corde
864 3062 1216 3125 dissentire.
1308 3061 1464 3125 Utar
1510 3062 1839 3142 patientia,
1871 3061 1900 3099 ἀ
1945 3060 2150 3142 quoad
2200 3060 2456 3123 honoris
2505 3060 2664 3123 ratio
2696 3060 2724 3098 ¹³

486 3148 855 3229 permiserit.
947 3146 1109 3223 Quid
1176 3146 1473 3211 Urbanus
1534 3147 1863 3221 desideret,
1929 3151 2068 3210 tute
2129 3146 2379 3209 videris,
2471 3146 2727 3210 Scribas

484 3234 562 3296 ad
610 3255 749 3296 eum
796 3238 859 3297 te
907 3241 1050 3315 post
1104 3238 1393 3297 exortum
1452 3234 1776 3296 caniculae
1837 3234 1954 3297 sub
2012 3233 2165 3315 ipsis
2225 3233 2619 3296 scholasticis
2667 3236 2726 3295 et

484 3320 736 3383 rusticis
798 3319 969 3383 feriis
1029 3342 1156 3383 una
1218 3341 1460 3384 mecum
1523 3341 1659 3383 esse
1722 3324 2074 3383 venturum.
2167 3318 2302 3394 Quo
2365 3319 2554 3382 citius
2615 3324 2726 3381 aut

482 3406 795 3469 maturius
841 3406 906 3468 id
952 3407 1159 3470 minus
1212 3406 1345 3483 fiat,
1406 3406 1662 3469 obstare
1721 3404 2100 3469 servitium*
2189 3405 2352 3481 Quin
2402 3411 2464 3468 et
2510 3405 2726 3468 multi-

474 3492 663 3574 jugas
724 3513 842 3573 age
909 3493 1147 3573 gratias
1208 3497 1272 3556 et
1326 3492 1548 3556 abbati
1614 3492 2005 3570 fidelitatem,
2076 3512 2371 3569 amorem,
2443 3492 2722 3554 studium

618 3676 646 3704 a
673 3660 721 3713 ti
753 3664 817 3713 st.
856 3660 921 3713 ci.
1061 3664 1089 3702 b
1118 3661 1167 3713 ci
1200 3665 1262 3713 st.
1300 3660 1356 3714 ti.
1498 3675 1522 3703 ο
1552 3660 1642 3729 qui
1677 3677 1813 3714 cum
1956 3664 1985 3702 d
2012 3660 2284 3728 pacientia.

620 3732 638 3761 ²
674 3729 724 3783 S.
761 3730 795 3782 8
839 3732 904 3808 A.
944 3730 991 3781 3.
1133 3731 1153 3761 ²
1188 3728 1507 3783 Gothaische
1560 3730 2040 3784 Kanonike1.Ein
2093 3728 2608 3782 J011.Ri0henbaoh
2665 3728 2730 3781 dc

482 3797 797 3864 Homberch,
836 3798 889 3850 in
924 3797 1027 3851 Erf.
1069 3798 1295 3851 immatr.
1334 3798 1442 3851 Ost.
1484 3800 1612 3851 1491
1656 3799 2043 3867 (Weissenb.
2082 3798 2124 3863 Ι,
2161 3799 2301 3866 437),
2355 3798 2536 3849 Bacul.
2578 3798 2728 3852 149⁴>

483 3867 591 3919 Der
625 3868 795 3919 Name
831 3867 1015 3919 Morch
1052 3867 1308 3935 begegnet
1345 3883 1445 3919 uns
1479 3868 1566 3920 bei
1601 3868 1770 3920 61116111
1807 3869 2028 3936 jiingem
2067 3868 2308 3928 Gothaer,
2348 3868 2466 3918 dem
2509 3868 2638 3917 1513
2677 3867 2726 3917 in

482 3936 832 3989 Erf.im1nat1·.
858 3935 1103 3989 Valentia
1122 3937 1303 3989 Morch
1328 3938 1391 3988 de
1417 3936 1587 3989 Gotha
1611 3937 2005 4003 (Weissenb.
2026 3937 2093 4001 Il,
2117 3936 2253 4005 ⁶280).
2313 3937 2414 3988 Der
2438 3936 2733 3987 Kanoniker

482 4005 709 4057 ironisch
746 4006 822 4057 als
858 4006 1064 4072 sapiens
1119 4005 1367 4058 Morchus
1406 4006 1710 4057 bezeichnet
1746 4006 1796 4057 in
1835 4005 1915 4059 Br.
1958 4008 2039 4063 21,
2078 4007 2239 4058 dahel
2273 4006 2541 4057 xielleicht.
2587 4006 2730 4055 iden-

482 4074 620 4125 tisch
654 4074 755 4126 mit
789 4075 908 4126 dem
947 4074 1173 4126 vielfach
1208 4078 1560 4141 vcispotteten
1610 4074 1801 4128 Morus,
1877 4075 1992 4142 Vgl.
2024 4076 2212 4141 jedoch
2254 4092 2316 4126 zu
2359 4074 2439 4125 Br.
2477 4074 2592 4124 ⁴212.

555 4145 575 4174 ⁸
608 4143 744 4196 Dass
780 4159 871 4195 um
914 4143 1033 4209 jene
1085 4144 1198 4195 Zeit
1248 4143 1445 4196 Mutiau
1502 4144 1618 4195 eine
1671 4144 2039 4211 Unteiredung
2093 4145 2190 4195 mit
2243 4145 2358 4196 dem
2421 4142 2730 4193 Kurfiirsten

482 4212 641 4273 hatte,
680 4213 879 4281 ergiebt
915 4212 1030 4263 sich
1067 4228 1161 4264 aus
1198 4211 1369 4264 einem
1406 4212 1578 4265 Briefe
1613 4212 1892 4265 Tritheims
1941 4230 2062 4264 vom
2099 4216 2145 4265 (5.
2187 4213 2316 4265 Nov.
2361 4213 2490 4264 1506
2527 4227 2592 4262 an
2631 4212 2730 4263 den

482 4280 811 4344 Kurfiirsten,
866 4281 1026 4333 worin
1065 4298 1121 4333 61·
1156 4290 1285 4349 sagt,
1325 4282 1445 4333 dass
1488 4282 1692 4334 Mutian
1741 4282 1852 4333 ihm
1903 4282 2052 4333 einen
2103 4284 2317 4348 Auftiag
2369 4282 2460 4333 des
2515 4277 2730 4331 Fiirsten

481 4351 833 4417 ausgerichtet
882 4350 1030 4404 habe.
1102 4350 1375 4402 Trithemii
1436 4351 1563 4418 Epp.
1601 4351 1763 4404 famil.
1804 4350 2002 4418 Hagan.
2047 4352 2189 4405 1536.
2229 4350 2287 4402 Ρ.
2326 4351 2440 4403 208.
2514 4349 2628 4416 Vgl.
2669 4366 2734 4400 zu

480 4418 565 4473 Br.
604 4420 684 4473 60.
827 4420 849 4451 ⁴
881 4418 1004 4472 Scin
1038 4419 1486 4472 Hauslehreramt.
