3084 4895
447 396 574 461 236
1285 397 1457 452 Briefe
1491 398 1587 451 des
1623 399 1674 453 J.
1716 399 1864 453 1512.

448 584 680 657 (Gotha.)
1234 524 1252 538 ⁵
1505 571 1668 646 186„
2130 584 2203 655 (n.
2244 584 2327 638 24.
2365 586 2505 654 Aug.
2543 582 2718 653 1512.)

1107 695 1395 765 Mutian
1443 715 1541 764 an
1586 696 2036 765 Musardus.'

451 823 652 888 (Dan-let
704 822 800 888 fiio·
844 823 1154 877 tibersandte
1207 823 1374 890 V‘o'qel.
1447 808 1742 875 Musardus
1788 824 1912 886 irre,
1959 841 2109 876 wenn
2141 840 2199 876 er
2226 824 2417 892 ylaube
2468 821 2716 875 Matiana

465 890 826 945 Verlcleinerer
861 890 1104 945 bekehren
1137 909 1212 944 zu
1243 891 1819 1023 kmnmgumssqggwem
1852 892 2005 945 Buoh
2040 894 2121 945 αις
2168 892 2583 961 Geyewyeschenlo
2614 908 2715 943 an-

583 1072 666 1123 H.
701 1071 1004 1122 musar-do
1039 1072 1241 1123 literis
1277 1075 1341 1123 et
1373 1064 1653 1124 morib‘us
1686 1073 2056 1134 praestanti,
2091 1072 2289 1123 amico
2313 1084 2442 1123 non
2466 1070 2715 1132 vulgari

1406 1161 1496 1209 M.
1525 1156 1755 1211 ⁸Rufus.

658 1268 742 1332 S.‘
814 1268 954 1332 Vidi
1024 1291 1133 1351 per
1199 1275 1611 1333 transennam
1682 1269 2087 1333 tabellarium
2153 1272 2353 1332 tuum.
2448 1268 2710 1348 Rogavi,

451 1376 592 1417 cum
653 1354 1008 1417 errabundo
1063 1353 1290 1417 similis
1345 1377 1596 1418 sursum
1655 1356 1947 1419 deorsum
2006 1358 2346 1438 spectaret,
2406 1354 2711 1435 quidnam

449 1440 572 1503 sibi
649 1439 867 1502 vellet:
954 1438 1389 1521 „Doctorem“‚
1477 1439 1709 1521 inquit,
1790 1438 2121 1522 „quaero.“
2245 1438 2577 1502 Descende
2651 1442 2713 1501 et

448 1524 704 1588 recludo
769 1524 1031 1605 januam
1089 1530 1152 1587 et
1208 1526 1472 1588 comiter
1535 1525 1798 1607 accipio.
1894 1524 2137 1589 Promit
2198 1526 2416 1590 statim
2476 1547 2509 1587 e
2567 1524 2745 1587 sinu'

447 1610 666 1674 literas
711 1615 776 1673 et
821 1632 898 1673 ex
945 1609 1196 1675 sacculo
1266 1610 1593 1692 deplumes
1662 1611 1962 1675 aviculas
2056 1610 2411 1691 Utrumque
2482 1631 2711 1672 munus

453 1695 594 1760 ideo
659 1699 934 1777 gratum,
1003 1696 1155 1777 quia
1223 1694 1338 1758 abs
1397 1700 1460 1759 te
1519 1696 1801 1760 mittitur
1868 1694 1928 1757 h.
1993 1718 2043 1758 e.
2107 1695 2467 1776 eruditoet
2511 1694 2711 1771 nostri

453 1781 764 1845 studiosa
861 1780 1110 1861 „Aurea
1168 1781 1278 1861 qui
1328 1782 1571 1845 dederit
1633 1782 1819 1857 dona,
1878 1781 2123 1844 minora
2184 1780 2427 1857 dabit“,
2476 1786 2549 1843 ut
2594 1780 2715 1843 huc

453 1866 768 1930 Martialis
839 1888 1091 1929 versum
1142 1864 1607 1947 detorqueam?
1699 1866 2023 1929 Polliceris
2091 1888 2341 1950 operam
2409 1866 2473 1929 in
2519 1866 2712 1929 corri-

451 1954 675 2034 gendis
736 1952 1326 2035 detrectatoribus⁸
1383 1952 1638 2015 nostris.
1729 1951 2028 2029 Nimium,
2079 1953 2165 2015 mi
2212 1974 2353 2015 care
2398 1950 2711 2027 Musarde,

444 2038 566 2101 tibi
612 2037 828 2113 sumiS,
877 2038 927 2101 si
976 2036 1272 2100 autumas
1306 2058 1491 2101 caeco
1525 2037 1823 2119 prodesse
1855 2037 2181 2119 speculum
2216 2042 2331 2101 aut
2370 2036 2713 2119 deploratis

451 2124 745 2187 remedia.
835 2122 1032 2185 Verus
1079 2128 1177 2185 est
1219 2123 1542 2200 Horatius,
1607 2124 1753 2185 dum
1817 2124 1941 2185 ait:
2011 2122 2358 2204 „Naturam
2429 2121 2713 2204 expellas

449 2208 646 2285 furca,
717 2213 930 2272 tamen
1001 2231 1199 2291 usque
1266 2206 1653 2272 recurret.“³
1758 2207 1995 2289 Vulpes
2055 2207 2219 2291 pilos
2286 2212 2515 2284 mutat,
2585 2228 2709 2271 non

455 2294 715 2359 mores⁴
779 2293 1012 2357 'Citius
1081 2294 1490 2377 elephantum
1552 2294 1672 2358 sub
1734 2294 1836 2357 ala
1896 2292 2247 2357 celaveri8.⁶
2336 2293 2711 2357 Induratum

451 2380 690 2445 malum
749 2402 875 2443 non
939 2379 1204 2444 tollitur.
1297 2380 1696 2464 Quapropter
1750 2379 2107 2443 abstinebis
2160 2400 2407 2461 ungues
2460 2378 2544 2442 ab
2589 2379 2713 2442 ista

451 2467 686 2546 scabie,
735 2489 813 2530 ne
858 2466 1030 2530 dicat
1075 2465 1436 2530 Terentius:
1492 2466 1693 2548 „Quid
1742 2465 1953 2529 minus
2015 2488 2268 2529 necesse
2320 2465 2465 2542 fuit,
2522 2487 2709 2547 quam

452 2553 572 2616 hoc
631 2553 856 2616 hulcus
925 2549 1312 2634 tangere‘?“⁶
1399 2550 1545 2615 Noli
1604 2574 1713 2634 per
1770 2551 1920 2616 deos
1974 2551 2266 2615 refricare
2332 2552 2707 2614 cicatricem.

451 2639 634 2716 Quod
679 2639 824 2714 sciS‚
870 2638 1136 2702 nescias
1233 2635 1440 2720 Magis
1505 2637 1903 2701 desaevirent
1949 2637 2046 2700 vel
2093 2637 2414 2700 exhortati
2460 2635 2558 2699 vel
2604 2635 2713 2698 ad-

454 2725 700 2788 moniti.
793 2723 1032 2788 Dicunt
1077 2723 1242 2786 enim
1292 2723 1561 2786 idiotae:
1612 2722 1861 2786 Stultus
1909 2722 2057 2784 dum
2103 2726 2385 2803 rogatur,
2433 2722 2709 2785 inflatur.

455 2809 536 2872 Et
603 2811 678 2874 de
745 2809 866 2873 hoc
934 2809 1363 2872 carcinomate
1429 2809 1588 2872 sat-is
1654 2812 1719 2870 et
1787 2808 1931 2888 plus
1997 2808 2187 2870 etiam
2266 2830 2457 2890 quam
2534 2807 2707 2884 satis.

455 2895 711 2960 Utinam
788 2893 1026 2958 initiati
1103 2894 1499 2975 pensitarent
1590 2893 1973 2956 dominicam
2065 2893 2450 2956 sententiam
2538 2887 2712 2956 hisce

450 2980 783 3044 Prudentii
851 2980 1060 3042 verbis
1130 3000 1526 3060 expressam:
1606 2979 1748 3061 „Nil
1796 2979 2101 3058 placitum
2161 2980 2297 3042 sine
2341 3001 2497 3060 pace
2558 2978 2710 3056 de03

451 3089 578 3130 non
627 3088 860 3129 munus
905 3066 985 3128 ad
1031 3087 1201 3128 aram
1266 3063 1424 3127 Cum
1472 3065 1691 3145 cupias
1752 3064 1993 3141 offerre,
2060 3064 2305 3146 probat,
2358 3064 2410 3126 si
2456 3063 2713 3126 turbida

453 3153 708 3216 fratrem
736 3153 764 3191 ¹0
809 3150 990 3214 Mens
1034 3151 1334 3232 impacati
1380 3149 1500 3213 sub
1550 3148 1821 3232 pectoris
1866 3150 2070 3212 oderit
2114 3145 2391 3212 antro.“⁷
2486 3149 2713 3213 Nostra

455 3237 822 3318 conjunctio
891 3236 1058 3299 felici
1127 3239 1352 3317 coepta
1419 3235 1705 3316 auspicio
1776 3234 2033 3297 durabit
2089 3239 2437 3308 aeternum,
2516 3234 2713 3297 velint

449 3323 657 3387 nolint
707 3321 854 3404 „qui
901 3321 965 3384 in
1014 3322 1262 3401 nigrum
1312 3321 1585 3384 candida
1629 3317 1981 3383 vertunt.“⁸
2069 3320 2231 3383 Nam
2279 3317 2709 3400 improborum

454 3408 924 3472 familiaritates
975 3407 1162 3472 breve
1203 3407 1510 3487 temporis
1570 3405 1952 3468 curriculum
2020 3405 2332 3481 dissolvit,
2404 3405 2707 3467 bonorum

454 3498 666 3557 autem
717 3515 794 3556 ne
828 3492 1192 3556 universum
1241 3491 1497 3572 quidem
1529 3513 1753 3554 aevum
1802 3491 2149 3554 aboleverit
2193 3495 2357 3554 teste
2386 3487 2713 3552 Isocrate.⁹

455 3579 592 3661 Ego
654 3579 749 3641 uti
807 3578 967 3640 duos
1023 3581 1457 3641 antecessores
1513 3598 1707 3639 manu
1764 3577 1828 3638 in
1887 3575 2126 3638 Vallem
2184 3575 2440 3650 deduxi,
2496 3576 2589 3638 ita
2649 3579 2713 3636 te

456 3685 730 3747 quoque,
781 3663 836 3724 si
882 3667 1074 3726 notus
1121 3663 1277 3727 mihi
1322 3663 1573 3738 fuisseS,
1620 3662 1789 3724 ultro
1837 3661 2239 3724 deduxissem
2274 3661 2351 3723 ad
2387 3661 2711 3723 dominum

453 3753 518 3812 et
581 3749 1012 3832 propinquum
1084 3770 1290 3811 meum
1359 3751 1603 3829 patrem
1676 3745 2069 3828 optimum.'⁰
2160 3746 2228 3808 Si
2299 3744 2709 3808 Columellam

457 3835 738 3911 fastidis,
779 3836 1028 3897 mittam
1079 3833 1554 3914 Hieronymum.
1646 3831 1881 3896 Tecum
1914 3831 2079 3894 enim
2114 3831 2329 3894 omnia
2361 3830 2712 3894 communi-

454 3920 612 3984 cabo
659 3941 771 4002 pro
816 3922 1118 4000 tempore.
1214 3919 1454 3982 Valeas„

762 4018 884 4072 Cod.
920 4018 1053 4073 Frcf.
1090 4019 1205 4072 245.

590 4153 618 4182 a
648 4137 1044 4206 detractoribus,
1081 4155 1176 4191 am
1209 4137 1396 4189 Raude
1429 4153 1530 4188 von
1565 4135 1697 4187 ἄρνε.
1735 4135 1901 4187 Hand
1932 4135 2221 4202 verbessert.
2380 4137 2409 4174 b
2436 4133 2671 4184 fratrum.

597 4210 613 4240 ¹
650 4207 701 4260 S.
743 4207 844 4259 212
879 4210 942 4258 A.
981 4207 1030 4260 6.
1137 4209 1158 4238 2
1190 4205 1342 4258 Mart.
1381 4205 1529 4270 XIV,
1566 4203 1649 4256 89.
1760 4206 1780 4235 ³
1812 4203 1937 4256 Hor.
1974 4204 2067 4270 Ep.
2090 4204 2130 4268 I,
2154 4203 2234 4270 10,
2256 4202 2337 4254 24.
2444 4203 2465 4233 ⁴
2500 4199 2710 4266 Sprich-

454 4278 585 4329 wort
620 4291 716 4328 aus
753 4274 962 4330 Sueten.
1001 4274 1309 4342 Vespasian.
1352 4275 1431 4327 16.
1576 4275 1597 4306 ⁶
1640 4271 1793 4324 Nach
1830 4271 2045 4325 Lucian.
2084 4269 2351 4326 Erasmus’
2390 4269 2642 4336 Adagien.

449 4345 472 4376 ⁶
505 4344 718 4397 Phorm.
756 4342 850 4409 IV,
885 4345 935 4410 4,
975 4343 1054 4397 10.
1177 4344 1197 4376 7
1232 4342 1392 4395 Prud.
1430 4341 1715 4409 Psychom.
1768 4339 2059 4393 772-774.
2200 4341 2223 4372 ³
2255 4339 2380 4392 Juv.
2418 4337 2516 4404 III,
2555 4337 2639 4390 30.

447 4414 471 4446 ⁹
508 4412 592 4466 Ad
625 4412 846 4465 Demon.
888 4413 934 4463 1.
1062 4411 1104 4443 ¹⁰
1137 4411 1254 4463 Den
1288 4410 1397 4463 Abt
1429 4425 1535 4463 von
1572 4408 1937 4478 Georgenthal.
