3084 4895
1197 457 1405 520 Mutian
1443 483 1513 520 an
1551 453 1811 520 Herbord.
2503 467 2625 532 127

389 645 594 705 rata-m
633 641 819 704 amici
853 639 1060 717 fidem,
1093 638 1363 702 Mutiani
1405 639 1500 702 tui
1544 643 1763 702 notare
1806 639 2243 715 ministerium,
2294 643 2480 723 quasi
2513 664 2638 705 non

391 730 508 790 sim
559 727 880 790 ementitis
929 725 1391 788 detrahentium
1441 726 1775 788 calumniis
1832 726 1987 789 satis
2044 725 2395 790 defunctus
2490 728 2643 791 Vide

393 813 565 876 Croti
623 813 812 876 verba
867 816 930 874 et
983 813 1116 874 visa
1178 833 1480 894 concerpe
1541 833 1659 875 nec
1725 810 1917 874 ullum
1979 812 2233 875 verbum
2295 814 2370 876 de
2424 813 2523 876 his
2577 816 2643 878 in

391 901 592 962 literis
637 899 858 963 facito:
909 921 986 960 ne
1018 897 1274 960 Crotum
1313 899 1500 960 etiam
1537 899 1749 980 pulses
1781 920 2114 980 versesque
2155 900 2357 961 virum
2404 901 2636 964 bonum

397 1008 532 1048 mea
579 987 830 1068 quidem
881 986 1248 1047 sententia.a
1321 984 1653 1047 Praeterea
1699 985 1922 1047 titulos
1969 984 2288 1047 literarum
2323 987 2641 1067 sapienter

399 1073 675 1154 concipe.
798 1071 968 1133 Idem
1033 1071 1320 1152 praecepi
1381 1069 1731 1150 SpalatinO.
1840 1071 2057 1133 Paruit
2103 1093 2239 1134 meo
2288 1077 2639 1154 praeceptO.

395 1157 534 1220 Non
583 1159 805 1221 scribit
851 1162 1322 1220 ostentamenta
1368 1157 1532 1218 sicut
1578 1161 1783 1219 antea.
1886 1156 2045 1220 Nolo
2091 1159 2260 1220 enim
2292 1180 2481 1239 supra
2514 1181 2643 1222 mo-

397 1244 540 1308 dum
587 1244 826 1317 laudeS,
875 1243 980 1306 sed
1014 1244 1270 1306 omnino
1306 1243 1567 1323 deprimi
1602 1242 1932 1305 ridiculum
1968 1249 2083 1307 est.
2164 1244 2415 1325 Legunt
2459 1246 2644 1308 multi

395 1331 675 1402 titulum,
746 1329 1108 1411 priusquam
1174 1329 1472 1391 reddatur
1535 1329 1819 1409 epistola.
1924 1329 2146 1410 Itaque
2216 1331 2493 1394 dandum
2550 1336 2647 1394 est

396 1416 636 1496 aliquid
685 1420 1051 1496 tergotenus
1097 1436 1286 1478 aurae
1329 1414 1637 1496 populari,
1685 1436 1812 1477 non
1861 1416 2027 1496 quod
2074 1417 2208 1498 ipse
2253 1417 2493 1498 gloriae
2524 1418 2639 1481 sim

395 1503 742 1566 affectator.
841 1501 1062 1582 „Haud
1109 1501 1397 1582 equidem
1444 1501 1558 1564 tali
1606 1523 1703 1563 me
1749 1501 1973 1582 dignor
2017 1501 2315 1576 honore“,
2365 1509 2437 1567 ut
2480 1504 2643 1567 dixit

392 1589 560 1670 apud
593 1588 935 1669 Vergilium
978 1588 1225 1650 Aeneae
1271 1587 1527 1662 Venus,¹
1580 1587 1687 1649 sed
1735 1610 1812 1650 ne
1857 1588 2201 1652 habeamur
2246 1591 2413 1672 apud
2456 1590 2644 1654 illite-

395 1679 567 1737 ratos
600 1675 1011 1754 contemptui.
1061 1673 1223 1750 Quid
1257 1678 1466 1736 aut-em
1491 1674 1939 1756 contemptim,
1974 1697 2161 1756 quam
2189 1675 2467 1739 invidere
2492 1699 2643 1740 con-

399 1761 566 1823 sulto
607 1761 958 1842 jurisperiti
1005 1759 1275 1822 nomen?
1362 1760 1583 1840 Itaque
1616 1760 2003 1841 populariter
2047 1761 2397 1842 appellatur
2440 1764 2582 1843 quis
2616 1764 2645 1802 ¹²

401 1846 471 1908 D.
521 1847 775 1922 Doctor‚
824 1867 1202 1927 quamquam
1235 1857 1259 1884 0
1309 1846 1663 1926 elegantius
1708 1847 1794 1908 sit
1828 1846 2349 1927 jurisconsultum
2416 1848 2638 1912 dicere.

393 1932 529 1996 Hoc
575 1939 803 2009 totum,
852 1933 1019 2014 quod
1053 1933 1278 2008 scrib0,
1327 1931 1723 1994 referendum
1772 1939 1869 1995 est
1914 1934 1993 1995 ad
2026 1955 2229 1996 mores
2262 1934 2450 2015 hujus
2482 1935 2640 2013 aevi,

399 2040 560 2099 quos
605 2019 711 2102 qui
761 2019 1044 2100 negligit,
1093 2041 1156 2080 se
1202 2019 1406 2100 ipsum
1456 2019 1689 2080 minuit
1734 2024 1794 2080 et
1844 2041 1969 2096 eoS,
2019 2041 2177 2101 quos
2228 2022 2643 2085 amicissimos

395 2105 606 2180 habet,
653 2105 962 2187 imperitis
1011 2103 1385 2166 deridendos
1432 2104 1633 2166 offert.
1727 2102 1851 2166 Sed
1898 2105 1973 2168 de
2020 2104 2119 2168 his
2167 2106 2491 2170 hactenus.
2569 2108 2640 2170 In

396 2212 506 2254 sex
555 2192 989 2272 promptuaria
1035 2189 1498 2253 miscellaneam
1550 2189 1899 2254 doctrinam
1948 2214 2057 2274 pro
2090 2196 2389 2290 tempore,
2452 2195 2643 2256 sicuti

389 2277 566 2357 jussi,
615 2278 879 2358 digeras
911 2278 941 2315 ἃ
1029 2277 1289 2339 Etiam‘³
1334 2276 1727 2339 immundum
1776 2278 1908 2341 sive
1967 2280 2317 2359 gregarium
2384 2278 2641 2362 papam²

394 2386 472 2425 ne
517 2385 697 2444 sprex
703 2365 841 2427 eris.
925 2362 1091 2437 ·,Scis
1113 2363 1136 2401 f
1195 2362 1269 2424 de
1315 2362 1549 2444 quibus
1593 2363 1833 2443 loquor.
1930 2364 2140 2427 Vale.f

703 2464 823 2519 Cod.
863 2464 995 2517 Frcf.
1033 2464 1148 2517 364.

393 2668 622 2739 (cotha.)
1457 2650 1597 2713 106.
1878 2628 1883 2631 ¹
1944 2745 1947 2748 Ι
2354 2670 2431 2740 (Ε.
2472 2672 2645 2743 1508.)

1099 2775 1390 2847 Mutian
1435 2798 1527 2846 an
1576 2778 1947 2847 Herbord.

391 2911 418 2975 (
417 2908 469 2960 F
462 2926 480 2959 ι
481 2907 617 2959 eade
650 2906 777 2959 iiber
813 2906 1093 2974 Spalatins
1137 2907 1315 2961 Glu'e-k.
1365 2906 1625 3029 Νᾶᾗεᾶεἷ
1654 2907 1782 3037 φένῗν
1815 2908 1957 2961 scine
1996 2908 2229 2977 Stelluny
2262 2910 2345 2962 bei
2378 2910 2511 2978 Hofe
2534 2914 2648 2966 und

1295 2976 1476 3028 seivaen
1566 2994 1591 3028 e
1626 2994 1661 3028 a

476 3084 838 3140 Herebordo
873 3090 1218 3149 Margaritae
1256 3090 1424 3150 apud
1459 3092 1702 3151 asylum
1736 3092 1940 3142 Vallis
1978 3094 2363 3153 Georgianae
2392 3094 2550 3154 juris

681 3174 944 3235 legitimi
979 3174 1424 3226 studiosissimo
1460 3191 1596 3227 meo
1632 3178 1934 3227 benevolo
1974 3175 2083 3245 (M.
2119 3176 2361 3245 Rufus).

599 3286 886 3358 Gaudere
933 3293 996 3349 et
1040 3288 1244 3351 valere
1291 3290 1461 3352 dicit.
1557 3289 1675 3353 Ubi
1722 3312 1890 3351 nunc
1936 3297 2086 3353 sunt
2131 3290 2341 3372 Anyti,
2386 3290 2639 3371 Meliti?

395 3371 621 3445 Clodii,
709 3373 891 3450 Zoili,
971 3376 1149 3451 mori,
1235 3374 1426 3455 plani.
1496 3375 2115 3457 pseudosacerdoteS,
2185 3378 2292 3458 qui
2359 3378 2508 3441 mihi
2578 3385 2641 3443 et

395 3458 725 3540 Spalatino
759 3465 821 3522 et
854 3424 1088 3523 iiostris
1115 3461 1438 3524 benevolis
1466 3461 1829 3525 licentiose⁰
1859 3462 2325 3526 detrahebant?
2370 3464 2641 3528 Doleant

394 3554 455 3607 et
524 3545 808 3607 incidant
873 3548 936 3607 in
1005 3547 1358 3609 clunatrum
1433 3550 1847 3624 teterrimum,
1913 3571 1951 3611 a
2017 3570 2142 3629 quo
2204 3549 2638 3616 conficiantur.

394 3631 570 3693 Meus
641 3630 1009 3713 Spalatinus
1066 3633 1344 3696 omnium
1421 3633 1709 3697 fortunas
1776 3643 2271 3716 praeceptorum,
2340 3638 2395 3699 si
2452 3639 2638 3701 modo

399 3718 653 3793 valebit,
703 3740 840 3780 cum
893 3723 1108 3781 nostra
1154 3719 1354 3801 gloria
1401 3722 1727 3802 superabit
1774 3727 2021 3784 creatus
2069 3726 2270 3784 rector
2315 3727 2378 3785 et
2424 3730 2637 3787 custos

392 3804 677 3881 Joannis,
724 3806 888 3885 regis
937 3806 1139 3868 nostri
1183 3805 1346 3868 filim
1439 3808 1691 3882 Quanta
1726 3808 2356 3890 dignitasi‘quantus
2403 3809 2636 3873 honor!

529 4021 556 4049 a
595 4006 701 4073 qu.
741 4006 794 4061 S.
833 4007 940 4059 126
973 4026 1013 4061 e.
1084 4012 1112 4049 b
1149 4008 1377 4061 Camera
1417 4009 1534 4075 quis
1564 4008 1870 4076 appellatur.
1942 4024 2307 4077 cquanquam.
2382 4013 2410 4051 d
2438 4012 2639 4079 digeres

400 4076 600 4131 Camer.
673 4076 774 4128 eoi
808 4081 870 4129 st.
908 4077 962 4130 ti.
1036 4080 1056 4118 f
1091 4078 1204 4130 Scis
1243 4120 1254 4132 .
1295 4120 1304 4130 .
1395 4078 1439 4128 V
1447 4078 1527 4130 ale
1562 4078 1687 4144 fehlt
1722 4078 1803 4129 im
1846 4078 1981 4141 Cod„
2016 4079 2144 4130 steht
2179 4079 2302 4131 aber
2324 4079 2406 4132 bea·
2436 4081 2638 4133 C'amer.

533 4148 548 4177 ¹
588 4145 968 4211 Aen.1,335.
1043 4147 1147 4199 Zur
1181 4146 1350 4199 Sache
1388 4165 1423 4199 v
1424 4148 1491 4213 gl
1531 4146 1581 4199 S.
1625 4147 1717 4199 121
1761 4151 1818 4200 A.
1862 4148 1909 4201 3.
2084 4149 2103 4179 2
2142 4148 2297 4200 Wohl
2350 4151 2495 4203 nicht
2548 4152 2639 4202 der

392 4214 512 4281 Abt,
549 4216 772 4267 sondern
809 4215 892 4266 ein
927 4216 1148 4267 anderer
1183 4214 1377 4269 Oberei
1413 4164 1505 4269 des
1542 4216 1801 4281 KlosterS,
1836 4220 1971 4269 etwa
2008 4216 2335 4269 Stercutius?
2372 4218 2421 4273 S.
2453 4220 2549 4272 118
2574 4224 2635 4273 A.

391 4285 438 4337 2.
584 4286 604 4315 ³
640 4288 848 4351 Anytus
904 4286 1010 4337 und
1064 4284 1288 4338 Meletus
1339 4286 1574 4353 (Molitus
1614 4303 1657 4336 xx
1662 4302 1790 4353 egen
1828 4286 1919 4337 des
1952 4286 2307 4355 Jotacismus),
2381 4289 2637 4356 Anklager

391 4354 488 4405 des
523 4352 779 4407 SokrateS.
923 4356 944 4385 ⁴
977 4354 1058 4407 Da
1107 4354 1342 4407 Herbord
1394 4355 1583 4406 bei-eits
1640 4354 1711 4405 im
1766 4355 2065 4407 November
2113 4356 2244 4409 1508
2281 4356 2395 4408 sich
2431 4375 2521 4409 um
2553 4358 2636 4409 die

389 4422 677 4489 Nachfolge
737 4421 996 4488 Spalatins
1048 4424 1104 4475 in
1165 4424 1513 4491 Georgenthal
1569 4424 1775 4475 bewarb
1825 4425 1944 4475 und'
1976 4424 2083 4476 also
2148 4441 2247 4476 von
2300 4426 2484 4478 dessen
2547 4443 2637 4477 zu-

389 4492 682 4559 kiinftigeni
742 4492 984 4544 Hofamtc
1061 4493 1319 4544 Kenntnis
1373 4494 1532 4557 hatte,
1592 4509 1648 4544 so
1705 4492 1911 4544 bezieht
1968 4493 2082 4545 sich
2142 4494 2285 4545 diese
2344 4495 2643 4563 Mitteilung
