3084 4895
495 420 622 489 222
1337 422 1512 478 Briefe
1550 414 1643 479 des
1680 416 1729 481 J.
1771 422 1918 481 1512.

497 597 722 660 lamus.
814 594 1215 679 Pythagorae
1283 596 1643 679 symbolum
1710 596 2039 681 praecipit,
2084 621 2166 663 ne
2210 600 2411 665 cuivis
2477 602 2768 683 porrigas

500 684 850 757 dexteram,
919 680 1040 744 hoc
1103 686 1219 760 est,
1288 704 1368 745 ne
1435 686 1671 745 temere
1739 683 2091 765 quemlibet
2148 686 2213 747 in
2261 684 2764 750 familiaritatem

493 766 781 862 recipias,
829 768 1015 846 quasi
1083 766 1403 848 deligendi
1448 769 1580 831 sint
1639 789 1801 848 quos
1861 767 2110 850 diligas.
2204 768 2440 834 Graece
2501 773 2763 835 dicitur:

503 854 663 935 „Mry
711 848 901 913 παντὶ
951 842 1296 933 ἐμβάλλειν
1341 841 1626 931 δεξιᾰν“,
1672 857 1737 917 et
1772 852 2039 917 Plautus
2070 855 2189 918 ait:
2242 856 2483 936 „Homo
2517 857 2766 920 homini

495 934 772 1020 lupus.“¹
865 936 1049 1009 Novi,
1115 938 1200 1001 mi
1261 936 1535 1015 Urbane,
1598 939 1813 1020 nigros
1858 942 1924 1000 et
1967 939 2169 1017 albos,
2231 961 2357 1005 non
2404 947 2616 1005 tamen
2666 945 2765 1006 ita

495 1043 751 1105 possum
801 1044 936 1085 esse
982 1028 1229 1097 cautuS,
1277 1024 1432 1105 quin
1479 1044 1583 1087 me
1630 1020 1881 1087 Lotius²
1924 1022 2216 1105 decipiat.
2295 1026 2556 1109 Decepit
2589 1029 2758 1091 enim

499 1108 855 1188 insigniter,
903 1108 1056 1189 proh
1099 1108 1337 1171 scelus!
1429 1108 1764 1172 Praedicto
1812 1109 1912 1172 die
1956 1108 2285 1173 Laurentii
2317 1112 2545 1176 iterum
2582 1115 2763 1177 venit

493 1195 560 1257 in
631 1198 959 1267 senatum,
1035 1195 1224 1275 petiit
1298 1194 1468 1275 quod
1546 1198 1697 1257 ante
1774 1198 2074 1275 negatum
2150 1197 2270 1277 ipsi
2336 1197 2478 1261 fuit.
2591 1199 2761 1275 Quid

493 1277 770 1341 accidit?
876 1277 1115 1341 Aurum
1185 1280 1533 1360 persuasit3
1603 1280 1884 1359 primarii
1955 1282 2247 1344 consules
2315 1280 2623 1347 Colonus⁸
2692 1290 2760 1348 et

493 1364 866 1443 Hartungus
915 1367 976 1426 et
1009 1363 1116 1426 alii
1152 1368 1521 1427 constantes
1553 1364 1616 1425 in
1652 1366 1975 1428 sent-entia
2021 1367 2287 1447 pristina
2333 1390 2755 1449 permansere.

495 1449 789 1513 Ceterum
880 1448 1298 1529 Brengbirus⁸
1371 1454 1438 1513 et
1507 1449 1583 1511 H.
1664 1453 1727 1513 et
1800 1471 2013 1514 eorum
2093 1474 2396 1533 sequaces
2473 1457 2755 1537 corrupti

491 1534 761 1619 pecunia
825 1532 1098 1597 Lotiana
1158 1534 1411 1599 Lotium
1475 1533 1652 1612 mihi,
1714 1536 2008 1616 precibus
2054 1538 2407 1620 principum
2456 1540 2601 1603 olim
2650 1563 2757 1603 ac-

491 1620 762 1702 ceptatis
837 1625 900 1682 et
974 1620 1308 1683 ratificatis
1387 1620 1759 1685 vilissimam
1850 1619 2202 1686 Simoniam
2292 1626 2752 1704 praetulerunt.

491 1705 722 1787 Cogita
765 1710 856 1781 tu,
905 1725 1032 1784 quo
1077 1706 1142 1767 id
1188 1705 1381 1770 feram
1429 1706 1663 1771 animo,
1753 1704 1923 1769 Vale.

794 1802 917 1857 Cod.
954 1804 1087 1859 Frcf.
1127 1804 1244 1859 207.

483 1976 716 2047 (Gotha.)
1540 1912 1691 2029 173..
2165 1979 2235 2048 (n.
2278 1978 2357 2033 10.
2400 1981 2533 2049 Aug.
2572 1978 2749 2049 1512.)

1227 2089 1516 2161 Mutia-n
1564 2108 1661 2159 an
1704 2090 1983 2161 Urban.

483 2217 700 2284 (Urbem
731 2223 820 2270 riit
852 2234 984 2270 mom
1027 2217 1270 2271 Frieden.
1340 2218 1416 2271 M.
1449 2220 1565 2272 will
1596 2219 1712 2271 sich
1745 2220 1862 2271 dem
1896 2204 2033 2272 Rata
2072 2218 2243 2271 seinos
2303 2217 2541 2271 Genners
2590 2218 2746 2271 Stim-

479 2285 690 2354 meriny
743 2287 1106 2353 umemerfen,
1145 2286 1331 2354 jedoch
1365 2287 1450 2339 bei
1479 2288 1581 2340 den
1630 2288 1917 2341 Senatorem
1950 2304 2047 2339 um
2080 2288 2166 2339 die
2198 2287 2606 2339 Zao-iiclmahme
2656 2288 2747 2339 des

958 2355 1054 2420 fiir
1087 2354 1279 2408 Lotius
1311 2356 1577 2423 yefassten
1610 2356 1943 2409 Besehlusses
1977 2356 2264 2422 ersucken.)

597 2468 862 2520 Erudito
899 2471 962 2519 et
999 2468 1267 2528 sapienti
1300 2471 1439 2519 viro
1474 2470 1558 2520 Η.
1592 2470 1871 2528 Urbane,
1906 2440 2298 2530 philosopho,
2335 2469 2731 2528 presbytero,

816 2566 1148 2604 oeconomo
1186 2557 1249 2604 et
1285 2556 1482 2604 amico
1517 2556 1705 2615 primi
1739 2557 2005 2606 nominis
2038 2556 2127 2605 M.
2162 2553 2387 2606 Rufus.
2516 2569 2519 2573 ·

691 2665 753 2730 S.
845 2665 941 2728 Ex
989 2664 1229 2729 Urbani
1279 2667 1478 2730 nostri
1525 2667 1798 2747 epistola
1843 2665 2027 2730 melle
2066 2666 2307 2729 dulcior
2339 2665 2481 2728 fluit
2513 2665 2740 2742 oratic,

478 2759 550 2816 ut
594 2753 808 2816 minus
853 2753 938 2815 sit
980 2772 1120 2815 meo
1159 2751 1400 2833 judicio
1461 2751 1801 2815 mellifluus
1848 2757 2026 2833 pater
2070 2752 2311 2814 ordinis
2357 2749 2502 2814 tui.⁵
2597 2749 2738 2812 Non

478 2840 704 2919 loquor
749 2836 826 2900 de
882 2837 1178 2900 oratoriis
1241 2836 1470 2914 illiciis,
1537 2858 1903 2918 quanquam
1976 2837 2153 2900 nulla
2218 2836 2341 2899 tibi
2410 2836 2740 2918 pigmenta

477 2924 784 2988 sermonis
851 2923 1080 3000 desint,
1150 2922 1260 2986 sed
1307 2923 1384 2985 de
1429 2923 1635 2986 solida
1682 2925 1740 2986 vi
1788 2923 2269 2998 sententiarum,
2342 2920 2576 3002 quibus
2635 2943 2740 2984 me

477 3010 659 3091 quasi
727 3011 901 3088 cogis
963 3008 1049 3070 ire
1106 3007 1376 3090 pedibus
1421 3009 1482 3070 in
1533 3009 1915 3072 sententiam
1986 3014 2181 3071 tuam.
2272 3007 2427 3088 Ego,
2496 3007 2733 3087 inquiS,

474 3095 694 3158 ferrem
746 3093 1040 3175 injuriam
1091 3099 1154 3156 et
1197 3093 1360 3156 bene
1405 3115 1743 3175 sperarem.
1836 3093 2107 3158 Causam
2141 3094 2528 3164 annexuisti,
2560 3092 2732 3172 quod

471 3181 771 3244 interitus
815 3179 987 3242 Lotii
1031 3199 1155 3242 non
1205 3179 1409 3260 magis
1443 3179 1528 3242 sit
1560 3185 1937 3261 prorogatus
1970 3202 2161 3261 quam
2198 3177 2427 3242 Ρειιιίἰ.6
2503 3178 2732 3240 Verum

473 3267 540 3330 id
586 3270 717 3344 est3
764 3266 978 3328 veniet
1022 3263 1300 3339 tandem,
1349 3265 1459 3346 qui
1504 3265 1651 3328 finit
1692 3266 1925 3328 omnia.
2004 3264 2127 3329 Sed
2162 3265 2273 3346 qui
2306 3267 2535 3345 sperat,
2577 3263 2732 3344 quid

468 3351 670 3416 habet
699 3350 902 3414 certi?
961 3347 1226 3430 Sperare
1259 3370 1375 3413 nos
1400 3350 1633 3431 jubent
1662 3350 1965 3431 theologi,
1999 3356 2070 3413 ut
2100 3351 2218 3414 sub
2254 3349 2733 3431 exspectatione

474 3438 660 3502 nobis
727 3439 1064 3518 imponant
1124 3439 1189 3498 et
1249 3435 1367 3517 ipsi
1437 3457 1547 3517 pro
1616 3436 1791 3499 coelo
1858 3436 2142 3518 pollicito
2208 3436 2397 3498 rebus
2465 3437 2732 3497 utantur

474 3523 758 3586 terrenis
849 3522 986 3584 Huc
1052 3520 1234 3595 adde,
1301 3542 1483 3601 posse
1528 3521 1662 3583 fieri
1725 3528 1797 3584 ut
1862 3523 2055 3585 etiam
2122 3517 2546 3602 HenninguS,⁷
2618 3519 2729 3600 qui

469 3614 734 3674 senatus
780 3607 1088 3674 beneficio
1133 3605 1343 3669 adhuc
1389 3607 1690 3688 pinguius
1737 3607 1932 3670 habet
1977 3606 2195 3683 altare,
2232 3607 2421 3669 simili
2456 3604 2727 3668 artificio

466 3717 569 3758 me
631 3689 1046 3775 praeveniat.⁸
1137 3691 1366 3755 Totum
1437 3693 1763 3774 negotium
1833 3693 2031 3756 refero
2077 3693 2154 3754 ad
2203 3693 2481 3773 prudens
2544 3689 2729 3752 Som-

605 3829 624 3860 1
657 3828 804 3881 Asin.
823 3827 892 3891 II,
929 3826 1164 3880 SchluSS.
1201 3826 1318 3894 Vgl.
1343 3825 1581 3894 Adagien
1616 3827 1708 3879 des
1744 3826 2011 3880 Erasmus.
2120 3825 2208 3879 2S.
2231 3825 2333 3876 212
2354 3827 2411 3877 A.
2435 3826 2481 3876 7.
2566 3825 2587 3856 ⁸
2608 3825 2725 3877 Von

465 3896 650 3950 Kolen.
704 3897 803 3948 Ein
829 3895 1134 3963 Hartungus
1171 3911 1204 3948 a
1236 3895 1406 3948 Kolen
1431 3897 1510 3948 als
1535 3895 1793 3947 scultetus
1830 3898 2058 3963 genannt
2095 3895 2242 3947 1484.
2285 3893 2433 3947 1492.
2488 3891 2722 3959 Sagitt.

463 3965 498 4018 l.
535 3965 569 4018 ].
608 3983 656 4032 p.
695 3966 810 4018 376.
953 3966 976 3996 ⁴
1011 3965 1358 4017 Gothaischer
1391 3963 1659 4017 Ratshen·.
1732 3963 1831 4015 Ein
1866 3964 2095 4016 Jodocus
2147 3962 2415 4030 Brengber
2467 3962 2724 4014 scultetus

466 4034 616 4100 1492,
672 4034 756 4086 ein
791 4033 908 4086 Joh.
947 4033 1266 4100 Brengebier
1295 4033 1473 4100 junior
1515 4032 1769 4084 Ratsherr
1808 4033 1955 4084 1487.
2034 4031 2336 4098 Sagittar.
2375 4031 2407 4084 l.
2446 4031 2479 4082 l.
2519 4047 2566 4096 p.
2605 4031 2720 4084 384.

464 4106 485 4136 ⁵
519 4102 792 4155 Bernhard
847 4119 894 4154 v.
955 4103 1252 4155 Clairvaux.
1411 4103 1433 4132 ⁶
1467 4101 1756 4168 Myssener,
1812 4117 1904 4152 um
1958 4101 2147 4152 dessen
2209 4099 2441 4152 Pfffinde
2496 4115 2553 4150 es
2607 4099 2721 4150 sich

459 4171 720 4224 handelte.
785 4169 834 4224 S.
875 4169 974 4222 ‘213
1012 4173 1073 4223 A.
1101 4173 1144 4222 1.
1289 4171 1307 4201 '²
1345 4169 1532 4224 Goede.
1573 4170 1622 4222 S.
1663 4171 1727 4221 73
1764 4171 1825 4223 A.
1868 4171 1911 4222 1.
2055 4171 2075 4200 ⁸
2114 4171 2181 4221 M.
2221 4169 2503 4220 vorsuchte
2561 4168 2633 4218 im
2672 4167 2718 4220 J.

465 4241 600 4292 1514
637 4240 752 4292 sich
787 4255 911 4291 vom
949 4239 1305 4291 Gothaischen
1361 4238 1490 4290 Bate
1527 4239 1613 4289 dic
1650 4237 2039 4289 Anwaitschaft
2092 4239 2185 4289 auf
2233 4237 2435 4288 Goedes
2488 4236 2721 4288 Pfriinde

461 4325 530 4360 zu
564 4307 910 4371 verschaffen,
967 4307 1324 4374 entschuldigt
1376 4306 1494 4358 sich
1542 4307 1669 4359 aber
1720 4322 1884 4375 gegen
1939 4305 2171 4358 besliche
2229 4303 2718 4370 Unterstellungen:

457 4377 604 4496 ENgn
622 4377 902 4496 lHgnningi
941 4375 1163 4442 petendo
1201 4375 1378 4441 altare,
1415 4375 1507 4427 sed
1532 4375 1691 4426 fidem
1717 4375 1847 4426 mihi
1876 4375 2051 4426 datam
2074 4373 2139 4426 de
2158 4378 2409 4426 vacaturo
2426 4374 2722 4427 :renovavi.‹<

499 4460 528 4496 o
568 4486 578 4498 .
651 4447 682 4496 5
722 4486 732 4498 .
