3084 4895
1256 395 1465 460 Mutian
1504 423 1569 460 an
1610 389 1808 462 Urban.
2564 387 2647 473 35

392 587 562 661 rant,
627 604 768 646 cum
828 581 1103 644 indoctis
1169 579 1552 644 caecutiunt.
1641 578 1968 655 Nesciunt,
2045 581 2188 662 quis
2253 581 2339 644 sit.
2406 581 2648 646 fructus

394 692 581 734 verae
646 669 987 749 religionis
1082 665 1135 730 O
1197 666 1469 743 Urbane,
1536 667 1816 729 salvator
1884 670 2097 730 noster
2164 672 2262 730 est
2321 689 2526 750 agnus
2587 675 2648 732 et

393 760 630 838 pastor.
726 755 880 831 Quis
926 758 1023 816 est
1068 753 1345 816 salvator
1392 751 1656 815 noster?
1743 751 2027 829 Justitia,
2069 775 2193 834 pax
2228 759 2290 816 et
2323 755 2646 836 gaudium.

396 843 512 905 Hic
556 848 654 904 est.
704 841 1017 918 ChristuS,
1064 840 1173 920 qui
1221 840 1297 902 de
1342 839 1515 902 coelo
1577 839 1920 902 descendit.
2011 839 2301 919 Regnum
2362 841 2460 904 dei
2521 863 2646 904 non

392 934 489 991 est
534 929 716 992 cibus
764 933 829 990 et
872 931 1085 1007 potue,
1149 925 1256 988 sed
1312 925 1567 1006 just-itia
1597 935 1624 964 ⁸
1684 925 2029 988 secundum
2089 925 2276 988 fidem
2323 931 2387 990 et
2431 949 2652 991 secura

391 1015 828 1097 tranquillitas
876 1034 1015 1076 cum
1064 1011 1471 1075 humilitate.¹
1570 1011 1750 1074 Illum
1795 1011 2049 1073 calicem
2085 1012 2310 1074 salutis
2342 1014 2648 1094 accipiam

396 1108 461 1164 et
508 1123 737 1163 nomen
787 1099 1027 1163 domini
1075 1097 1403 1160 invocabo.
1496 1097 1696 1160 Istum
1745 1119 1972 1178 panemv
2003 1099 2367 1179 angelorum
2406 1101 2648 1163 utinam

395 1188 587 1267 digne
648 1185 1147 1249 comederemus!
1246 1182 1461 1265 „Meus
1528 1184 1708 1247 cibus
1769 1182 1929 1255 est“,
1987 1191 2058 1246 ut
2119 1185 2330 1265 inquit
2395 1191 2652 1249 aeterna

395 1275 649 1349 veritae,
697 1273 801 1334 lex
848 1273 1012 1337 viva.
1061 1278 1253 1351 caput
1298 1269 1618 1345 ecclesiae,
1659 1275 1770 1351 „ut
1797 1268 2023 1332 faciam
2059 1270 2448 1334 voluntatem
2496 1272 2647 1354 ejuS,

397 1360 505 1440 qui
554 1381 653 1422 me
700 1359 891 1430 misit,
941 1364 1005 1419 et
1048 1356 1341 1438 impleam
1390 1377 1551 1436 opus
1596 1354 1822 1437 ejuS.“²
1916 1355 1983 1419 Si
2032 1378 2178 1437 ergo
2213 1357 2308 1420 dei
2344 1358 2523 1421 cibus
2555 1365 2654 1422 est

396 1445 652 1508 obedire
715 1444 1031 1507 mandatis
1093 1443 1343 1518 divinis,
1405 1444 1459 1504 si
1504 1443 1851 1506 maximum
1907 1443 2348 1506 mandatorum
2409 1449 2522 1520 est,
2581 1450 2652 1508 ut

400 1533 582 1596 deum
642 1535 706 1593 et
761 1531 1117 1614 proximum
1192 1529 1562 1607 diligamus:
1631 1529 1860 1609 cogita,
1931 1529 2010 1591 mi
2084 1527 2350 1605 Urbane,
2413 1553 2493 1592 an
2559 1531 2649 1593 illi

398 1619 557 1682 mori
601 1625 769 1680 recte
816 1620 1153 1679 vescantur
1198 1614 1340 1677 cibo
1389 1615 1505 1690 dei,
1585 1615 1690 1695 qui
1750 1619 1977 1676 vorant
2038 1614 2278 1678 hostias
2325 1620 2387 1678 et
2432 1621 2652 1680 contra

398 1705 781 1768 christianae
827 1703 1069 1784 gratiae
1098 1713 1125 1740 ⁸
1170 1707 1634 1763 sacramentum
1684 1721 1899 1782 pacem
1947 1701 2212 1764 turbant
2258 1706 2322 1764 et
2365 1703 2510 1766 odia
2557 1725 2652 1766 se-

396 1788 695 1854 minant.³
807 1789 939 1851 Nos
1007 1792 1078 1850 ut
1147 1808 1372 1867 corpus
1439 1787 1678 1849 domini
1751 1787 2041 1849 decenter
2106 1788 2448 1868 capiamuS,
2529 1811 2651 1853 non

396 1876 600 1940 solum
670 1877 949 1957 mystice,
1015 1879 1320 1956 utsupra
1377 1873 1529 1948 dixi,
1594 1873 1700 1934 scd
1759 1873 1946 1935 etiam
2011 1873 2345 1937 visibiliter
2406 1876 2520 1952 vel,
2583 1881 2656 1939 ut

398 1963 681 2042 theologi
761 1962 1127 2044 loquuntur,
1204 1958 1767 2036 sacramentaliter,
1843 1959 2079 2039 parabo
2155 1961 2340 2023 nobis
2417 1968 2651 2026 vestem

404 2049 750 2131 nuptialem
810 2046 1048 2110 sanctis
1094 2051 1158 2108 et
1204 2047 1323 2126 piis
1374 2045 1709 2108 affectibus
1771 2046 1965 2107 veluti
2023 2047 2288 2125 gemmis
2345 2053 2652 2119 ornatam,

400 2141 473 2198 ut
523 2134 776 2198 luceant
820 2155 1011 2214 opera
1059 2137 1275 2195 nostra
1321 2153 1527 2194 coram
1577 2130 1942 2194 hominibus
1984 2139 2046 2194 et
2077 2131 2275 2195 Beata
2322 2131 2655 2214 Tranquil-

399 2222 549 2284 litas
590 2223 983 2300 inaugeatur.
1045 2219 1209 2281 Vale.
1268 2217 1521 2300 Raptim
1557 2241 1592 2280 a
1625 2218 1993 2280 muneribus
2024 2218 2170 2294 tuis,
2196 2224 2375 2300 pater
2399 2221 2653 2302 optime.

706 2319 827 2374 Cod.
864 2318 999 2372 Frcf.
1039 2318 1085 2370 2.

401 2510 588 2565 Gotha.
1475 2492 1577 2555 28.
2382 2530 2388 2535 ·
2460 2509 2656 2579 (1505.)

1157 2620 1445 2691 Mutian
1490 2640 1589 2688 an
1634 2619 1910 2690 Urban.

403 2724 811 2815 (lb-cu-mlschah
858 2749 1117 2801 mci-§chen
1166 2749 1396 2813 Mutian,
1456 2748 1653 2812 Urban,
1703 2749 1968 2816 Spalatin.
2043 2729 2452 2817 Auffordemny,
2501 2755 2658 2802 etwas

1050 2819 1146 2885 sim·
1181 2820 1265 2871 die
1298 2818 1569 2871 Naohwelt
1601 2835 1676 2870 zu
1709 2818 2011 2885 schreiben.)

461 2931 735 2981 Hem-ico
770 2931 1027 2982 Urbano
1064 2944 1395 2983 oeconomo
1432 2932 1768 2993 stelligero,
1805 2934 2003 2983 stellis
2038 2934 2330 2993 coeloque
2368 2934 2596 2994 dignis-

1272 3020 1424 3069 simo
1461 3019 1551 3069 M.
1587 3017 1810 3068 Rufum

612 3127 674 3191 S.
763 3128 924 3192 Illud
975 3130 1132 3193 bene
1168 3130 1405 3193 dictum
1442 3134 1562 3193 est:
1598 3130 1938 3193 amicorum
1987 3131 2201 3193 omnia
2249 3129 2658 3194 communia.²

408 3215 546 3291 Qua
592 3215 843 3297 quidem
894 3217 1337 3279 communione
1383 3216 1660 3279 devincti
1710 3238 1824 3279 nos
1869 3238 2062 3298 quum
2127 3218 2343 3293 simUS,
2407 3216 2660 3298 partici-

408 3324 631 3383 pamus
680 3306 919 3378 mutuo,
967 3303 1268 3384 quicquid
1319 3304 1502 3367 nobis
1560 3303 1712 3365 deus
1776 3303 2060 3365 indulsit.
2153 3302 2280 3365 Das
2326 3306 2394 3365 tu
2445 3324 2659 3367 caseos

409 3388 685 3450 melioris
754 3388 1006 3462 formae,
1079 3390 1192 3450 das
1260 3389 1578 3469 butyrum,
1649 3410 1824 3453 amas
1895 3396 2215 3469 praeterea
2283 3410 2414 3464 noe,
2486 3390 2660 3451 faves

408 3474 638 3536 studiis
684 3475 986 3555 antiquiS‚
1048 3475 1295 3550 doctuS,
1352 3475 1581 3551 bonus,
1645 3476 2154 3556 circumspectus,
2249 3474 2379 3556 Ego
2440 3480 2660 3537 contra

408 3582 581 3622 meas
649 3560 905 3623 divitias
963 3568 1169 3623 tecum
1239 3560 1509 3624 libenter
1575 3561 1982 3640 studioseque
2050 3560 2549 3635 communicabO,
2599 3568 2662 3624 et

408 3651 665 3727 propter
720 3646 1045 3709 caritatem
1108 3649 1202 3709 tui
1260 3648 1532 3710 nominis
1581 3652 1642 3709 et
1688 3648 2000 3728 propriam
2074 3647 2384 3728 Spalatini
2442 3648 2660 3729 singu-

412 3734 732 3814 laremque
781 3732 1182 3813 probitatem,
1228 3734 1437 3811 fidem,
1483 3732 1952 3814 simplicitatem
2003 3733 2316 3815 adjuvabo
2366 3756 2661 3815 praesens

412 3820 682 3881 amicum
715 3819 1325 3900 conjunctissimum,
1353 3820 1539 3883 etiam
1580 3820 1632 3881 si
1667 3819 1819 3899 quid
1842 3820 2385 3901 oppignorandum
2409 3822 2436 3858 b
2478 3821 2661 3883 nobis

553 4036 579 4063 ⁸
606 4022 653 4073 oi
690 4027 753 4073 st.
791 4022 846 4073 ti.
988 4027 1015 4063 b
1047 4022 1116 4073 So
1150 4028 1276 4075 stati
1313 4022 1772 4091 oppignerandum.

556 4092 570 4120 ¹
606 4090 1107 4158 Lieblingsgedanke
1142 4091 1387 4155 MutianS,
1418 4092 1516 4143 wic
1540 4092 1837 4157 uberhaupt
1859 4090 1941 4141 die
1962 4090 2320 4160 Bekampfung
2347 4093 2438 4145 der
2457 4100 2660 4146 {iusser-

413 4159 591 4211 lichen
632 4159 851 4212 Formon
890 4160 1223 4212 christlicher
1257 4159 1644 4229 Frommigkeit,
1665 4159 1985 4212 namentlich
2006 4160 2098 4210 des
2118 4157 2348 4219 Fastens,
2370 4163 2462 4214 des
2481 4163 2661 4230 Opfer-

411 4230 644 4280 dienstes
682 4229 791 4281 und
827 4230 919 4280 dcr
956 4230 1330 4282 monchischcn
1354 4222 1630 4297 Ubungen.
1703 4228 1908 4280 Beliebt
1943 4229 2013 4280 ist
2047 4228 2184 4279 auch
2221 4230 2304 4280 die
2341 4233 2663 4300 Anspielung

412 4298 507 4350 auf
558 4299 701 4349 scine
754 4298 942 4351 »Beata
994 4299 1385 4366 Tranquillitas«
1440 4300 1493 4350 in
1548 4298 1731 4351 Gotha.
1874 4298 1894 4328 ²
1935 4300 1976 4348 l.
2023 4296 2140 4349 Joh.
2191 4299 2239 4359 4,
2289 4302 2368 4352 34.
2512 4304 2531 4333 ³
2571 4304 2663 4355 :vlit

416 4366 727 4434 Beziehung
760 4368 853 4419 auf
884 4368 967 4419 die
1005 4369 1399 4437 Aufeindungen
1437 4369 1610 4419 seiner
1645 4366 2040 4431 Mitkanoniker,
2091 4366 2173 4417 die
2211 4368 2301 4419 ihu
2337 4370 2415 4423 als
2450 4370 2660 4438 Poeten,

412 4436 771 4503 Philosophen
808 4437 913 4488 und
950 4437 1200 4503 Freigeist
1239 4439 1610 4490 verkctzerten.
1751 4437 1772 4466 ⁴
1805 4435 1913 4487 Ter.
1952 4436 2048 4488 Ad.
2087 4435 2150 4500 V,
2188 4437 2235 4503 3,
2277 4440 2353 4489 17.

2163 4507 2254 4569 3*
