3084 4895
1193 381 1402 447 Mutian
1440 408 1509 445 an
1546 380 1810 462 Spalatin.
2380 417 2388 424 ·
2534 385 2613 461 19

377 561 596 646 regula
663 566 816 632 mire
882 565 1190 648 congruit.
1303 563 1572 628 Valeant
1635 565 1888 629 barbari
1955 571 2018 630 et
2082 567 2247 632 inter
2314 569 2616 636 barbaros

380 653 816 734 superbientes
861 655 925 715 et
971 650 1372 729 contentiosi,
1400 663 1427 691 ⁸
1472 652 1580 734 qui
1628 651 1801 726 mihi,
1850 674 2035 735 quem
2081 655 2265 719 unice
2311 658 2507 720 vereri
2555 663 2617 722 et

379 741 580 803 colere
627 739 946 814 deberent,
975 739 1003 777 b
1046 736 1440 801 stomachum
1489 737 1749 801 faciunt.
1844 738 2118 803 Cottidie
2164 741 2445 822 gliscunt
2488 765 2615 808 ser-

380 847 595 890 mones
639 823 1100 902 contumeliosi,
1146 825 1442 900 minaceS,
1490 824 1718 886 acerbi.
1809 825 2083 890 Tantum
2130 829 2314 891 abest
2358 832 2431 892 ut
2476 830 2615 893 Mu—

378 913 554 974 tiano
603 911 1028 974 concanonico
1075 910 1440 990 glorientur,
1487 916 1560 972 ut
1604 911 1793 973 etiam
1830 934 1927 973 me
1960 913 2211 992 longius
2256 914 2477 978 abesse
2509 939 2614 979 cu-

380 999 574 1080 piant.
668 996 790 1060 Sed
838 997 1036 1059 velint
1082 997 1306 1064 nolint.
1353 995 1645 1058 indoctos
1690 997 1899 1059 odisse
1946 999 2067 1061 nisi
2112 1003 2359 1062 tanturn
2406 1023 2615 1066 amore

381 1085 573 1164 paciS,
623 1085 841 1146 doctos
872 1104 1081 1144 amare
1117 1104 1438 1162 nunquam
1474 1083 1775 1144 desinam.
1868 1082 2033 1160 Vale,
2066 1086 2386 1148 carissime
2419 1094 2614 1168 pater,

378 1171 505 1234 imo
554 1169 764 1250 frater,
810 1171 936 1231 imo
981 1175 1160 1249 pater
1206 1175 1270 1231 et
1315 1170 1522 1230 frater.
1618 1167 1765 1230 Vale
1810 1173 1872 1232 et
1916 1170 2103 1233 salve.
2196 1171 2291 1234 Ex
2338 1173 2568 1239 Gotha.

639 1341 647 1347 ο
685 1269 804 1324 Cod.
841 1268 972 1322 Frcf.
1009 1270 1092 1321 41.

377 1423 610 1493 (Gotha.)
957 1443 960 1446 ·
1446 1408 1545 1471 18.
2277 1425 2409 1496 (sun
2445 1428 2615 1496 1505.)

1070 1535 1361 1606 Mutian
1405 1556 1500 1606 an
1546 1533 1909 1622 spalatin.

579 1663 985 1728 (Gliiclcwunsch
1016 1681 1122 1718 mor
1156 1664 1480 1733 Anstelluny.
1555 1663 1721 1733 Klaye
1754 1665 1880 1718 iiber
1912 1665 2010 1717 den
2044 1664 2420 1734 mitaneas.)

838 1779 1100 1830 Erudito
1138 1779 1404 1841 Geor-gio
1441 1780 1764 1840 spalatino
1802 1781 1889 1829 M.
1925 1777 2145 1830 Buffls.

581 1889 647 1955 Si
712 1891 905 1963 vales,
939 1905 942 1908 ’
971 1890 1126 1954 bene
1173 1894 1303 1967 est3
1352 1912 1467 1953 nos
1512 1895 1576 1954 et
1620 1890 1825 1954 omnis
1884 1890 2123 1954 familia
2178 1890 2298 1953 diis
2340 1892 2616 1974 benigne

374 1976 750 2040 afflantibus
782 1977 1079 2040 valemus
1172 1975 1372 2058 Saepe
1419 1981 1483 2039 et
1526 1977 1793 2039 multum
1842 1977 2075 2058 rogavi,
2122 1978 2457 2059 postulavi,
2503 1979 2615 2042 fla-

373 2063 593 2143 gitavi,
645 2069 967 2144 tamquam
998 2075 1022 2101 ⁰
1068 2064 1132 2124 in
1179 2066 1244 2125 te
1288 2084 1414 2125 uno
1463 2063 1630 2126 vitae
1676 2084 1849 2125 meae
1897 2083 2077 2144 prora
2111 2070 2173 2126 et
2204 2065 2433 2146 puppis
2464 2086 2614 2128 con-

373 2151 640 2212 sisteret.
731 2148 913 2211 Volui
981 2151 1146 2212 enim
1213 2155 1294 2226 te,
1357 2170 1540 2229 quem
1608 2149 1860 2231 penitus
1921 2170 2159 2226 noram,
2215 2171 2292 2212 ex
2342 2150 2504 2216 bello
2551 2158 2614 2214 et

375 2255 586 2316 pugna
646 2235 1204 2298 bellacissimorum
1250 2237 1314 2298 in
1362 2236 1560 2298 otium
1618 2236 1944 2298 traducere
1991 2237 2088 2298 uti
2134 2234 2451 2300 hominem
2503 2239 2615 2300 mi-

379 2323 545 2384 nime
591 2321 977 2385 bellicosum.
1072 2321 1526 2398 Animadverti,
1582 2328 1891 2404 quantum
1939 2321 2276 2386 abhorreas
2322 2345 2357 2385 a
2406 2344 2615 2405 pugna

371 2409 498 2470 ista
542 2407 794 2483 forensi,
843 2412 1151 2489 quantum
1198 2430 1236 2470 a
1281 2406 1611 2472 fraudibus
1657 2413 1721 2471 et
1770 2408 2031 2472 malitia.
2110 2409 2425 2491 Perspexi,
2472 2411 2613 2492 qui-

375 2495 494 2556 bus
540 2495 767 2557 studiis
812 2495 1145 2557 incumbas
1192 2498 1255 2557 et
1298 2493 1470 2576 quali
1517 2499 1580 2557 te
1625 2496 1881 2575 ingenio
1930 2495 2179 2558 donarit
2239 2496 2613 2559 immortalis

375 2581 548 2642 deus
641 2578 763 2644 Sed
812 2581 1017 2643 adhuc
1063 2581 1154 2643 ita
1201 2585 1380 2643 erant
1424 2581 1683 2659 incerta,
1744 2602 1908 2661 quae
1954 2581 2137 2644 nobis
2187 2581 2475 2646 Urbanus
2518 2584 2614 2645 in-

372 2666 672 2739 sinuavit,
718 2670 791 2730 ut
835 2667 1019 2747 quasi
1065 2668 1415 2748 suspicarer
1449 2688 1548 2729 me
1580 2688 1829 2749 operam
1869 2667 2233 2749 perdidisse.
2323 2666 2611 2732 Sabbato

370 2773 518 2815 vero
565 2753 872 2833 proximO,
922 2753 1091 2833 quod
1137 2773 1328 2833 penes
1375 2752 1671 2815 abbatem
1721 2756 1873 2829 erat,
1911 2759 2156 2817 creatus
2202 2775 2267 2816 es
2311 2756 2613 2836 magister

375 2838 737 2902 sodalitatis
783 2838 1246 2901 Bernardianae
1291 2839 1388 2901 vel
1435 2840 1649 2918 potius
1695 2842 2059 2920 praeceptor
2121 2839 2323 2903 derasi
2382 2842 2611 2922 gregiS,

380 2946 572 3005 quum
623 2924 726 2987 ille
771 2925 1004 2987 rectius
1051 2925 1336 3005 magistri
1369 2924 1625 2987 nomine
1655 2930 2001 3004 censeatur,
2035 2926 2141 3007 qui
2174 2932 2424 3007 praeest
2463 2948 2613 2990 con-

379 3012 734 3090 gregationi
779 3010 920 3091 plus
969 3010 1190 3073 ceteris
1235 3016 1482 3091 potenS,
1518 3012 1649 3073 sive
1681 3011 1968 3073 cellarius
2000 3012 2130 3074 sive
2163 3011 2437 3076 decanus
2482 3014 2614 3077 sive

377 3096 597 3159 abbas,
691 3096 1083 3176 Quamquam
1132 3101 1195 3159 et
1243 3097 1645 3177 paedagogus
1689 3098 1885 3160 latine
1929 3098 2228 3179 magister
2274 3098 2518 3162 dicatur
2550 3104 2612 3163 et

371 3183 684 3264 professor
732 3182 1083 3246 liberalium
1144 3185 1393 3246 artium.
1489 3184 1787 3263 Alioquin
1845 3182 2083 3247 Gellius
2137 3185 2611 3249 amantissimus

369 3269 624 3347 linguae
685 3290 982 3331 romanae
1031 3270 1292 3331 nonita
1339 3269 1671 3331 scriberet:
1742 3268 1981 3351 „Quum
2043 3270 2211 3349 apud
2275 3272 2608 3351 magistros

373 3356 641 3417 Athenis
701 3354 1068 3417 essemus“¹
1163 3354 1460 3418 Gratulor
1519 3376 1665 3436 ergo
1727 3354 1846 3418 tibi
1893 3360 1953 3418 et
1999 3356 2152 3418 mihi
2198 3359 2261 3418 et
2307 3356 2502 3419 Musis
2548 3362 2613 3420 et

369 3440 605 3504 Beatae
653 3440 1147 3521 Tranquillitati.
1193 3462 1356 3521 quae
1403 3440 1535 3503 sola
1582 3462 1805 3503 sanare
1850 3445 2061 3521 potest
2104 3442 2298 3504 animi
2331 3443 2608 3517 vulnera,

369 3548 534 3608 quae
579 3550 614 3589 a
663 3528 892 3589 Stoicis
941 3527 1092 3590 meis
1137 3527 1337 3591 morbi
1407 3528 1805 3607 appellantur
1851 3532 1913 3589 et
1961 3526 2123 3589 mala
2192 3528 2440 3591 mentis
2531 3529 2613 3593 Et.

369 3616 522 3677 sunt
567 3636 631 3676 re
676 3636 837 3676 vera.
930 3610 1255 3694 Siquidem
1304 3634 1500 3694 quum
1535 3614 1770 3676 avulsis
1803 3612 2097 3676 vitiorum
2132 3613 2435 3696 stirpibus
2466 3636 2609 3679 cum

367 3722 500 3761 una
531 3700 967 3781 indignatione
995 3710 1022 3738 ⁸
1069 3702 1132 3762 et
1163 3700 1687 3762 excandescentia
1721 3699 1952 3761 bellurn
1984 3720 2194 3780 geram
2227 3700 2607 3764 intestinum

369 3786 550 3867 (quia
599 3808 693 3847 me
737 3786 1120 3867 perditorum
1177 3785 1609 3849 malivolentia
1652 3790 1715 3848 et
1760 3785 2139 3848 obtrectatio
2202 3786 2470 3851 subinde
2515 3788 2608 3851 la*

369 3872 564 3933 cessit
595 3880 657 3933 et
688 3872 938 3949 irritat),
986 3872 1236 3951 quoties
1280 3871 1535 3934 titulum
1582 3868 1841 3951 januae²
1888 3872 2157 3947 intueor,
2200 3874 2431 3935 sensim
2467 3897 2611 3937 eva-

371 3958 576 4020 nescit
621 3958 1024 4020 conturbatio
1059 3968 1085 3995 ²²
1129 3958 1332 4020 instar
1380 3957 1645 4020 nebulae
1690 3964 1833 4039 post
1878 3962 2083 4021 ortum
2129 3958 2299 4027 solis,
2332 3964 2401 4022 ut
2434 3965 2607 4023 tran-

368 4043 752 4125 quillitatem
802 4042 997 4106 animi
1044 4043 1252 4125 pictae
1297 4042 1346 4105 T
1351 4044 1769 4125 ranquillitati
1818 4044 2098 4123 debeam,
2132 4066 2293 4126 quae
2326 4048 2423 4108 sui
2456 4068 2607 4110 con-

367 4129 677 4212 templatu
724 4130 1164 4211 philosophiae
1210 4134 1566 4193 commonet
1612 4136 1675 4192 et
1720 4152 1971 4194 securos
2018 4151 2132 4194 nos
2179 4129 2347 4194 facit.
2427 4131 2609 4213 Piget

508 4280 534 4306 o,
563 4265 609 4316 ci
643 4269 709 4317 st.
745 4264 800 4318 ti.
941 4268 969 4305 b
1000 4264 1258 4317 debebant
1295 4263 1442 4316 Pena.
1583 4278 1606 4305 ο
1634 4267 1900 4333 tanquam..

513 4337 527 4364 ¹
562 4334 603 4391 1,
641 4333 687 4385 2.
829 4333 848 4365 ²
883 4333 1070 4387 »Beata
1123 4333 1529 4401 Tranquillitas«
1598 4334 1664 4393 So
1710 4335 1831 4386 sehr
1876 4334 2051 4401 haufig
2099 4351 2191 4386 zur
2239 4334 2609 4403 Bezeichnung

367 4402 540 4455 seines
576 4402 811 4468 Wesens.
2108 4474 2145 4537 2
2170 4472 2203 4509 *
