3084 4895
1230 416 1278 467 Μ
1288 417 1440 467 utian
1477 429 1547 467 an
1585 412 1785 467 Urban.
2508 415 2629 478 201

371 588 494 652 etsi
541 588 708 652 desit
752 587 928 664 illud,
991 591 1247 670 propter
1305 589 1475 670 quod
1535 586 1857 652 Scariotes
1944 588 2271 651 dominum
2330 586 2626 668 prodidit.

369 675 541 738 Vale.

675 753 799 808 Cod.
835 755 969 810 Frcf.
1007 757 1090 812 90.

367 908 600 977 (soffia.)
1439 892 1580 956 153.
2293 907 2633 974 (1510—11.)

1120 1002 1411 1073 Mutian
1453 1023 1555 1073 an
1597 1001 1877 1072 Urban.

369 1109 588 1175 (Urban
621 1111 722 1164 soll
753 1110 870 1163 sich.
907 1111 1059 1164 nicht
1092 1117 1250 1166 anter
1283 1113 1383 1166 den
1415 1112 1800 1171 unceis-amdan,
1850 1110 2236 1165 anmassenden
2270 1108 2640 1162 Benedildiner
2750 1071 2755 1077 ¹

365 1179 558 1242 stellare,
605 1179 706 1232 den
738 1197 796 1232 er
843 1179 1012 1232 durch
1064 1180 1472 1234 Gelekrsafmkeit
1513 1181 1631 1234 und
1684 1180 1843 1243 Geist,
1890 1195 2043 1232 wenn
2094 1178 2233 1232 auch
2277 1177 2426 1230 nicht
2468 1178 2635 1231 dwreh

373 1247 730 1300 Gewandtlaeit
747 1248 811 1300 in
829 1247 1246 1301 Rechtshdndeln
1263 1249 1524 1317 ilberrayt.
1556 1249 1688 1302 Will
1705 1249 1804 1301 den
1819 1248 2123 1301 eltemlosen
2140 1245 2384 1299 Andreas
2399 1245 2634 1314 Jn‘ffifen.)

531 1359 636 1410 Ad
669 1361 996 1412 Urbanum
1031 1364 1424 1422 quaestorem
1457 1339 1747 1414 urbicum
1780 1361 2160 1412 monasticae
2193 1360 2543 1420 majestatis

1359 1449 1448 1498 M.
1482 1447 1708 1499 Rufus.

574 1538 638 1603 S.
707 1539 1086 1620 Coenobita,
1121 1563 1307 1624 quem
1344 1542 1690 1621 nominas,⁸
1719 1540 1743 1575 ²
1776 1563 1999 1625 parum
2032 1544 2131 1605 est
2157 1545 2367 1635 tersus
2399 1542 2632 1614 orator,

365 1625 545 1690 rudis
612 1626 957 1704 literarum,
1027 1629 1197 1693 altus
1250 1628 1318 1690 in
1378 1628 1695 1707 barbaria,
1755 1632 2010 1693 tantum
2074 1644 2362 1711 κριτικος
2422 1630 2505 1702 et,
2560 1628 2635 1688 ut

366 1709 637 1776 Plautus
682 1709 944 1792 inquit,³
991 1713 1330 1777 comitialis
1374 1713 1436 1776 h.
1479 1735 1530 1776 e.
1578 1714 1933 1778 tractandis
1976 1713 2201 1776 litibus
2246 1711 2634 1775 exercitatus

366 1800 433 1861 et
478 1797 754 1860 comitiis
799 1797 1070 1862 deditus.
1163 1797 1289 1862 Cur
1335 1799 1530 1881 igitur
1574 1799 1863 1863 eruditus
1909 1799 2050 1862 rudi
2082 1797 2363 1878 assurgis
2394 1801 2458 1860 et
2487 1803 2633 1860 tan-

367 1903 561 1964 quam
606 1883 671 1945 in
704 1883 1021 1947 scribendi
1067 1885 1390 1966 palaestra
1433 1890 1496 1948 te
1528 1885 1772 1963 vicerit,
1819 1885 2081 1948 herbam
2113 1881 2461 1965 porrigis‘?⁸
2505 1882 2635 1946 Au-

367 1967 522 2032 disti
569 1969 754 2032 credo
801 1969 1293 2051 grandiloquum
1340 1972 1404 2033 in
1455 1975 1643 2035 coetu
1688 1991 2063 2052 magnorum
2111 1968 2326 2032 fuisse.
2416 1968 2635 2031 Inanis

365 2057 584 2118 tumor
626 2057 779 2117 erat.
869 2053 1098 2136 Neque
1128 2077 1257 2119 rem
1305 2078 1512 2138 neque
1545 2057 1738 2120 verba
1771 2056 2087 2138 probares.
2182 2053 2381 2134 Atqui
2414 2054 2636 2117 demus

368 2139 582 2204 fuisse.
680 2140 764 2202 At
807 2143 878 2204 tu
920 2163 1092 2204 nunc
1137 2141 1259 2204 eris
1299 2143 1493 2224 'longe
1539 2143 1891 2206 sublimior.
1982 2139 2226 2204 Scribit
2269 2140 2339 2215 Q.
2375 2137 2635 2202 Curtius

367 2226 533 2288 male
576 2224 876 2290 humanis
922 2227 1198 2307 ingeniis
1248 2231 1541 2292 naturam
1588 2227 2009 2302 consuluisse,
2051 2225 2221 2307 quod
2268 2226 2637 2306 plerumque

368 2333 497 2376 non
548 2309 763 2374 futura
823 2313 932 2376 sed
993 2316 1320 2376 transacta
1379 2312 1876 2395 perpendimus¹⁵
1968 2311 2251 2375 Palmam
2310 2311 2634 2393 promitto,

367 2397 557 2461 modo
613 2397 702 2460 sis
755 2397 1155 2463 ambitiosae.
1245 2397 1510 2481 Ingenio
1560 2403 1624 2464 et
1669 2398 1960 2464 doctrina
2013 2396 2321 2461 abundas,
2414 2394 2636 2460 Solum

367 2487 434 2547 te
489 2483 692 2547 vineit
749 2506 866 2547 sua
937 2484 1208 2547 notabili
1280 2486 1665 2565 arrogantia.
1776 2484 2016 2561 Quodsi
2082 2482 2217 2547 foro
2282 2482 2633 2563 litibusque

367 2568 774 2641 renuntiasti,
836 2568 986 2633 stilo
1033 2590 1320 2650 provoca.
1421 2570 1567 2633 Non
1623 2591 1857 2652 quaero
1916 2568 2335 2632 delinimenta
2384 2567 2635 2631 aurium

369 2657 434 2718 et
478 2653 557 2717 ad
603 2653 876 2735 gratiam
927 2660 1310 2737 comparata,
1359 2676 1747 2737 quamquam
1795 2659 1860 2720 et
1904 2676 1978 2719 ea
2021 2654 2196 2735 ipsa3
2242 2653 2447 2735 magis
2493 2652 2635 2716 volo

368 2740 692 2822 vulgarem
754 2761 939 2803 usum
987 2744 1051 2803 et
1098 2740 1348 2804 brevem
1405 2741 1753 2805 aulicorum
1814 2762 1986 2804 more
2040 2740 2396 2816 formulam,
2443 2759 2634 2819 quam

367 2825 558 2907 plane
602 2825 990 2908 expressisti.
1082 2825 1340 2902 IteratO,
1397 2826 1568 2907 quod
1625 2825 1801 2889 facis.
1892 2825 2063 2887 Bene
2122 2825 2397 2888 scribere
2451 2824 2639 2887 docet

368 2910 556 2974 stilus
613 2911 892 2974 usitatus
939 2914 1004 2973 et
1049 2911 1458 2975 cottidianus.
1550 2911 1638 2976 Ut
1682 2910 1837 2974 haec
1881 2911 2240 2988 scriberem,
2288 2910 2441 2972 fecit
2484 2898 2635 2991 ἡμί-

366 2993 674 3079 ’φαυλοςσ
718 3000 888 3059 tuus
956 2994 1195 3060 Erravi.
1285 2997 1417 3060 Imo
1465 3001 1635 3061 tuus.
1711 2997 1948 3077 Magna
1992 2999 2092 3059 est
2136 2996 2304 3059 enim
2351 2998 2416 3058 et
2460 2998 2637 3057 arcta

367 3080 699 3144 Benedicti
762 3083 826 3143 et
879 3080 1183 3143 Bernardi
1255 3082 1579 3163 cognatiO.
1691 3080 1816 3145 Sed
1877 3082 2047 3145 hunc
2109 3084 2352 3162 patrem
2414 3100 2635 3161 super-

368 3165 652 3229 bientem
701 3164 988 3229 strictius
1033 3186 1312 3247 pungam
1362 3171 1426 3230 et
1470 3167 1709 3230 dictum
1773 3167 1837 3229 in
1900 3169 2123 3248 poetas
2178 3165 2370 3229 etiam
2430 3163 2635 3227 bonos

369 3251 688 3325 invadam,
735 3253 801 3313 et
842 3251 1088 3314 merit0.
1179 3251 1419 3315 Balbus
1481 3252 1648 3315 enim
1716 3252 1791 3315 de
1838 3250 2131 3314 facundis
2189 3271 2315 3313 non
2368 3248 2630 3331 judicet.

368 3335 460 3399 De
507 3336 607 3399 his
666 3335 994 3399 hactenus
1088 3335 1403 3399 Andream
1465 3335 1721 3400 orbum⁷
1785 3336 2186 3399 examinabo.
2280 3334 2350 3397 Si
2405 3338 2631 3409 cetera,

370 3442 533 3501 quae
589 3441 832 3483 morum
894 3424 1069 3498 sunt,
1145 3422 1690 3503 suffragabuntur,
1759 3422 1999 3485 sentiet
2046 3425 2343 3503 patruum
2398 3418 2633 3482 indolis

368 3528 520 3569 suae
565 3509 794 3569 testem
843 3504 1055 3569 fuisse.
1149 3506 1318 3571 Vale.

677 3604 800 3658 Ood.
837 3604 971 3658 Frcf.
1013 3604 1128 3659 204.

514 3745 543 3774 ι
570 3729 678 3783 Am
712 3731 933 3783 Raude:
969 3730 1253 3785 Feden'cus
1287 3732 1623 3785 Reinhartzb.

508 3800 524 3830 ¹
560 3799 594 3851 J
596 3799 728 3852 udas
770 3798 1042 3853 Ischariot.
1186 3802 1206 3832 ⁹
1242 3800 1397 3857 Naoh
1431 3801 1524 3853 der
1566 3799 1891 3868 Randglosse
1936 3800 2009 3852 ist
2054 3799 2288 3867 gemeint
2331 3798 2630 3852 Fridericus

366 3882 681 3920 oeconomus
715 3883 819 3934 vop
854 3867 1334 3921 Reinhardsbrunn.
1371 3868 1490 3937 Vgl.
1511 3868 1563 3922 S.
1588 3870 1656 3922 33
1691 3870 1753 3922 A.
1778 3870 1826 3921 3.
1882 3868 2131 3921 Del-selbo
2169 3867 2313 3920 hatte
2347 3868 2487 3920 nach
2508 3867 2629 3919 dem

363 3934 482 4003 folg.
522 3935 615 3989 Br.
651 3934 734 3987 die
767 3938 1074 4005 Ausserung
1108 3937 1331 4005 gethan:
1378 3937 1599 3991 »Poeten
1635 3937 1925 3990 verderben
1968 3936 2056 3989 die
2092 3935 2524 3988 Universitiiten.«
2565 3935 2629 3987 In

365 4002 538 4055 einem
575 4006 814 4071 spateren
839 4004 923 4058 ΒΓ.
962 4003 1110 4071 (Cod.
1139 4004 1262 4071 194)
1301 4005 1598 4058 besohwert
1632 4004 1747 4057 sich
1781 4004 1984 4057 Mutian
2020 4004 2259 4068 dariiber,
2297 4004 2419 4056 dass
2444 4019 2502 4056 er
2534 4003 2629 4055 ihu

364 4070 690 4125 veraohtlich
728 4072 880 4123 einen
916 4072 1114 4125 Poeten
1149 4077 1396 4142 genennt.
1493 4075 1514 4105 ³
1547 4073 1707 4125 Poen.
1744 4072 1840 4138 ΙΙΙ,
1878 4073 1927 4129 2,
1962 4072 2010 4126 6.
2096 4074 2117 4104 ⁴
2152 4071 2277 4125 Sioh
2310 4072 2395 4124 fiir
2428 4072 2631 4140 besiegt

363 4140 614 4192 erklaren.
651 4142 764 4192 Aus
801 4140 902 4193 den
922 4141 1158 4208 Adagien
1181 4142 1274 4194 des
1293 4142 1560 4194 Erasmus.
1652 4144 1674 4174 ⁶
1702 4140 1843 4195 Curt.
1880 4140 1999 4194 Rus.
2036 4140 2116 4193 De
2186 4142 2283 4193 est.
2304 4140 2453 4193 Alex,
2478 4140 2625 4205 VIII,

363 4210 412 4272 6,
451 4210 496 4261 l.
605 4209 628 4240 ⁶
645 4207 1074 4265 Halbstammler.
1111 4210 1344 4261 hernach
1379 4210 1578 4272 balbuS‚
1616 4210 1710 4262 der
1733 4208 2105 4261 Benediktiner
2214 4208 2426 4261 edrich.
2464 4208 2624 4261 Rein-

366 4275 700 4329 hardsbrunn
735 4292 846 4329 war
879 4278 965 4328 ein
1001 4276 1582 4330 Benediktinerkloster.
1694 4279 1713 4310 ⁷
1730 4277 1831 4329 Ein
1867 4277 2173 4330 verwaister
2208 4277 2360 4329 Neffe
2397 4276 2620 4343 UrbanS,

363 4346 537 4410 spater
577 4343 903 4411 Nepotianus
945 4353 1174 4413 genannt
1217 4346 1326 4398 und
1372 4361 1474 4399 von
1509 4346 1690 4398 Urban
1725 4344 1781 4397 in
1816 4344 2004 4397 Dienst
2037 4360 2363 4414 genommen.
2420 4342 2624 4397 Mutian

363 4411 571 4465 scheint
619 4411 966 4483 beabsichtigt
1021 4429 1090 4467 zu
1122 4414 1310 4481 haben,
1361 4414 1456 4466 ihn
1504 4429 1574 4467 zu
1620 4412 1821 4467 seinem
1868 4413 2222 4469 Amanuensis
2268 4429 2337 4467 zu
2379 4413 2619 4467 macheu.
