3084 4895
1213 465 1400 522 Urban
1437 483 1504 520 an
1541 466 1807 536 spalatin.
2523 469 2647 534 143

381 655 662 725 (Leipzig.)
1457 639 1597 703 116.
2133 653 2292 722 (nach
2326 654 2455 724 Mai)
2494 657 2643 710 1509.

1100 765 1359 836 Urban
1405 786 1503 834 an
1550 763 1945 850 Spalatin.¹

379 894 929 962 (Flreundsokaftliehe
975 893 1346 960 Ermahnuny,
1393 893 1494 944 den
1528 893 1685 945 Alton
1730 893 1812 945 bei
1858 893 1993 960 Hofe
2040 911 2115 946 κη
2148 899 2400 962 erm-aym,
2447 894 2531 945 bei
2562 894 2654 950 der

381 963 692 1030 Erxiehuny
726 964 818 1014 der
837 963 1153 1014 vor-nahmen
1169 960 1392 1013 Knaben
1427 961 1567 1013 auch
1602 961 1712 1028 auf
1734 963 1821 1014 die
1848 963 2167 1015 Gesandheit
2194 963 2453 1014 derselben
2484 962 2653 1014 durch

262 1111 270 1118 ⁶
380 1033 558 1099 Pfleye
590 1031 941 1098 kb‘rperlicker
989 1019 1243 1097 Ubunycn
1277 1029 1565 1081 Ru‘eksickt
1599 1047 1675 1082 zu
1695 1031 1930 1082 uelamen.
1967 1030 2187 1097 Aue-fall
2208 1048 2367 1099 qeyen
2390 1031 2488 1082 den
2511 1029 2615 1082 Abt
2617 1032 2651 1096 )

488 1144 754 1197 Erudito
789 1146 1088 1206 magistro
1124 1143 1392 1203 Gom-gio
1433 1142 1779 1202 Spellatium
1815 1143 2056 1193 doctori
2089 1145 2413 1204 principis,
2448 1156 2561 1193 suo

1107 1228 1476 1278 amicissimo
1511 1229 1596 1278 H.
1615 1227 1928 1277 Urbanus.

601 1337 666 1402 S.
761 1339 1164 1420 Quamquam
1213 1359 1338 1401 non
1386 1359 1460 1400 ea
1505 1337 1571 1399 in
1604 1359 1704 1399 me
1735 1342 1833 1400 est
1866 1337 2137 1400 eruditio
2171 1342 2283 1400 aut
2314 1338 2653 1419 prudentia

390 1429 457 1487 et
496 1424 830 1505 judicium,
877 1429 951 1486 ut
997 1427 1212 1503 putem
1258 1426 1324 1485 te
1371 1423 1654 1502 indigere
1700 1423 1963 1486 consilio
2010 1445 2178 1486 meo:
2237 1424 2508 1504 perculit
2553 1445 2652 1486 me

389 1516 604 1572 tamen
653 1509 998 1588 singularis
1043 1530 1219 1572 amor
1266 1509 1330 1570 in
1363 1512 1428 1570 te
1473 1530 1673 1585 meua,
1721 1513 1794 1570 ut
1823 1513 1886 1570 te
1935 1509 2237 1571 benevole
2280 1509 2655 1572 admoneam

393 1617 506 1676 pro
555 1601 779 1657 mutua
823 1601 890 1656 et
921 1594 1252 1656 individua
1298 1599 1517 1656 nostra
1550 1593 1989 1675 germanitate.
2057 1593 2190 1675 Ego
2222 1595 2389 1657 enim
2436 1596 2501 1656 in
2534 1593 2653 1656 hac

395 1681 617 1743 schola
690 1679 1106 1761 pythagorica
1165 1679 1421 1742 sedulus
1491 1683 2025 1758 nugamentorum
2090 1680 2343 1743 auditor
2407 1685 2658 1761 praeter

391 1767 774 1848 quisquilias
820 1765 979 1828 nihil
1028 1765 1169 1846 lego
1217 1770 1280 1828 et
1325 1763 1605 1827 absurda
1649 1763 2001 1845 frivolaque
2046 1765 2476 1846 sophistarum
2526 1765 2657 1826 dic-

398 1856 539 1914 tata
589 1852 866 1914 nativam
916 1851 1114 1913 aciem
1173 1851 1410 1931 ingenii
1467 1848 1839 1912 obtundunt
1885 1854 1951 1911 et
1993 1849 2320 1926 hebetant,
2384 1851 2540 1912 adeo
2587 1855 2658 1912 ut

392 1959 494 1998 me
557 1936 793 2000 frustra
854 1936 934 1999 ad
993 1936 1320 2018 politiores
1381 1935 1706 1997 doctrinas
1766 1935 2018 2013 inviteS,
2078 1957 2289 2013 acuas,
2351 1935 2657 2016 impellas

397 2023 540 2086 Non
587 2022 872 2085 urbanus
918 2042 1057 2084 sum
1092 2026 1155 2083 et
1186 2021 1386 2084 literis
1432 2020 1704 2082 literatis
1738 2020 1934 2101 probe
1968 2020 2196 2096 cultuS,
2228 2024 2303 2082 ut
2332 2019 2662 2083 Mutianus

396 2112 615 2170 noster
677 2107 1032 2183 existimat,
1121 2105 1309 2169 homo
1370 2106 1583 2185 gravis
1640 2109 1704 2168 et
1759 2106 2033 2168 disertus
2088 2108 2365 2185 tuaeque
2436 2105 2663 2168 salutis

397 2195 526 2256 imo
583 2198 839 2255 nostrae
902 2197 1334 2273 propugnator
1394 2191 1767 2270 acerrimus3
1831 2191 1940 2253 sed
2000 2191 2270 2270 agrestis
2325 2195 2547 2273 stupor
2600 2195 2667 2253 et

397 2278 610 2341 infans
658 2277 1041 2354 bacillariuS,
1095 2299 1309 2339 verum
1358 2297 1484 2338 non
1531 2278 1624 2339 ita
1670 2298 1913 2353 caecus,
1962 2278 2116 2358 quin
2164 2277 2349 2339 utilia
2396 2284 2461 2338 et
2490 2280 2664 2339 recta

399 2385 656 2426 narrare
703 2364 822 2426 tibi
892 2363 1148 2444 possim.
1241 2361 1464 2424 Testor
1524 2383 1732 2425 meum
1789 2362 1852 2423 in
1900 2366 1965 2424 te
2010 2362 2295 2424 animum
2348 2365 2413 2425 et
2455 2361 2667 2436 fidem,

401 2450 564 2513 nihil
610 2447 790 2512 aliud
838 2470 936 2511 me
981 2449 1270 2525 scribere,
1323 2470 1515 2529 quam
1564 2447 1732 2530 quod
1782 2447 2181 2512 conducibile
2227 2447 2495 2510 credam.
2545 2446 2668 2509 Ta-

405 2536 574 2597 citus
621 2536 742 2598 tibi
790 2534 1052 2598 cottidie
1097 2534 1311 2596 fausta
1356 2540 1419 2595 et
1451 2554 1755 2613 prospera
1801 2533 2049 2597 ominor
2095 2537 2158 2595 et
2203 2534 2388 2596 deum
2430 2554 2671 2615 precor,

410 2627 487 2684 ut
533 2625 596 2682 te
642 2620 1054 2683 favorabilem
1112 2621 1277 2681 tanti
1334 2619 1514 2701 pueri
1580 2620 2019 2700 paedagogum
2076 2624 2423 2682 conservet.
2524 2618 2671 2681 Scio

413 2706 652 2788 quippe
701 2728 827 2768 non
860 2706 1076 2768 deesse
1110 2706 1347 2767 victum
1385 2709 1448 2766 et
1477 2705 1803 2779 vestitum,
1854 2726 1979 2767 non
2014 2706 2362 2767 mercedem
2398 2708 2460 2767 et
2490 2726 2672 2785 prae-

406 2794 553 2867 mia,
608 2792 726 2854 hoc
769 2797 868 2853 est
915 2792 1138 2853 dotata
1192 2790 1517 2866 beneficia,
1576 2790 1761 2851 modo
1822 2791 2107 2869 gradum,
2168 2810 2355 2870 quem
2416 2791 2481 2852 in
2528 2790 2676 2852 aula

406 2877 716 2959 principis
777 2877 961 2959 quasi
1017 2875 1268 2939 theatro
1326 2876 1757 2956 assignarunt,
1815 2875 2026 2938 officio
2084 2879 2147 2937 et.
2201 2876 2673 2955 perseverantia

403 2970 642 3025 tueare.
738 2962 807 3023 In
858 2982 983 3043 quo
1032 2962 1083 3023 si
1131 2960 1284 3042 quid
1333 2960 1765 3022 molestiarum
1816 2962 2033 3030 sentis,
2083 2960 2146 3022 id
2194 2982 2379 3023 omne
2426 2959 2677 3023 fortiter

413 3047 742 3109 ferendum
793 3068 1035 3109 censeO.
1110 3046 1310 3108 Nemo
1346 3045 1625 3107 lauream
1675 3051 1949 3107 meretur
1982 3051 2044 3109 et
2077 3052 2370 3107 auratum
2406 3063 2678 3124 currum,

411 3134 534 3196 nisi
583 3132 692 3214 qui
738 3132 984 3194 fortiter
1030 3132 1264 3194 fecerit.
1361 3132 1521 3193 Aula
1578 3152 1903 3211 nunquam
1967 3132 2171 3193 caruit
2216 3132 2673 3193 simultatibus,

363 3294 372 3299 ι
413 3219 571 3294 Quis
617 3225 749 3280 tam
797 3217 1088 3292 stolidus,
1145 3222 1218 3279 ut
1264 3237 1477 3278 eorum
1527 3216 1711 3278 cedat
1758 3218 2153 3290 insolentiae,
2224 3218 2335 3296 qui
2382 3218 2678 3279 humani-

410 3306 568 3367 tatis
617 3303 832 3365 studia
878 3309 944 3365 et
984 3304 1130 3365 odio
1179 3302 1419 3364 habent
1464 3306 1527 3363 et
1575 3300 1897 3363 ludibrio?
1987 3301 2162 3364 Sat-is
2195 3308 2291 3365 est
2322 3303 2671 3383 gratiosum

413 3412 551 3451 esse
598 3389 766 3471 apud
813 3388 1088 3469 inclytos
1135 3388 1345 3462 duces,
1394 3387 1627 3468 quibus
1674 3392 1737 3449 te
1771 3391 1883 3449 tua
1915 3388 2139 3466 pietas
2190 3386 2544 3467 integ1·itaS‚
2579 3388 2677 3449 in-

421 3477 738 3551 nocentia,
801 3473 1046 3553 religio,
1103 3473 1502 3535 continentia
1557 3475 1622 3532 et
1680 3472 2011 3534 literatura
2067 3472 2433 3534 conciliant.
2526 3472 2679 3534 Fin-

425 3582 654 3641 gamus
700 3580 839 3621 eese
885 3559 1239 3621 seniculum
1285 3558 1637 3629 lividulum,
1686 3557 2143 3631 mordaculum‚
2190 3557 2314 3619 tibi
2344 3557 2683 3621 infensum.

417 3644 514 3707 An
579 3645 724 3708 huic
783 3644 1184 3707 maledicenti
1248 3642 1707 3705 remaledices‘?
1796 3642 2075 3705 Minime.
2169 3640 2324 3717 Quis
2381 3643 2680 3705 laudatur

415 3730 645 3805 verius,
696 3751 884 3827 quarn
935 3730 1036 3792 cui
1097 3729 1498 3791 maledicitur
1554 3749 1590 3788 a
1638 3726 1805 3790 malo
1861 3726 2039 3790 viro?
2127 3726 2326 3790 Senes
2385 3728 2675 3791 delirant.

417 3816 629 3877 Etiam
677 3817 728 3877 si
775 3815 937 3877 fatui
997 3815 1128 3877 sint
1173 3821 1235 3876 et
1282 3815 1611 3888 immense,
1674 3819 1885 3875 tamen
1942 3817 2201 3895 propter
2260 3818 2535 3877 aetatem
2583 3814 2675 3877 fe-

417 3901 614 3963 rendi.
706 3898 846 3962 Non
898 3901 984 3961 sis
1030 3900 1330 3980 querulus
1377 3905 1440 3961 et
1483 3898 1715 3959 flebilis
1762 3904 2069 3981 tauquam
2118 3920 2299 3976 anuS,
2360 3921 2523 3981 quae
2570 3922 2676 3963 ca-

418 3985 644 4067 pellam
695 3986 985 4066 perdidit.
1062 3983 1204 4047 Non
1252 3991 1349 4046 est
1379 3984 1764 4047 aerumnalis
1811 3984 1989 4046 labor
2023 3984 2266 4046 erudire
2297 3984 2679 4047 lectissimos

423 4070 742 4133 Camillos
828 4068 1004 4132 Tolle
1050 4069 1390 4132 cruciabile
1435 4067 1797 4150 suspirium.
1875 4068 2137 4131 Nobiles
2170 4071 2403 4140 cirrati,
2437 4092 2685 4133 summo

423 4157 560 4219 loco
596 4156 746 4227 nati,
773 4155 909 4226 alti,
939 4156 1210 4223 educati,
1237 4156 1490 4217 mollius
1522 4154 1902 4216 instituendi
1928 4159 2094 4225 sunt,
2126 4177 2250 4217 non
2277 4156 2689 4218 inclementer

429 4242 812 4322 castigandi.
907 4240 1087 4303 Facis
1133 4261 1322 4320 quam
1373 4262 1484 4320 par
1527 4246 1625 4301 est
1679 4241 2009 4317 curiosius,
2066 4242 2174 4319 qui
2222 4241 2520 4303 auriculis
2565 4241 2693 4303 illis

566 4393 683 4445 ιΙιι
719 4393 921 4445 diesem
960 4393 1044 4444 Br.
1087 4394 1342 4462 entledigt
1376 4395 1491 4447 sich
1526 4394 1709 4447 Urban
1744 4394 1837 4445 des
1874 4394 1945 4443 im
1984 4392 2199 4461 vor-igen
2222 4392 2308 4443 Br.
2348 4407 2450 4443 von
2484 4390 2691 4445 Mutian

425 4463 804 4530 empfangenen
838 4462 1130 4529 Auftrages.
