3084 4895
799 414 1011 479 Mutian
1050 440 1120 478 an
1157 412 1361 479 Urban.
1431 424 1643 477 Mutian
1681 440 1751 477 an
1788 422 1853 477 H.
1894 420 2189 478 Eberbach.
2507 425 2633 491 573

372 598 600 681 placet.
696 594 894 676 Atqui
953 594 1227 659 habetur
1289 594 1589 659 inimicus
1647 594 1849 659 nostri
1917 594 2157 658 ordinis
2218 600 2555 679 corruptus
2600 620 2639 661 a

374 682 640 765 perditis
686 680 1143 744 sacerdotibus.
1219 679 1355 743 Hoc
1402 679 1558 742 mihi
1602 679 1913 761 displicet.
2010 677 2472 744 Subornandus
2521 684 2639 745 erit

378 773 442 830 et
505 767 737 830 blande
796 765 1235 847 appellanduS,
1281 772 1354 828 ut
1401 766 1636 827 nostris
1695 765 1905 827 favere
1966 766 2231 846 incipiat
2296 780 2360 829 et
2406 769 2640 831 nostris

377 853 456 917 ad
505 851 852 915 amicitiam
925 851 1060 932 ejus
1126 855 1418 931 receptus
1483 850 1688 913 detur.
1778 849 1917 913 Nisi
1987 872 2085 912 me
2152 850 2335 913 fallat
2403 854 2638 935 opiniO.

377 936 732 1001 tractabilis
765 935 899 998 erit.
997 935 1236 999 Paulus
1266 934 1743 1017 Holtegellum,¹
1782 935 2175 1015 Holtegellus
2208 935 2637 1001 Crebennam²

377 1022 616 1086 creabit
676 1019 918 1084 auxilio
983 1018 1326 1085 CotioniS.⁸
1415 1018 1603 1084 Cotio
1661 1020 1991 1083 invidebat
2048 1021 2341 1102 Pyrrh0.‘
2429 1023 2528 1087 Ob
2573 1024 2637 1087 id

376 1108 680 1191 praetulit
749 1104 1168 1170 Crebennam.
1279 1104 1442 1169 Illud
1513 1106 1821 1183 mirabile,
1897 1128 2041 1169 cum
2108 1106 2345 1170 Paulus
2412 1113 2474 1171 et
2542 1111 2638 1172 sui

379 1193 720 1258 credantur
763 1213 902 1255 esse
946 1191 1412 1273 religiosissimi
1457 1194 1521 1253 et
1567 1190 1751 1253 valde
1796 1190 1998 1271 probi,
2046 1213 2156 1254 cur
2184 1192 2388 1256 bonas
2422 1193 2639 1257 literas

375 1282 441 1342 et
500 1298 616 1341 nos
683 1276 891 1339 ferant
954 1279 1248 1359 graviter.
1339 1276 1412 1338 In
1483 1297 1755 1353 summa,
1824 1277 1934 1358 qui
2002 1276 2169 1340 dixit
2234 1282 2642 1357 „batbatc1,⁴·,⁸

375 1364 828 1428 solertissimus
889 1368 987 1425 est
1045 1362 1351 1439 omnium,
1400 1360 1506 1423 sed
1556 1362 1732 1423 intus
1778 1366 1844 1423 et
1888 1362 1951 1424 in
2002 1366 2147 1425 cute
2194 1363 2527 1445 vulpecula
2576 1369 2639 1429 et

377 1449 666 1513 dolosum
738 1446 1024 1510 animal.‘
1116 1446 1326 1521 SoluS,
1387 1450 1458 1508 ut
1504 1446 1620 1521 aie,
1681 1446 2157 1527 Engelmannus
2228 1449 2475 1529 integer
2542 1456 2639 1514 est

376 1535 637 1603 amicus,
731 1532 866 1595 Hoc
933 1539 1143 1595 tamen
1220 1553 1346 1595 non
1415 1530 1676 1594 sufficit.
1770 1530 2171 1595 Conciliandi
2233 1540 2383 1597 sunt
2447 1535 2637 1599 etiam

376 1619 652 1702 tyranni.
743 1615 812 1681 Si
884 1618 1109 1699 placet,
1170 1617 1504 1681 occasione
1564 1616 1742 1678 fandi
1805 1616 2023 1681 oblata
2088 1618 2261 1681 dicas
2331 1618 2639 1684 notarioz⁶

382 1705 656 1785 „Amice,
707 1724 904 1783 nuper
949 1702 1280 1765 Mutianus
1325 1702 1446 1765 tibi
1493 1702 1557 1763 in
1605 1702 1809 1764 literis
1854 1701 2079 1765 adme
2124 1704 2379 1785 scriptis
2424 1710 2641 1786 gratu—

378 1789 654 1865 labatur,
699 1788 868 1869 quod
917 1793 990 1851 tu
1035 1788 1187 1850 talis
1233 1785 1444 1872 (novit
1474 1787 1644 1849 enim
1681 1791 1740 1849 te
1775 1786 1959 1867 bene)
1990 1787 2198 1851 factus
2231 1790 2318 1851 sis
2350 1790 2642 1855 Dudonis

376 1895 720 1939 successor.
813 1871 1044 1936 Omnia
1090 1873 1260 1936 bona
1306 1873 1381 1936 de
1428 1876 1492 1935 te
1538 1872 1782 1948 scribit,
1830 1873 1956 1936 imo
1990 1877 2055 1936 et
2087 1874 2352 1939 eruditis
2400 1876 2642 1941 clericis

378 1960 742 2025 laetandum
795 1980 930 2021 esse
975 1963 1209 2032 censet,
1259 1958 1430 2039 quod
1477 1957 1599 2021 sub
1644 1962 1759 2021 tuo
1806 1957 1924 2021 hoc
1975 1960 2350 2041 magistratu
2409 1963 2639 2043 quieti-

379 2067 521 2109 ores
565 2046 964 2124 tutioresque
1009 2047 1216 2107 erunt.
1309 2042 1551 2120 Scribe,
1601 2043 1694 2105 vir
1726 2045 1983 2126 optime,
2031 2049 2095 2107 et
2138 2047 2409 2126 gratiam
2448 2048 2641 2111 Muti·

376 2132 486 2195 ani
551 2128 896 2194 instaura.“
991 2127 1430 2210 Respondebit
1485 2129 1551 2191 in
1613 2130 1787 2192 omni
1855 2150 2081 2210 genere
2150 2130 2364 2209 officii,
2427 2136 2499 2195 ut
2544 2138 2643 2196 est

377 2217 763 2298 optimarum
812 2214 1042 2278 artium
1107 2213 1324 2277 studio
1369 2218 1436 2276 et
1479 2215 1653 2277 vitae
1706 2215 2073 2278 innocentia
2119 2237 2193 2279 ac
2240 2215 2643 2283 humanitate

377 2301 687 2383 singulari
747 2299 1090 2383 praeditae.
1185 2299 1299 2363 His
1358 2298 1549 2363 rebus
1612 2300 1983 2364 constitutis
2042 2301 2096 2363 si
2159 2301 2239 2364 ad
2299 2325 2399 2366 me
2443 2306 2641 2386 scrip-

385 2388 559 2464 serit,
607 2386 850 2470 capiam
897 2389 960 2449 et
1004 2384 1238 2449 tenebo
1281 2387 1510 2449 toturn.
1604 2383 1773 2450 Vale.
2284 2386 2289 2393 '

690 2486 812 2540 Ood.
848 2485 983 2540 Frcf.
1021 2483 1139 2538 508.

1395 2611 1420 2640 d

380 2674 614 2743 (eotha.)
1425 2658 1572 2721 510.
2176 2676 2257 2731 21.
2296 2677 2407 2729 auli
2445 2677 2641 2747 (1515).

994 2785 1287 2858 Mutian
1330 2806 1430 2856 an
1473 2787 1563 2855 H.
1608 2784 2027 2856 Eberbach.

381 2917 407 2982 (
415 2913 702 2981 Vorwic’rfe,
738 2914 864 2967 dass
898 2931 957 2966 er
996 2914 1144 2968 nicht
1200 2920 1272 2968 ier
1305 2915 1422 2968 das.
1437 2915 1691 2968 Interesse
1722 2913 1894 2967 seinos
1928 2914 2166 2968 Bruders
2200 2916 2265 2968 in
2299 2916 2438 2969 Rom
2481 2918 2648 2986 ιὴᾶιῲ

370 2998 604 3050 yewesen
637 2982 753 3034 und
783 2982 882 3035 das
916 2983 1032 3036 dem
1067 2983 1106 3036 I
1189 2984 1291 3051 wiy
1330 2983 1557 3036 Thomas
1591 2983 1874 3036 verliehene
1929 2984 2157 3037 Gotkaer
2201 2984 2510 3038 Kanom‘lcat
2554 2987 2647 3042 hat

530 3051 747 3118 mtyehn
782 3052 971 3114 lassen,
1007 3053 1124 3104 und
1159 3053 1559 3120 Auffmderuny
1602 3051 1735 3104 Geld
1763 3051 1903 3104 nack
1938 3053 2076 3106 Rom
2110 3069 2185 3104 κα
2216 3053 2494 3111 schielcen.)

528 3165 786 3216 Doctori
820 3165 902 3216 Η.
939 3166 1352 3226 Aperbacoho
1387 3139 1761 3226 philosopho
1798 3168 1861 3216 et
1895 3165 2135 3216 medico
2172 3170 2495 3226 praestan-

1199 3252 1437 3303 tissimo
1471 3251 1562 3301 M.
1597 3249 1819 3301 Rufus.

588 3360 650 3423 S.
743 3359 1062 3425 Maximae
1127 3362 1250 3426 tibi
1323 3384 1510 3426 curae
1581 3362 1685 3440 sit,
1746 3365 1820 3425 ut
1873 3383 2013 3425 esse
2080 3362 2286 3439 debet,
2362 3362 2644 3444 Petrejus

379 3445 594 3521 frater,
658 3446 837 3527 cujus
899 3449 1364 3529 exspectationi
1421 3468 1533 3528 pro
1598 3449 1836 3530 pietate
1881 3453 1995 3510 tua
2039 3448 2091 3510 si
2140 3449 2410 3529 negligis
2455 3450 2644 3512 satis-

377 3531 604 3605 facere,
653 3532 936 3611 profecto
984 3539 1256 3596 vestram
1318 3533 1573 3610 famam,
1639 3533 2178 3597 existimationem
2247 3533 2645 3617 salutemque

381 3639 778 3680 communem
849 3617 1134 3681 offendis.
1247 3619 1368 3695 Qui
1436 3619 1675 3682 Romae
1740 3619 2001 3701 degunt,
2071 3620 2241 3699 quod
2309 3624 2378 3682 tu
2451 3621 2645 3701 probe

383 3702 574 3777 nosti,
622 3703 842 3764 multis
892 3703 1183 3784 indigent
1227 3709 1364 3768 tum
1412 3705 1663 3785 opibuS,
1698 3705 2008 3786 cognatis,
2044 3705 2363 3774 affinibus,
2400 3705 2641 3774 amicis,

379 3793 518 3850 tum
596 3789 788 3851 etiam
864 3789 1242 3853 assiduitate
1318 3791 1746 3870 procuratoris
1812 3791 1875 3852 in
1950 3791 2171 3871 patria.
2287 3789 2444 3854 Nam
2521 3793 2643 3854 nisi

521 4021 549 4049 α
577 4005 684 4058 Am
720 4007 908 4060 Raude
924 4027 941 4059 .·
980 4007 1234 4061 Volscum
1271 4007 1530 4074 intelligit.

523 4076 539 4106 ¹
576 4075 742 4128 Jacob
778 4075 1020 4144 Holtegel
1057 4078 1121 4129 de
1156 4076 1426 4130 Eimbeck.
1463 4075 1807 4128 immatrikul.
1829 4075 1883 4127 in
1904 4075 2248 4129 E1·fu1†1494.
2287 4075 2642 4130 Bacul.1501.

381 4141 493 4195 Dn's
546 4143 659 4198 Jac.
716 4143 994 4212 Holczegel
1052 4145 1222 4198 bacul.
1273 4147 1374 4212 jur.
1439 4145 1588 4199 1510.
1661 4144 1789 4208 (Erf.
1845 4143 2019 4212 Matr.)
2182 4146 2201 4176 ²
2237 4144 2335 4196 Ein
2392 4143 2645 4196 Nicolaus

380 4211 651 4280 (Grefenn)
690 4212 880 4266 Reberi
917 4215 982 4265 de
1020 4213 1349 4267 Greffenauw
1388 4214 1458 4264 ist
1491 4213 1548 4264 in
1585 4213 1685 4265 Erf.
1726 4211 1833 4265 Ost.
1879 4213 2007 4280 1497
2048 4212 2535 4282 (Weissenborn
2573 4213 2645 4278 ΙΙ,

381 4279 503 4347 201)
541 4280 842 4346 immatrik.,
869 4282 953 4334 ein
975 4283 1242 4334 Johannes
1267 4283 1539 4334 Grefenaw
1567 4280 1653 4333 Ma
1690 4281 1853 4332 untin.
1893 4281 2023 4334 dioc.
2064 4281 2315 4334 Wittenb.
2356 4279 2463 4333 Ost.
2498 4283 2641 4333 1511.

381 4347 812 4403 Forstemann
861 4367 908 4417 p.
961 4351 1044 4406 36.
1188 4353 1208 4383 ²³
1242 4349 1588 4416 Sommering.
1702 4390 1711 4401 .
1751 4349 1851 4402 ‘239
1889 4353 1948 4403 A.
1988 4351 2036 4403 6.
2183 4352 2202 4381 ⁴
2236 4348 2286 4401 S.
2322 4349 2422 4400 565
2460 4351 2520 4400 A.
2565 4349 2643 4402 10.

450 4419 471 4448 ⁵
505 4417 725 4470 Voltzke
762 4420 899 4472 nach
935 4420 1027 4471 der
1061 4419 1408 4488 Randglosse„
1470 4417 1522 4470 S.
1559 4419 1624 4469 81
1666 4421 1726 4470 A.
1766 4418 1811 4472 2.
1953 4419 1976 4450 ⁶
2012 4418 2297 4483 Crebenna.
