3084 4895
1256 396 1467 450 Mutian
1504 411 1573 447 an
1607 393 1778 462 Lang.
2516 392 2645 457 619

390 574 667 639 cabaleis
700 578 764 637 et
794 572 1120 637 cabalistis
1165 575 1511 633 nascantur
1540 569 1699 631 meri
1731 568 1959 631 caballi
1993 570 2057 630 et
2089 588 2292 629 novus
2337 563 2644 628 scaturiat

390 661 534 724 fons
580 659 953 723 caballinus,
1044 658 1246 721 Nocet
1290 658 1456 719 enim
1504 654 1891 733 nocebitque
1938 653 2310 735 opinionum
2345 649 2642 731 simplici-

388 747 513 810 tati
556 750 687 809 tam
736 746 1005 819 curiosa,
1050 748 1182 805 tam
1229 742 1465 805 abdida
1513 740 1805 802 scrutari.
1893 738 2064 801 Bene
2114 737 2269 812 vale,
2305 737 2390 799 mi
2424 733 2646 797 huma·

390 832 652 896 nissime
700 831 932 911 Lange.
1024 826 1349 893 Suicerus¹
1402 826 1606 889 noluit
1652 826 1789 887 sine
1829 825 2028 888 literis
2074 822 2152 885 ad
2203 828 2264 885 te
2312 820 2642 903 proficisci.

391 918 511 982 Ter
556 918 911 997 imperavit,
958 919 1031 978 ut
1076 913 1433 988 scriberem,
1482 915 1546 973 et
1591 909 1777 991 plane
1823 910 2204 993 impetravit,
2253 908 2373 971 etsi
2407 904 2644 988 Pytha-

393 1024 598 1083 goraa
659 1005 735 1065 ut
799 1002 991 1077 vides»,
1058 1019 1317 1062 manum
1386 994 1775 1059 retraxerit.²
1863 996 2095 1059 Iterum
2168 993 2308 1056 vale
2377 997 2441 1055 et
2507 1013 2649 1054 ama

392 1088 710 1170 Petrejum
758 1092 822 1150 et
868 1086 1088 1149 doctos
1151 1082 1354 1147 nostri
1414 1081 1672 1145 ordinis
1762 1081 2028 1144 Eidibus
2084 1080 2228 1142 Mai.
2320 1077 2486 1155 Quid
2553 1075 2650 1139 tui

396 1171 773 1237 Cretenses?
886 1172 1087 1238 Orant
1156 1180 1291 1233 nea
1359 1168 1712 1242 mendaceS‚
1787 1167 1992 1229 malae
2066 1166 2329 1241 bestiae,
2398 1166 2650 1225 ventres

394 1260 577 1340 pigri,
604 1257 1137 1339 quemadmodum
1172 1256 1385 1319 noster
1408 1252 1647 1317 Paulus
1677 1253 1742 1318 in
1777 1252 1992 1318 schola
2024 1257 2355 1339 poetarum
2389 1248 2652 1314 edoctus

393 1344 731 1410 memoriae
775 1338 1135 1427 prodidit?³

2096 1423 2440 1489 Matienus,

681 1529 845 1594 0011.
882 1527 1083 1583 Camer.
1122 1529 1322 1583 Monac.
1360 1526 1514 1595 Vni,
1551 1526 1632 1580 30.
1672 1525 1992 1597 Autograph‚

402 1718 633 1790 (Gotha.)
1451 1700 1598 1766 551.
2305 1710 2420 1784 (um
2458 1708 2656 1783 1518.)⁴

1166 1827 1457 1899 Mutian
1500 1846 1605 1900 an-
1641 1825 1878 1912 Lang.

1042 1960 1068 2027 (
1076 1946 1210 2014 &ber
1239 1958 1478 2013 Beadetus’
1526 1957 1682 2013 Werk
1715 1974 1832 2011 vom
1867 1954 2010 2023 Asa.)

479 2073 727 2135 Optimo
763 2074 981 2135 Lange
1015 2075 1230 2137 priori,
1264 2073 1616 2135 theologiae
1651 2074 2029 2125 christianae
2064 2068 2397 2122 candidato
2433 2081 2576 2121 can·-

1342 2158 1703 2211 <fidissimo-⁶

612 2270 823 2347 Sal-ve,
898 2276 1081 2353 pater
1154 2276 1404 2353 patrum
1497 2270 1892 2333 venerandae
1982 2267 2204 2332 classis
2296 2264 2655 2347 Augustini.

400 2354 725 2420 Gallorum
790 2361 1061 2439 utraque
1119 2357 1341 2439 lingua
1399 2355 1812 2420 eruditissimi
1876 2354 2115 2418 Budaei
2161 2354 2238 2416 de
2283 2375 2423 2416 asse
2469 2347 2657 2432 opus⁶

399 2443 549 2508 olim
596 2443 835 2526 perlegi
878 2447 942 2508 et
987 2443 1210 2508 habeo,
1302 2442 1562 2509 Utinam
1628 2465 1778 2507 cura
1821 2464 2026 2505 rerum
2073 2443 2243 2504 esset
2287 2438 2655 2502 ordinatior.

402 2527 628 2610 Coegit
692 2529 914 2605 multa,
984 2531 1094 2593 sed
1162 2530 1600 2594 tenebricosus
1655 2534 1719 2593 et
1773 2527 2052 2592 difficilis
2119 2529 2237 2590 est.
2323 2523 2660 2606 Elegantia.

403 2614 737 2678 verborum
803 2615 991 2679 nimis
1036 2616 1231 2680 anxia
1276 2620 1339 2679 et
1386 2616 1625 2697 ubique
1671 2635 1938 2678 morosa.
2027 2613 2099 2676 In
2146 2611 2318 2677 notis
2363 2615 2657 2675 autorum

400 2700 696 2765 libertate
742 2701 1000 2764 omnino
1048 2703 1267 2766 utitur.
1361 2701 1617 2783 Alioqui
1679 2700 1950 2783 plurima
1993 2699 2181 2762 laude
2227 2699 2480 2780 dignus,
2570 2696 2662 2759 De

401 2807 527 2868 quo
575 2790 791 2851 noster
836 2787 1137 2851 Erasmus
1189 2787 1555 2869 „Budaeus“
1606 2787 1819 2869 inquit
1879 2786 2104 2868 „homo
2169 2805 2484 2866 nusquam
2532 2802 2658 2845 non

402 2871 989 2953 diligentissimus.“
1081 2873 1154 2936 In
1200 2895 1475 2936 summa:
1540 2873 1875 2954 „pondera‚
1921 2892 2248 2935 mensuras
2295 2867 2556 2950 corrigit
2601 2871 2666 2930 et

406 2956 765 3034 numeros“,
798 2959 969 3040 quod
1017 2963 1113 3022 est
1160 2959 1488 3041 Baptistae
1536 2958 1869 3021 Mantuani
1914 2953 2432 3040 pentametrum.⁷
2523 2953 2664 3016 Meo

396 3043 635 3124 judicio
696 3066 793 3108 res
846 3049 975 3107 tam
1025 3043 1281 3107 abditae
1329 3066 1455 3107 non
1503 3047 1658 3107 sunt
1701 3030 1812 3104 ἐπ’
1862 3033 2016 3105 ὄνου
2071 3042 2388 3105 collectae.
2494 3039 2663 3104 Con-

402 3129 595 3192 feram
644 3151 763 3210 ego
804 3134 987 3192 tuum
1037 3130 1266 3192 librum
1334 3151 1474 3192 cum
1532 3151 1691 3207 me0,
1747 3127 1854 3190 sed
1917 3133 2180 3190 autumo
2247 3127 2401 3189 nihil
2467 3125 2663 3187 inter-

402 3235 537 3277 esse
612 3215 778 3278 inter
852 3215 1023 3278 hunc
1099 3219 1161 3278 et
1235 3215 1434 3293 illum,
1526 3213 2041 3294 quandoquidem
2131 3217 2399 3293 uterque
2487 3209 2666 3272 labor

404 3299 864 3364 Ascensianum
927 3300 1237 3364 artificem
1299 3298 1640 3382 agnoscit.⁸
1732 3299 1868 3362 Tua
1927 3299 2279 3380 paternitas
2325 3318 2467 3360 cum
2514 3296 2664 3359 doc-

401 3387 652 3449 tissimo
686 3386 985 3467 theologo
1026 3386 1185 3450 bene
1232 3387 1458 3450 valeat.
1552 3384 1789 3449 Scribit
1820 3384 1902 3447 M.
1938 3385 2194 3447 Curius:
2249 3381 2433 3464 „Sed‚
2466 3380 2667 3444 amice

402 3492 651 3552 magne,
696 3472 828 3534 noli
872 3470 1037 3534 hanc
1082 3473 1416 3554 epistolam
1463 3472 1680 3534 Attico
1727 3467 2157 3534 ostendere.“⁹
2245 3469 2379 3551 Ego
2411 3488 2667 3549 quoque

538 3655 566 3683 a
594 3640 757 3693 Orant
790 3655 894 3706 me,
930 3639 1065 3692 wohl
1096 3638 1453 3692 verschrieben
1488 3657 1592 3692 aus
1631 3641 1780 3693 orant
1814 3656 1880 3692 ne
1915 3660 1984 3678 22-
2019 3641 2250 3691 erantne.

546 3711 560 3740 ¹
598 3709 706 3761 Dor
738 3707 1021 3760 Helvetius
1056 3708 1112 3760 in
1146 3707 1232 3760 ΒΓ.
1272 3709 1389 3762 541.
1505 3710 1526 3740 ²
1561 3709 1681 3762 Von
1703 3708 1821 3761 hier
1855 3724 1923 3762 an
1957 3707 2173 3776 beginnt
2207 3705 2291 3760 die
2326 3705 2672 3759 Handschrift

403 3778 526 3831 sehr
577 3777 801 3844 fliichtig
853 3793 921 3828 zu
972 3777 1197 3830 werden.
1341 3777 1362 3808 ³
1394 3776 1587 3840 Κρῆτες
1635 3774 1712 3826 αἐὶ
1762 3779 1994 3839 ψεῦσται,
2043 3773 2168 3824 κακοὶ
2221 3777 2386 3840 θηρία,
2441 3778 2670 3838 γαστέρες

401 3843 563 3910 ἀργαί.
622 3845 772 3898 Paul.
810 3846 878 3898 ad
912 3844 1008 3898 Tit.
1052 3847 1098 3908 1,
1140 3845 1217 3896 12.
1273 3845 1391 3912 Vgl.
1430 3845 1480 3898 S.
1521 3846 1620 3898 137
1657 3849 1718 3897 A.
1758 3847 1804 3897 3.
1913 3846 1935 3876 ⁴
1971 3845 2104 3897 Dass
2130 3845 2221 3897 der
2245 3843 2332 3897 Br.
2371 3844 2669 3896 friihestens

405 3915 541 3966 1516
582 3913 945 3981 geschriebem
982 3913 1112 3979 folgt
1147 3929 1243 3965 aus
1280 3913 1373 3964 der
1407 3914 1744 3982 Erwahnung
1779 3914 1872 3965 der
1907 3913 1953 3966 2.
1991 3916 2151 3979 Ausg.
2191 3913 2283 3964 des
2317 3911 2566 3964 Budaeus
2591 3912 2670 3964 De

402 3997 550 4046 asse3
600 3983 709 4034 und
745 3998 841 4034 vor
878 3983 1013 4034 1519
1049 3997 1232 4049 wegen
1268 3983 1361 4033 der
1399 3983 1716 4034 Aufschrift:
1771 3981 2062 4048 theologiae
2117 3979 2434 4033 christianae
2487 3980 2668 4033 candi-

403 4051 544 4105 dato,
584 4066 691 4102 was
728 4050 844 4102 sich
881 4051 972 4102 auf
1005 4050 1090 4101 die
1122 4049 1521 4116 -theologischcn
1559 4051 1728 4102 Grade
1764 4079 1829 4088 —-
1867 4049 2128 4102 Lizentiat
2149 4050 2258 4116 und
2283 4049 2390 4113 Dr„
2427 4048 2670 4102 letzteres

402 4119 587 4170 wurde
624 4119 731 4170 Lan
806 4117 957 4170 Febr.
1000 4119 1133 4170 1519
1171 4147 1234 4155 -—
1276 4118 1499 4169 bezieht.
1571 4118 1689 4185 Vgl.
1727 4117 1848 4186 folg.
1885 4118 1975 4170 ΒΓ.
2105 4120 2126 4149 ⁵
2160 4121 2389 4169 Aussere
2425 4118 2666 4171 Adresse.

471 4187 494 4217 ⁶
532 4186 672 4239 Guil.
778 4187 932 4238 udaei
978 4187 1057 4238 De
1108 4203 1225 4239 asse
1264 4190 1317 4237 et
1349 4186 1588 4252 partibus
1635 4187 1764 4254 ejus,
1811 4187 1976 4239 Paris.
2027 4187 2174 4238 1514.
2214 4185 2262 4236 2.
2302 4188 2465 4252 Ausg.
2503 4185 2668 4238 Paris,

382 4253 565 4308 ‘1516.
661 4255 679 4287 ⁷
716 4254 1113 4322 Epigrammata
1136 4256 1201 4307 ad
1220 4254 1514 4308 Falconem.
1575 4255 1883 4322 Opp.Antv.
1909 4255 2041 4308 1576
2075 4254 2118 4321 Ι,
2157 4255 2251 4304 111
2275 4253 2323 4306 b.
2415 4255 2437 4286 ⁸
2470 4253 2673 4306 Mutian

410 4323 523 4376 und
574 4323 722 4390 Lang
773 4324 957 4376 hatten
1004 4323 1089 4376 die
1136 4323 1324 4378 beiden
1370 4323 1784 4377 verschiedenen
1818 4323 2101 4392 Ausgaben
2135 4327 2239 4374 von
2274 4320 2535 4378 Budaeus,

489 4393 511 4423 ⁹
546 4391 651 4447 Cic.
686 4391 780 4460 Ep.
818 4391 886 4446 ad
920 4391 1064 4447 Fam.
1100 4392 1225 4452 Vll,
1262 4391 1344 4446 29.
