3084 4895
498 407 618 474 106
1262 411 1436 466 Briefe
1473 427 1573 466 von
1612 411 1964 467 1505—1508.

498 584 778 647 hibeant.
870 583 1058 649 Canit
1106 591 1293 669 poeta
1338 587 1693 651 sacerdotes
1737 593 1944 652 castos
1990 587 2260 651 incolere
2294 587 2515 649 beatas
2544 587 2741 668 Elysii

499 670 676 734 sedes
709 671 816 734 illo
848 695 1056 736 versu:
1098 673 1380 754 „Quique
1412 673 1768 737 sacerdotes
1801 674 1979 751 casti,
2015 675 2159 737 dum
2189 674 2317 736 vita
2342 673 2729 736 manebat.“¹

500 756 670 832 Quae
718 780 854 820 cum
905 759 997 821 ita
1043 759 1341 838 habeant,
1389 765 1884 824 consentaneum
1916 765 2013 824 est
2046 762 2146 844 pio
2180 763 2245 823 et
2275 760 2549 840 sapienti
2580 760 2735 837 vim,

501 865 624 924 quo
673 844 909 908 castius
964 846 1291 909 incumbat
1351 847 1581 910 divinis
1641 847 1849 926 rebuS,
1919 869 2043 910 non
2111 867 2331 928 cogere
2401 845 2735 910 concilium

499 929 902 1008 ebriosorum,
951 932 1060 994 sed
1105 931 1548 997 festivissimos
1581 934 1824 998 natales
1857 933 1954 997 sui
1987 933 2204 1014 templi
2258 931 2572 995 celebrare
2619 955 2737 1015 pu-

499 1015 653 1079 dice.
747 1017 886 1080 Non
934 1019 1269 1100 praecipit),
1318 1024 1390 1082 ut
1436 1042 1501 1082 se
1532 1021 1739 1104 ipsum
1772 1020 2120 1084 sorbitione
2152 1019 2396 1082 cicutae
2424 1030 2451 1058 ⁸
2481 1024 2734 1097 castret,

496 1107 570 1165 ut
615 1103 942 1166 eunuchus
987 1104 1100 1167 fiat
1145 1104 1506 1186 Origenista
1553 1112 1615 1171 et-
1661 1107 1754 1168 vir
1787 1129 1921 1170 esse
1954 1106 2221 1169 desinat.
2297 1104 2436 1168 Non
2482 1106 2733 1180 mand0‚

499 1192 572 1251 ut
615 1188 996 1271 hydropotes
1032 1192 1115 1254 sit
1148 1197 1211 1254 et.
1241 1197 1564 1273 tamquam
1597 1196 1625 1234 b
1658 1191 1946 1274 Tyaneus
1978 1191 2083 1254 ille
2115 1213 2338 1272 magus
2371 1191 2735 1255 abstemius

495 1274 725 1340 Utatur
771 1277 916 1339 vino
970 1278 1214 1341 modico
1262 1284 1514 1359 propter
1560 1280 1951 1344 stomachum
2002 1278 2235 1360 pituita
2278 1281 2342 1340 et
2383 1277 2611 1357 frigore
2648 1279 2736 1340 la-

497 1362 822 1426 borantem
859 1365 1202 1426 secundum
1237 1365 1522 1446 Apostoli
1555 1363 1937 1430 consilium.²
2014 1365 2302 1427 Imitetur
2334 1363 2577 1432 Persas,
2627 1365 2732 1446 qui

500 1449 647 1511 vino
694 1453 1116 1530 tempera-nter
1166 1455 1448 1514 utuntur.
1544 1452 1835 1516 Studium
1885 1452 1973 1514 illi
2027 1471 2301 1530 curaque
2347 1450 2451 1528 sit,
2498 1455 2569 1513 ut
2600 1451 2735 1513 dili·
2781 1463 2787 1469 '

493 1539 714 1616 genter
759 1536 1066 1612 attendat,
1117 1560 1192 1599 ne
1240 1538 1389 1618 quid
1439 1544 1658 1603 contra
1693 1561 1894 1602 mores
1938 1545 1999 1600 et
2042 1537 2456 1600 christianum
2510 1537 2735 1618 dogma

494 1621 625 1700 fiat,
669 1645 744 1684 ne
779 1645 883 1705 per
915 1624 1202 1704 crapulas
1235 1629 1297 1686 et
1329 1625 1535 1689 cibum
1578 1627 1654 1688 ad
1691 1625 2013 1688 libidinem
2064 1628 2129 1687 et
2167 1623 2485 1704 nequitias
2515 1634 2539 1662 0
2596 1645 2734 1704 pro-

493 1707 744 1772 labatur
790 1712 853 1771 et
884 1709 1024 1771 aliis
1071 1711 1155 1772 sit
1201 1711 1261 1772 in
1311 1710 1574 1792 flagitiis
1620 1711 1927 1793 exemplo,
2016 1710 2262 1774 Nobilis
2296 1713 2391 1772 est
2438 1709 2545 1773 illa
2592 1709 2734 1772 Pla-

490 1795 662 1858 tonis
730 1795 795 1858 in
865 1795 1200 1860 Phaedone
1268 1800 1617 1861 sententia:
1688 1821 1798 1880 par
1859 1798 2116 1860 omnino
2172 1817 2325 1874 esse,
2386 1799 2459 1858 ut
2502 1796 2610 1878 qui
2656 1796 2733 1858 ad

492 1881 842 1963 sapientiae
887 1883 1164 1946 studium
1215 1905 1279 1946 se
1327 1884 1673 1960 conferant,
1735 1885 1907 1966 prius
1972 1883 2221 1965 quidem
2257 1881 2286 1922 ‘¹
2348 1883 2737 1945 emoriantur

491 1969 898 2050 animumque
965 1970 1168 2050 ipsum
1241 1969 1320 2032 ab
1384 1972 1558 2034 omni
1628 1971 1906 2052 corporis
1974 1991 2160 2033 sensu
2232 1969 2737 2051 contagioneque

493 2058 784 2118 avertant
830 2061 895 2117 et
940 2057 1119 2136 quasi
1167 2057 1229 2119 in
1278 2079 1458 2119 suum
1493 2057 1595 2139 jus
1628 2079 1937 2138 suamque
1974 2056 2333 2120 libertatem
2369 2051 2735 2119 vindicent.⁸

491 2140 712 2222 Itaque
777 2141 958 2204 divus
1022 2143 1376 2206 Bernardus
1432 2145 1578 2219 cibi,
1650 2145 1925 2226 potionis
1980 2166 2052 2206 ac
2116 2141 2333 2205 foedae
2392 2141 2737 2223 voluptatis

496 2229 752 2292 nimiam
787 2230 1237 2311 appetitionem
1271 2241 1294 2270 0
1339 2231 1591 2311 fugiens
1622 2231 1795 2294 XXX
1842 2230 2089 2294 sodales
2141 2251 2289 2292 suos
2332 2227 2411 2291 ad
2458 2228 2733 2291 scholam

496 2313 730 2379 Christi
777 2317 1107 2393 convertit,
1155 2317 1264 2380 ubi
1311 2339 1450 2379 vere
1500 2319 1781 2381 viverent
1825 2323 1887 2380 et
1931 2316 2196 2380 rationis
2241 2315 2500 2396 imperio
2547 2315 2737 2377 servi-

494 2407 650 2466 rent.
741 2402 1238 2485 intemperanter
1287 2404 1448 2467 enim
1501 2405 1707 2467 vivere
1757 2426 1877 2467 non
1940 2409 2037 2467 est
2096 2403 2321 2478 vivere,
2391 2400 2497 2464 sed
2558 2403 2731 2465 mori.

492 2489 687 2553 Novit
745 2491 1182 2554 sanctissimus
1238 2495 1417 2573 pater
1477 2492 1672 2555 solam
1733 2490 2161 2556 coenobialem
2211 2490 2401 2553 vitam
2454 2492 2733 2551 oontem-

494 2577 760 2658 plationi
809 2580 872 2639 et
917 2578 1145 2640 studiis
1193 2578 1571 2658 optimarum
1607 2578 1833 2641 artium
1871 2578 2156 2640 idoneam
2193 2576 2733 2657 compotationum

497 2664 890 2726 irritamenta.
947 2668 1008 2726 et
1072 2663 1375 2727 malorum
1439 2664 1833 2727 sacerdotum
1893 2664 2220 2727 illecebras
2272 2663 2470 2724 vitare
2531 2682 2733 2743 posse.

495 2749 640 2812 Ideo
689 2750 931 2813 cautior
977 2772 1164 2831 quam
1213 2750 1538 2813 Mutianus
1584 2753 1644 2813 in
1681 2751 2083 2815 solitudinem
2141 2749 2301 2811 abiit
2356 2747 2591 2810 relictis
2638 2770 2737 2810 ur-

495 2836 683 2899 bibus
715 2841 778 2899 et
811 2836 1250 2900 conventiculo
1284 2837 1564 2918 profano.
1598 2849 1621 2877 ⁰
1694 2836 1780 2898 Mi
1812 2842 2008 2920 pater,
2057 2836 2255 2919 probo
2288 2835 2523 2897 factum
2558 2839 2734 2897 tuum

496 2927 560 2985 et
603 2922 903 3000 imitarer,
953 2923 1075 2985 nisi
1119 2924 1459 3005 posteritas
1507 2928 1617 2987 tua
1664 2924 2105 3005 degenerasset
2148 2922 2227 2985 ab
2275 2920 2399 2983 illis
2443 2920 2572 2982 tuis
2604 2924 2737 2983 stu-

497 3009 691 3073 diosis
724 3014 787 3072 et
812 3011 1157 3073 mansuetis
1191 3015 1254 3073 et
1285 3010 1729 3073 sincerissimis
1774 3010 2071 3085 moribu8‚
2123 3010 2453 3071 auctorata
2498 3006 2737 3069 scilicet

499 3100 563 3158 et
600 3096 856 3159 addicta
890 3096 911 3135 f
953 3096 1340 3176 potionibu8‚
1376 3096 1744 3173 avaritiae,⁰
1775 3095 2123 3177 superbiae,
2158 3094 2412 3175 stupris,
2448 3092 2737 3173 ignaviae

497 3186 560 3245 et
608 3181 816 3245 nescio
864 3181 1096 3263 quibus
1142 3183 1701 3265 superstitionibus
1732 3194 1756 3221 0
1804 3205 1928 3263 qua
1970 3180 2293 3244 mussandi
2340 3177 2510 3242 horis
2556 3185 2735 3241 ante-

496 3268 738 3332 lucanis
785 3291 910 3349 qua
955 3268 1144 3331 etiam
1193 3270 1464 3346 tacendi,
1511 3275 1583 3331 ut
1630 3269 1734 3332 isti
1784 3268 1937 3331 mihi
1988 3265 2296 3329 silentiosi
2344 3270 2536 3345 atque
2579 3264 2735 3327 ebrii

498 3356 827 3418 videantur
873 3378 1007 3417 esse
1056 3354 1490 3437 Harpocrates.
1585 3355 1813 3432 HabeS,
1881 3354 2153 3431 Urbane,
2224 3374 2346 3415 non
2416 3350 2732 3433 illepidam

497 3442 851 3524 epistolam.
944 3440 1070 3504 Fac
1115 3442 1342 3505 valea-3.

803 3541 924 3595 Cod.
963 3540 1093 3597 Frcf.
1135 3542 1248 3597 114.

634 3746 660 3773 a
689 3730 864 3783 citute.
938 3734 966 3771 b
995 3735 1258 3800 tanquam.
1332 3747 1356 3775 c
1386 3732 1433 3785 ci
1468 3736 1529 3785 st.
1552 3731 1606 3783 ti.
1679 3734 1708 3771 d
1735 3728 2109 3797 priusquidem.
2194 3743 2217 3771 e
2244 3727 2521 3795 prophano,
2602 3728 2623 3767 f
2647 3726 2740 3778 ad-

499 3800 657 3909 dueta}
694 3800 844 3935 {ZZZ
883 3872 1010 3921 Aen.
1053 3869 1136 3936 vi,
1172 3869 1286 3924 661.
1428 3870 1448 3901 2
1487 3870 1528 3921 1.
1564 3867 1693 3921 Tim.
1732 3869 1779 3933 5,
1817 3866 1896 3919 23.
2038 3866 2058 3896 ³
2094 3864 2287 3918 Phaod.
2326 3880 2405 3931 op.
2442 3862 2489 3917 8.
2530 3864 2577 3916 9.
