3084 4895
1010 413 1222 473 Mutian
1259 433 1327 471 an
1365 407 1552 471 Urban
1585 407 1697 468 und
1730 406 1990 467 Hei-bord.
2284 461 2287 464 ,
2510 409 2629 476 19],

362 594 430 655 el:
472 589 802 654 levitatem
849 587 956 653 N!
1003 589 1098 652 ita
1141 589 1355 667 sentit,
1417 592 1492 651 ut
1544 586 1991 669 obstupescam
2048 586 2114 647 et
2171 603 2300 645 non
2361 583 2633 664 amplius

368 675 560 739 rebus
623 676 940 750 humaniS,
1011 673 1120 737 sed
1191 674 1309 736 soli
1371 675 1488 736 deo
1550 671 1886 735 confidam.
1978 668 2071 731 Tu
2127 689 2275 730 vero
2334 668 2633 748 lucifugis

373 761 669 824 addictus
715 760 992 822 medium
1041 759 1336 822 fortunae
1394 756 1686 839 pollicem
1734 755 2020 818 ostendis
2064 757 2128 815 et
2175 774 2379 835 neque
2426 755 2633 817 accla-

375 867 512 908 mas
557 865 762 925 neque
815 845 1140 920 reclamem,
1202 844 1383 926 quasi
1441 842 1667 905 doctus
1715 864 1752 903 a
1797 840 1989 902 choro
2051 839 2445 902 initiatorum
2494 860 2632 920 pre-

371 935 561 994 cante
611 951 738 992 non
785 928 998 1004 semel,
1046 933 1119 990 ut
1165 928 1485 992 discamus
1530 926 1897 990 faventibus
1958 922 2279 986 coelicolis
2334 945 2633 1006 prospera

371 1016 593 1079 mundi
641 1015 962 1097 despicere
1007 1018 1072 1077 et
1117 1013 1292 1077 nulla
1341 1013 1478 1094 ejus
1523 1013 1789 1075 adversa
1834 1009 2189 1072 formidare.

675 1113 799 1168 Cod.
832 1111 967 1165 Frcf.
1004 1112 1124 1168 442.

367 1317 604 1388 (Gotha.)
1438 1300 1579 1364 144.
2192 1314 2272 1364 15.
2309 1313 2443 1381 Aug.
2487 1314 2635 1368 1510.

827 1427 1117 1496 Mutian
1162 1447 1260 1496 an
1306 1425 1566 1495 Urban
1610 1423 1766 1492 und
1810 1422 2183 1493 Herbord.

373 1553 593 1619 (Urban
637 1554 754 1606 und
802 1553 1041 1607 Herbord
1097 1553 1369 1606 vcrackten
1415 1552 1650 1614 Mation,
1698 1553 1791 1604 der
1839 1551 1963 1604 aber
2006 1551 2183 1604 nicht-s
2231 1553 2369 1604 desto
2418 1552 2643 1619 zcem'qer

369 1622 624 1690 fortfh'hrt
675 1623 758 1676 als
793 1622 1014 1675 F’reund
1045 1639 1119 1674 zu
1152 1622 1395 1674 handeln.
1474 1621 1645 1688 Geyen
1679 1620 1765 1672 die
1803 1620 2175 1672 Schmeichelei
2218 1620 2359 1672 eims
2390 1622 2643 1687 qewissem

997 1690 1307 1758 Torquatus,
1345 1690 1436 1742 der
1468 1687 1567 1741 ilm
1611 1688 1789 1742 Cicero
1823 1691 2023 1755 neunt.)
2480 1692 2487 1702 '

382 1802 649 1853 Dilectis
692 1803 951 1854 Urbano
999 1803 1242 1854 erudito
1287 1801 1687 1862 philosophia
1726 1804 1789 1852 et
1841 1801 2209 1852 Herebordo
2254 1801 2639 1861 jurisperito,

445 1899 639 1948 „quos
674 1891 858 1947 pater
893 1890 1286 1948 omnipotens
1321 1887 1637 1947 speluncis
1673 1886 1915 1938 abdidit
1951 1887 2147 1938 πιὼν*
2169 1884 2229 1928 ⁸²
2263 1883 2373 1950 (Μ.
2394 1884 2640 1954 Rufus).

585 1996 655 2062 Si
708 1999 832 2061 tibi
888 1999 1048 2061 bene
1111 2002 1228 2075 est,
1287 1998 1373 2061 mi
1417 1997 1696 2076 Urbane,
1758 1997 1920 2060 bene
1965 1997 2190 2076 habet3
2248 1998 2333 2058 mi
2383 1997 2639 2077 inquam

379 2081 639 2146 Urbane
697 2084 1038 2162 carissime,
1095 2085 1148 2146 si
1197 2084 1389 2160 valeS‚
1455 2083 1650 2146 valeo
1758 2081 1995 2164 Copiae
2058 2080 2323 2146 Gornu⁸
2385 2083 2642 2165 plenum

381 2169 730 2232 latinarum
779 2169 1052 2249 frugum,
1099 2169 1281 2250 cujus
1327 2167 1482 2230 mihi
1541 2169 1786 2249 copiam
1851 2168 2079 2242 fecisti,
2136 2168 2308 2231 sicut
2359 2169 2508 2232 olim
2571 2172 2645 2231 ut

379 2254 626 2317 amicus
674 2255 996 2319 beneficus
1042 2259 1104 2317 et
1151 2254 1432 2318 liberalis
1480 2253 1731 2330 donavi,
1780 2253 1873 2316 ita
1918 2275 2090 2316 nunc
2132 2252 2317 2330 fiduse
2383 2273 2645 2333 aequus,

388 2343 611 2418 gratus
681 2340 1200 2402 commoditarius
1260 2340 1534 2402 remitto.
1626 2339 1709 2402 Et
1773 2337 1835 2400 id
1891 2339 2147 2418 quidem
2193 2338 2644 2416 libentissime3

381 2445 530 2487 nam
579 2445 705 2504 quo
755 2430 943 2506 pacto
989 2425 1375 2507 possiderem
1423 2425 1650 2502 aliena,
1710 2424 1820 2506 qui
1878 2424 2149 2505 propria,
2206 2429 2517 2504 quantum
2581 2424 2643 2487 in

381 2532 482 2573 me
541 2514 658 2585 est,
724 2511 899 2591 larga
957 2532 1149 2573 manu
1213 2511 1311 2573 vel
1374 2511 1673 2592 dispenso
1718 2509 1813 2571 vel
1862 2508 2184 2591 elargior‘?
2250 2510 2343 2571 De
2390 2508 2647 2573 cohorte

383 2595 791 2659 familiarium
861 2597 952 2659 sic
1021 2618 1261 2659 mecum
1331 2596 1571 2659 tacitus
1633 2595 2005 2659 ratiocinor:
2083 2594 2319 2675 „Nemo
2384 2616 2465 2657 ex
2525 2595 2647 2658 hoc

383 2701 646 2743 numero
692 2680 850 2743 mihi
897 2702 1023 2744 non
1072 2682 1350 2745 donatus
1393 2679 1696 2744 abibit“.⁴
1784 2679 2043 2744 Utinam
2090 2702 2164 2742 eo
2210 2702 2380 2743 esses
2412 2681 2647 2758 anim0,

387 2770 462 2827 ut
511 2765 705 2829 velles
751 2767 1038 2830 amicitia
1083 2772 1302 2829 nostra
1349 2765 1463 2844 uti,
1509 2766 1658 2829 frui!
1725 2764 1809 2828 At
1862 2766 2158 2845 „sordent
2211 2766 2332 2828 tibi
2386 2788 2649 2829 munera

383 2849 697 2927 nostra“‚⁵
732 2851 884 2915 item
918 2852 1176 2914 sordent
1210 2851 1592 2930 Herebord0‚
1640 2873 1739 2913 me
1770 2850 2083 2933 siquidem
2115 2857 2422 2932 tanquam
2461 2851 2647 2915 vilem

388 2939 454 2998 et
499 2935 818 3016 abjectum
865 2941 929 2999 et
974 2938 1330 3018 indignum,
1394 2936 1577 3017 cujus
1632 2936 1843 2999 officia
1908 2936 2196 3017 capiatis,
2256 2938 2651 3019 contemptui

385 3018 700 3085 habetis.⁶
795 3022 890 3084 An
935 3023 1078 3085 ideo
1127 3023 1287 3085 bene
1334 3023 1554 3085 mereri
1602 3022 1679 3085 de
1725 3022 1907 3085 vobis
1969 3022 2302 3085 desinam?
2363 3023 2645 3086 Minime.

389 3106 827 3170 Accumulabo
860 3108 1086 3171 merita
1119 3108 1360 3170 meritis
1399 3112 1594 3188 atque
1626 3108 1717 3170 ita
1748 3106 2074 3170 beneficiis
2106 3107 2392 3185 obruam,
2440 3108 2651 3188 quoad

397 3213 509 3254 vos
555 3192 1324 3257 exclamare2'exaudiam:
1381 3191 1555 3274 „Ohe
1596 3192 1726 3273 jam
1775 3193 1937 3255 satis
1984 3196 2099 3264 est,
2149 3197 2521 3272 perventum
2554 3195 2651 3255 est

389 3276 471 3339 ad
520 3276 994 3341 umbilicum.“⁷
1058 3278 1227 3341 Haec
1273 3278 1424 3340 dum
1456 3278 1817 3353 scriberem,
1861 3278 2210 3340 redduntur
2243 3277 2398 3339 mihi
2431 3278 2653 3340 literae

393 3361 723 3442 cujusdam
779 3361 1138 3444 Torqua†i‚⁸
1205 3365 1272 3427 in
1336 3362 1572 3443 quibus
1628 3368 1799 3425 recta
1844 3363 2075 3444 praviS,
2136 3362 2351 3425 mollia
2406 3362 2649 3442 rigidis,

391 3447 552 3511 falsa
598 3448 764 3511 veris
811 3448 1173 3512 miscentur.
1263 3448 1501 3529 Injuria
1551 3470 1649 3509 me
1692 3447 1913 3525 afficit,
1974 3447 2266 3528 quisquis
2326 3445 2650 3510 Ciceronis

391 3533 594 3612 gloria
659 3533 977 3613 dignatur.
1068 3533 1307 3605 Auctor
1367 3534 1559 3615 hujus
1624 3532 1879 3596 fabulae
1939 3531 2257 3595 Thomas⁹
2317 3533 2458 3596 fuit.
2552 3533 2651 3595 Ah

393 3621 710 3697 quantum
755 3620 819 3680 in
855 3640 927 3682 eo
961 3620 1268 3700 peccavit,
1315 3640 1506 3698 quam
1552 3618 1619 3681 id
1663 3619 1945 3699 graviter
1976 3617 2117 3694 tuli,
2165 3638 2358 3698 quam
2390 3619 2653 3682 moleste

531 3765 560 3793 ὃ
598 3751 776 3804 antris.

534 3822 549 3851 ¹
576 3820 817 3875 Dar-iiber
857 3818 1201 3887 geschrieben
1245 3818 1330 3871 die
1377 3817 1584 3871 Glosse:
1630 3818 1665 3871 J
1666 3818 1777 3871 ulii.
1836 3818 2001 3871 Pabst
2034 3818 2211 3872 Julius
2245 3818 2313 3871 II.
2353 3820 2499 3872 hatte
2536 3820 2653 3873 sich

395 3888 531 3941 1510
586 3904 690 3941 von
747 3889 840 3939 der
896 3886 1062 3954 Ligue
1113 3903 1217 3940 von
1271 3886 1532 3954 Cambray
1587 3886 1849 3955 losgesagt
1919 3887 2027 3939 und
2081 3902 2148 3939 an
2196 3888 2435 3955 Venedig
2495 3905 2652 3955 ange-

393 3956 679 4009 schlossen.
821 3957 841 3987 ²
867 3954 1021 4021 Verg.
1061 3957 1189 4009 Aen.
1227 3956 1268 4022 Ι,
1305 3955 1386 4008 60.
1461 3954 1799 4008 Scherzhafte
1845 3954 2215 4025 Bezeichnung
2258 3956 2651 4025 Georgenthals,

395 4041 500 4076 von
546 4040 627 4076 wo
663 4024 740 4075 sic
777 4023 924 4075 nicht
967 4023 1257 4077 schreiben.
1403 4022 1565 4090 ³Vg1.
1615 4023 1701 4075 Br.
1758 4024 1849 4075 137
1899 4023 2134 4077 Schluss.
2276 4026 2471 4092 ⁴Verg.
2518 4029 2649 4078 Aen.

395 4092 462 4157 V,
500 4093 617 4146 305.
720 4094 742 4123 ⁶
763 4092 919 4159 Verg.
957 4091 1067 4143 Ecl.
1104 4092 1173 4157 ΙΙ,
1209 4092 1291 4144 44.
1393 4093 1415 4123 ⁶
1439 4091 1553 4158 Vgl.
1593 4092 1677 4143 die
1712 4091 1782 4143 Kl
1850 4107 1916 4143 cn
1947 4092 2078 4143 iiber
2109 4092 2335 4145 seltenes
2370 4094 2657 4146 Schreiben

395 4161 483 4213 Br.
506 4160 620 4211 142.
664 4160 775 4212 145.
918 4158 1092 4212 '‘»Ohe
1121 4160 1234 4227 jam
1270 4160 1399 4212 satis
1435 4164 1530 4225 est,
1568 4160 1667 4211 ohe
1701 4159 1807 4212 libe
1849 4176 1893 4212 c.
1964 4160 2087 4213 Jam
2116 4162 2451 4228 pervenimus
2486 4178 2655 4229 usque

395 4230 464 4282 ad
485 4226 806 4281 umbilicos«
851 4227 1004 4280 Mai-t.
1060 4228 1233 4295 Epigr.
1283 4228 1375 4291 IV,
1413 4228 1494 4281 91.
1638 4229 1659 4259 ⁸
1678 4227 1963 4279 Vielleicht
2007 4229 2286 4297 Gregorius
2320 4232 2653 4283 Aramannus

395 4296 732 4364 Tor-quamue,
769 4298 864 4348 der
899 4296 998 4348 mit
1034 4296 1292 4349 Benarius
1327 4296 1609 4349 Traborces
1644 4299 1798 4362 poeta
1818 4302 1872 4348 et
1892 4299 2063 4349 orator
2098 4298 2301 4365 (postea
2334 4299 2655 4367 Vigilantius

399 4366 594 4431 (lictus)
629 4364 788 4419 Mich.
830 4365 963 4417 1505
1001 4364 1055 4416 in
1089 4364 1711 4417 Effurtimmatrikuliert
1734 4365 1891 4417 ward.
1963 4365 2447 4435 NVeissenborn,
2483 4367 2657 4420 Akteu

398 4435 448 4487 d.
487 4434 552 4486 U.
589 4432 647 4485 Ε.
702 4433 771 4501 11,
826 4433 942 4485 ⁶241.
1082 4433 1286 4487 ⁰Wolf.
1333 4433 1451 4500 Vgl.
1505 4432 1557 4486 S.
1606 4433 1704 4486 109
1750 4434 1813 4485 Α.
1854 4436 1899 4484 1.
