3084 4895
857 389 1068 445 Mutian
1105 408 1173 448 311
1211 393 1409 450 Urban.
1489 393 1677 447 Urban
1715 408 1785 447 an
1820 392 2089 447 Kaumler.
2482 396 2607 463 295

353 584 482 629 non
530 566 753 644 solum,
803 567 912 631 sed
958 571 1106 631 tuae
1150 566 1498 631 involutam
1557 567 1837 631 traderes
1894 567 2225 665 legendam
2288 566 2603 667 Matthiae

354 650 622 715 nostr0.¹
715 650 822 716 Sic
890 653 1166 731 desidiae
1232 675 1409 717 meae
1477 652 1757 718 consulo.
1849 652 2005 718 Sum
2072 654 2239 718 enim
2308 654 2485 736 piger
2538 662 2603 721 et

349 737 614 801 ‘tardus'
684 739 754 802 In
803 759 995 803 causa
1039 743 1137 803 est
1184 739 1364 803 cibus
1395 739 1756 816 stultorum,
1791 761 1869 803 ne
1901 740 2053 821 quid
2082 738 2341 823 gravius
2372 742 2597 806 dicam.

355 820 550 887 Stulti
597 828 770 900 sunt,
826 828 992 887 certe
1046 823 1248 901 stulti,
1304 825 1414 907 qui
1467 826 1833 906 praeteritis
1894 826 2085 889 lautis
2152 825 2419 891 edundis
2486 830 2600 892 ob-

355 910 554 973 soniis
584 910 934 1008 raphanum
969 913 1034 974 et
1067 875 1338 993 stumfisd)
1367 909 1690 974 devorant
1760 911 1880 987 Qui
1910 912 2079 994 sapit
2110 916 2174 976 et
2204 913 2599 977 stomachum

349 996 564 1071 habet,
611 996 768 1059 mire
813 997 1148 1061 cruciatur.
1239 994 1363 1059 Sed
1410 995 1615 1060 famae
1660 996 2139 1076 consulendum,
2204 997 2396 1063 etiam
2458 1022 2600 1065 cum

351 1081 578 1146 salutis
625 1081 1023 1159 detrimentO,
1072 1084 1361 1164 quamvis
1409 1082 1587 1145 bardi
1649 1083 1930 1147 salutem
1973 1083 2213 1165 jejunio
2270 1091 2596 1166 quaerant.

351 1166 447 1230 Tu
513 1168 662 1231 forti
722 1169 809 1232 sis
872 1170 1084 1232 animo
1142 1171 1206 1230 et
1257 1167 1503 1246 audaci,
1573 1169 1883 1236 neminem
1954 1170 2050 1233 vel
2119 1171 2595 1235 nasutissimum

352 1255 762 1336 pertimescas
797 1254 1110 1318 lectorem.
1179 1252 1341 1317 Nam
1367 1255 1524 1318 satis
1550 1255 1869 1318 munditer
1894 1256 2119 1319 scribis
2145 1261 2208 1320 et
2232 1256 2599 1322 doctissimo

351 1340 587 1421 poteris
663 1340 1046 1416 satisfacere,
1123 1340 1256 1403 sive
1323 1338 1664 1421 Capnioni²
1746 1341 1877 1403 sive
1950 1338 2298 1423 Agricolae.
2391 1343 2599 1411 Unum

350 1426 610 1489 verbum
681 1427 918 1491 excidit
979 1426 1101 1490 tibi
1173 1424 1608 1507 „apostatare“
1679 1448 1805 1490 non
1874 1427 2292 1510 probandum,
2354 1430 2462 1494 sed
2507 1430 2602 1493 ita

349 1512 525 1594 loqui
571 1512 851 1588 volebaS,
900 1516 975 1575 ut
1021 1515 1168 1595 apte
1214 1512 1468 1575 diceres
1560 1511 1696 1594 Ego
1744 1534 1995 1594 quoque
2042 1515 2299 1578 usitatis
2345 1516 2597 1579 interim

350 1602 512 1676 utor,
561 1603 635 1662 ut
676 1599 1014 1679 intelligar.
1107 1596 1280 1661 Tuus
1340 1597 1446 1662 ille
1492 1598 1719 1662 iterum
1767 1599 1948 1662 exsul
2010 1622 2135 1663 non
2182 1604 2281 1663 est
2324 1601 2601 1666 desertor

347 1685 658 1763 coenobii,
734 1686 844 1748 sed
917 1684 1127 1747 indice
1195 1689 1258 1747 et
1332 1683 1611 1748 delatore
1687 1684 2045 1749 Herebordo
2124 1685 2307 1768 (proh
2382 1691 2600 1751 sancte

347 1770 599 1852 Jupiter
620 1771 662 1851 l)
709 1770 938 1835 cecidit
982 1775 1045 1834 et
1089 1768 1382 1833 Duronii³
1429 1770 1825 1851 majestatem
1872 1771 2153 1835 offendit.
2247 1772 2379 1855 Ego
2412 1775 2599 1839 miror

348 1861 598 1921 tantam
662 1858 859 1939 patris
920 1856 1338 1934 severitatem.
1430 1856 1556 1919 Alii
1611 1855 1777 1920 ultro
1840 1856 2144 1939 deficiunt
2188 1882 2227 1922 a
2270 1860 2489 1938 regula
2536 1864 2599 1923 et

349 1946 563 2007 errant
608 1948 681 2007 ut
739 1942 1012 2025 fugitivi,
1081 1942 1239 2005 alios
1305 1942 1510 2023 abigit
1580 1945 1781 2023 pater,
1846 1965 2005 2025 quos
2074 1944 2156 2008 ob
2226 1946 2597 2009 modestiam

349 2030 652 2111 amplecti
714 2028 987 2092 debere-t.
1076 2027 1176 2092 Ita
1220 2028 1475 2091 tandem
1523 2028 1633 2090 fiet
1678 2029 1822 2107 (sim
1869 2028 2067 2093 falsus
2126 2030 2475 2113 propheta),
2523 2037 2597 2095 ut

351 2138 571 2197 aspere
641 2116 962 2179 multetur.
1052 2113 1214 2177 Nam
1283 2120 1347 2177 et
1411 2114 1522 2197 qui
1584 2119 2040 2194 remanserunt,
2089 2117 2473 2183 -baubantur
2536 2122 2600 2183 et

353 2202 636 2267 lacerant
679 2224 886 2265 mores
934 2222 1060 2263 non
1107 2199 1416 2265 ferendos.
1506 2199 1731 2264 Saluta
1774 2200 2131 2267 Hallensem
2181 2204 2518 2269 nostrum.⁴

663 2304 785 2359 Cod.
820 2303 954 2357 Frcf.
993 2302 1108 2357 278.

357 2492 592 2562 (Erfurt.)
1405 2477 1549 2542 238.
2132 2493 2214 2564 (Ε.
2248 2495 2389 2550 1111ιί
2428 2497 2597 2568 1513.)

1052 2603 1309 2674 Urban
1352 2624 1451 2673 an
1495 2603 1875 2674 Kaumler.
1884 2605 1906 2640 ⁵

349 2734 556 2802 (Bittet,
593 2733 838 2786 Muciana
872 2733 1036 2801 Brief
1060 2750 1136 2786 cm
1169 2731 1281 2800 Ayr
1282 2732 1421 2786 icola
1453 2749 1527 2785 zu
1560 2733 1851 2800 α’ὂενῃεόεη.
1914 2733 2025 2786 Er]
2026 2735 2217 2802 la'rzmy
2242 2735 2408 2788 seines
2429 2753 2596 2789 neuen

1167 2801 1405 2854 Ner-mens
1439 2801 1751 2870 Kalokappa
1754 2804 1788 2868 )

505 2917 813 2967 Matthiae
852 2916 1228 2976 Calokappa,
1264 2929 1478 2967 earum
1513 2930 1670 2978 quae
1706 2919 1903 2970 libero
1939 2919 2186 2970 homine
2222 2917 2444 2980 dignae

727 3005 874 3052 sunt
909 3003 1136 3052 artium
1169 3004 1463 3064 magistro
1500 3005 1768 3065 egregie,
1804 3005 1884 3054 H.
1920 3004 2231 3055 Urbanus,

559 3112 623 3177 S.
713 3113 982 3192 MirariS,
1030 3135 1146 3177 nec
1175 3113 1431 3196 injuria,
1463 3115 1616 3195 quid
1646 3115 1733 3178 sit
1763 3115 1883 3179 hoc
1914 3137 2129 3179 recens
2162 3114 2280 3179 tibi
2313 3115 2593 3178 affictum

352 3199 792 3280 tributumque
861 3199 1255 3264 vocabulum.
1361 3199 1496 3282 Ego
1564 3201 1618 3264 si
1682 3222 1839 3280 erro,
1909 3201 2181 3265 libenter
2253 3222 2385 3265 erro
2453 3222 2595 3264 cum

352 3287 486 3348 viro
553 3284 892 3368 praeclaro.
987 3285 1101 3349 Cui
1163 3287 1254 3350 sic
1311 3287 1390 3349 ad
1453 3307 1551 3349 me
1612 3286 1883 3350 scribere
1950 3287 2214 3368 placuit:
2287 3286 2594 3368 „Urbane,

351 3375 532 3454 pater
591 3371 1010 3449 sanctissime,
1071 3372 1420 3453 scripturus
1465 3371 1547 3435 ad
1592 3376 1882 3437 nostrum
1950 3373 2326 3454 Agricolam,
2393 3373 2595 3435 virum

353 3479 600 3522 summo
659 3458 936 3538 ingeniO,
1005 3457 1307 3538 singulari
1369 3458 1675 3534 doctrina,
1736 3459 2079 3522 humanum
2128 3462 2192 3521 et
2235 3459 2597 3538 eloquentia

355 3543 754 3625 perpolitum.
802 3543 983 3606 dabis
1030 3544 1242 3610 literas
1289 3544 1534 3607 cuidam
1581 3543 1890 3608 Matthiae
1936 3543 2302 3626 Calokappa
2358 3544 2597 3608 Bratis-

355 3629 654 3694 laviensis
720 3629 1096 3706 dioeceseos,
1163 3629 1499 3712 professori
1573 3630 1915 3707 literarum,
1983 3631 2092 3711 qui
2160 3652 2365 3694 coram
2440 3629 2595 3692 mihi

357 3716 544 3779 fidem
593 3720 657 3779 et
702 3715 1206 3779 benevolentiam
1268 3737 1416 3797 erga
1459 3738 1559 3779 me
1603 3738 1783 3779 suam
1830 3717 1979 3779 data
2024 3717 2248 3780 dextra
2307 3714 2597 3798 promisit

356 3805 421 3865 et
466 3802 713 3865 videtur
767 3801 975 3864 cultus
1036 3803 1387 3888 eruditione
1440 3801 1757 3865 romana.“
1854 3801 1976 3865 Sed
2037 3803 2187 3884 q-uia
2232 3808 2450 3866 notum
2498 3807 2596 3866 est

354 3887 615 3952 verbum
691 3888 849 3968 „tria
924 3888 1133 3970 kappa
1207 3886 1569 3968 pessima“,'⁶
1648 3891 1803 3970 puto
1870 3887 2228 3951 Mutianum
2296 3887 2595 3970 quiddam

493 4025 512 4054 ¹
545 4023 812 4076 Kaumler.
849 4024 970 4076 Vor.
1008 4023 1094 4075 Br.
1201 4025 1221 4054 ‘²
1254 4023 1444 4076 Briefe‘
1462 4023 1670 4076 Urbans
1706 4039 1768 4076 an
1807 4023 2066 4076 Reuchlin
2090 4039 2185 4076 aus
2220 4024 2341 4076 dem
2374 4024 2421 4078 J.
2461 4025 2593 4076 1513

354 4091 472 4145 sind
507 4093 638 4145 zwei
674 4093 916 4170 bekannt,
955 4092 1096 4144 einer
1130 4093 1256 4144 kurz
1291 4108 1387 4145 v·01
1425 4092 1506 4144 22.
1542 4094 1695 4166 Aug„
1734 4093 1825 4144 der
1859 4093 2048 4144 andere
2073 4109 2123 4146 V.
2153 4095 2229 4146 15.
2258 4093 2373 4146 Okt.
2432 4092 2594 4144 Beide

355 4161 594 4214 befinden
646 4161 762 4214 sich
809 4161 864 4213 in
911 4161 1081 4214 dieser
1133 4160 1440 4228 Sammlung
1475 4161 1567 4214 Νι.
1605 4162 1719 4215 291.
1758 4163 1873 4214 315.
1946 4161 2098 4214 Nach
2152 4161 2329 4229 obiger
2379 4162 2593 4229 Angabe

355 4245 502 4282 muss
536 4230 717 4284 Urban
753 4231 918 4284 sehon
950 4230 1130 4282 friiher
1165 4229 1506 4298 geschrieben
1545 4230 1731 4282 haben.
1803 4230 1910 4283 Das
1945 4231 2098 4284 Wort
2122 4234 2410 4298 apostatare
2434 4231 2595 4282 findet

354 4299 468 4351 sich
515 4298 571 4350 in
603 4299 810 4352 keinem
857 4300 949 4352 der
993 4299 1302 4351 bekannten.
1392 4323 1398 4330 ·
1461 4301 1482 4331 ⁸
1517 4298 1623 4351 Der
1668 4297 1787 4353 Abt.
1838 4298 1887 4353 S.
1931 4299 2027 4352 108
2080 4302 2140 4352 A.
2182 4302 2231 4354 1,
2371 4301 2392 4332 4
2427 4299 2594 4366 Georg

355 4366 593 4420 Osmund
637 4368 884 4422 officialis.
941 4367 990 4420 S.
1030 4367 1130 4420 279
1177 4370 1239 4422 A.
1279 4368 1324 4420 2
1469 4370 1490 4400 ⁵
1525 4367 1641 4436 Vgl.
1692 4367 1775 4420 die
1821 4368 1931 4421 drei
1979 4385 2086 4422 vor.
2124 4369 2232 4438 Br.,
2288 4369 2424 4422 auch
2464 4368 2594 4420 uber

355 4436 609 4506 Agricola.
747 4438 770 4470 θ
805 4436 854 4489 S.
893 4436 993 4490 294
1027 4438 1088 4490 A.
1131 4437 1174 4490 1.
