3084 4895
481 386 607 453 242
1121 383 1134 397 “
1317 382 1492 438 Briefe
1527 383 1622 439 des
1658 384 1708 440 J.
1751 386 1899 442 1512.

481 555 844 621 stumwwlwny
899 552 963 605 in
1015 552 1216 605 seimm
1269 551 1424 605 Amce
1477 553 1672 607 blev‘ben
1724 555 1942 609 konnen.
2037 556 2385 624 Beruhv'yuny
2443 574 2616 625 weyen
2666 558 2772 612 der

482 624 540 677 F
531 623 683 676 einde
717 624 809 675 der
858 620 1318 687 Wissenschaften.
1391 621 1502 675 Hac
1525 623 1625 675 den
1646 623 1924 677 deutschen
1958 624 2174 677 Dichter
2195 626 2329 678 noch
2356 626 2507 680 nicht
2519 627 2768 694 yelesen.)

746 735 1046 785 Musardo
1084 736 1450 785 excellentis
1488 736 1724 797 ingenii
1758 739 2055 798 magistro
2094 739 2203 805 (M.
2240 737 2486 805 Rufus).

690 844 754 909 S.
849 846 1065 924 Doleo,
1142 846 1312 927 quod
1388 846 1532 927 pius
1608 847 1902 911 sacerdos
1931 858 1959 887 ⁸
2050 849 2393 911 salutarem
2484 850 2767 947 digitum

486 931 790 995 sinistrae
863 953 1092 1029 manus
1168 931 1589 994 detruncavit.
1706 933 1964 996 Amavit
2032 932 2438 1015 Spalatinum
2506 940 2581 997 ut
2648 938 2767 1017 qui

484 1017 766 1081 maxime
812 1021 892 1080 et
920 1016 1198 1080 vicissim
1247 1017 1607 1094 amabatur,
1652 1022 1727 1080 ut
1770 1019 2052 1100 optimus
2099 1019 2449 1116 discipulus
2495 1042 2531 1081 a
2579 1041 2770 1100 prae-

487 1107 740 1186 ceptore
808 1086 1100 1166 sincero.¹
1195 1100 1332 1165 Sub
1398 1102 1762 1165 Herebordo
1832 1125 1961 1167 non
2019 1104 2265 1167 remisit
2330 1104 2767 1167 intentionem

487 1188 770 1252 discendi
837 1190 1218 1285 tantumque
1289 1187 1577 1267 profecit,
1640 1192 1713 1251 ut
1774 1192 1942 1251 esset
1998 1190 2164 1252 inter
2224 1190 2521 1271 aequales
2582 1190 2769 1253 velut

488 1274 778 1337 eximius.
869 1270 1016 1335 Jam
1061 1273 1257 1335 sacris
1304 1272 1651 1353 majoribus
1716 1273 2011 1337 initiatus
2072 1274 2230 1337 nihil
2293 1276 2467 1356 prius
2529 1274 2767 1339 habuit

490 1380 681 1439 quam
757 1356 1022 1421 cottidie
1097 1357 1211 1419 deo
1288 1357 1448 1419 Pani
1524 1358 1878 1422 sacrificare
1953 1382 2027 1422 ac
2101 1360 2387 1422 divinum
2481 1360 2768 1423 lambere

493 1444 893 1524 sanguinem.
986 1442 1318 1507 Persoluto
1365 1464 1512 1506 vero
1560 1465 1758 1524 penso
1802 1444 2131 1525 religionis
2163 1445 2423 1508 transiit
2454 1445 2535 1509 ab
2569 1446 2769 1513 rebus

489 1530 726 1592 divinis
759 1529 839 1591 ad
873 1527 1260 1591 cultissimas
1298 1527 1724 1610 professiones
1757 1534 1928 1592 tuas:
1962 1535 2095 1593 tam
2131 1550 2373 1593 morum
2423 1530 2768 1611 majestat-e

492 1614 948 1677 venerabilis,b
1053 1612 1280 1676 Verum
1347 1614 1468 1676 hoc
1534 1612 2052 1678 honestissimum
2129 1615 2299 1678 vitae
2366 1616 2767 1693 institutum,

490 1700 602 1780 qui
648 1720 892 1780 semper
938 1702 1230 1762 sanctum
1297 1720 1459 1780 opus
1504 1699 1628 1779 piis
1674 1700 1937 1777 invidet,
1986 1702 2406 1764 cacodaemon
2455 1702 2769 1765 intertur-

489 1784 688 1847 bavit.
779 1784 1045 1847 Mandat
1102 1805 1324 1847 censor
1381 1783 1602 1847 fulcire
1662 1787 2023 1867 topiarium.
2116 1785 2530 1867 Obtemperat
2590 1788 2767 1869 patri

487 1870 678 1932 filius,
789 1869 872 1932 Et
941 1890 1084 1932 ecce
1150 1870 1300 1932 dum
1371 1869 1584 1951 palum
1653 1870 1897 1934 dolaret
1962 1878 2366 1953 acueretque,
2440 1871 2770 1935 aberravit

493 1956 660 2018 ictus
705 1955 771 2017 in
822 1953 1060 2019 Christi
1107 1955 1370 2018 cultoris
1427 1952 1733 2018 christum
1800 1956 2090 2019 indicem
2101 1954 2122 1987 ²
2214 1956 2266 2020 O
2314 1978 2565 2021 caecam
2612 1978 2766 2040 pro-

492 2040 872 2117 videntiam,
942 2062 979 2103 o
1030 2040 1238 2121 justas
1308 2039 1613 2103 Heracliti
1678 2042 2004 2105 lacrimas!
2106 2041 2303 2117 Quem
2372 2064 2499 2106 non
2566 2065 2759 2106 casus

489 2126 611 2189 iste
677 2125 1082 2189 vehementer
1143 2126 1604 2189 contristaret?
1694 2126 1795 2190 Me
1860 2130 2027 2190 certe
2089 2127 2421 2191 luctuosus
2490 2133 2767 2192 eventus

489 2210 950 2275 moestitudine
1023 2232 1152 2273 non
1229 2211 1474 2291 vulgari
1560 2212 1868 2275 confudit.
1989 2212 2116 2276 Sed
2189 2214 2340 2293 quid
2418 2214 2771 2294 proficiunt

494 2296 832 2377 querelae?
899 2296 1166 2359 Factum
1192 2296 1498 2359 mfectum
1524 2296 1662 2359 fieri
1694 2297 1933 2379 nequit.
2006 2297 2449 2362 Adhibeantur
2474 2299 2769 2363 fomenta

491 2383 806 2464 splenium
876 2386 1108 2460 cerata,
1171 2388 1244 2445 ut
1299 2382 1524 2445 saltem
1591 2383 1904 2464 reliquum
1967 2384 2174 2464 digiti,
2234 2386 2286 2447 si
2345 2384 2534 2449 modo
2604 2386 2767 2468 quid

493 2469 806 2550 reliquum
875 2472 991 2544 est,
1061 2471 1334 2531 curetur.
1446 2467 1672 2531 Inveni
1737 2491 1911 2552 spem
1981 2469 2215 2534 bonam
2283 2471 2586 2534 adversus
2655 2473 2768 2534 de·-

494 2554 938 2636 sperationem,
963 2553 1088 2616 nisi
1120 2553 1436 2618 defuerint
1459 2575 1681 2618 omnes
1712 2558 1838 2619 tres
1868 2555 2139 2618 articuli.
2216 2555 2411 2619 Valde
2444 2557 2767 2639 siquidem

493 2662 595 2702 me
662 2643 951 2704 recreant
1022 2641 1296 2722 primum
1364 2643 1430 2702 et
1497 2639 1793 2704 ultimum
1870 2646 2063 2724 caput
2134 2642 2216 2705 ad
2280 2641 2599 2705 rubricam
2667 2642 2767 2705 De

495 2745 754 2808 corpore
800 2725 1060 2788 vitiatis.
1153 2725 1318 2788 Audi
1364 2746 1602 2806 quaeso
1643 2725 1837 2788 verba
1891 2727 2237 2790 Alexandri
2266 2726 2407 2789 III.:
2461 2727 2591 2808 „De
2620 2749 2765 2809 pre-

502 2810 756 2892 sbytero
819 2809 1224 2892 Campaniae,
1273 2811 1382 2892 qui
1430 2811 1710 2874 duellum
1774 2817 2002 2892 sponte
2062 2811 2300 2876 obtulit
2358 2818 2425 2875 et
2470 2813 2761 2876 oblatum

498 2897 780 2978 suscepit
826 2900 891 2959 et
934 2897 999 2958 in
1051 2917 1122 2958 eo
1169 2903 1410 2978 partem
1471 2897 1658 2976 digiti
1720 2898 1967 2960 amisit:
2029 2898 2529 2979 RespondemuS,
2590 2899 2765 2978 quod

499 3004 642 3045 cum
690 2984 826 3064 ipse
875 3003 1000 3044 non
1051 2982 1392 3064 perdiderit
1423 2986 1674 3046 tantum
1726 2982 1801 3044 de
1847 2983 2069 3063 digito,
2102 2985 2253 3064 quin
2290 2985 2425 3045 sine
2456 2985 2761 3048 scandalo

494 3069 700 3150 possit
747 3067 1115 3130 solemniter
1163 3067 1498 3135 celebrare,
1549 3069 1708 3130 satis
1754 3072 1935 3148 potes
1982 3074 2127 3149 post
2172 3074 2491 3149 peractam
2539 3071 2762 3151 poeni-

492 3155 769 3217 tentiam
819 3175 961 3216 cum
1011 3174 1082 3216 eo
1113 3153 1617 3216 ‘misericorditer
1664 3175 1849 3234 agere
1894 3157 1958 3215 et
2005 3155 2365 3235 permittere
2426 3154 2634 3234 ipsum
2692 3156 2759 3217 in

493 3261 609 3302 suo
669 3239 886 3302 ordine
947 3235 1378 3302 ministrare“³
1435 3243 1498 3302 et
1553 3243 1779 3302 cetera.
1871 3239 1962 3301 De
2004 3239 2297 3302 osoribus
2364 3239 2759 3304 literatorum

495 3324 656 3388 nihil
735 3347 922 3388 curae
994 3324 1252 3387 habeas,
1343 3323 1517 3387 Nihil
1582 3323 1779 3386 Momi
1844 3344 1971 3387 non
2042 3329 2328 3406 carpunt.
2420 3325 2537 3388 Est
2594 3327 2763 3389 inter

497 3411 721 3474 doctos
765 3411 1188 3490 indoctosque
1231 3415 1296 3472 et
1342 3410 1466 3472 fuit
1513 3414 1578 3472 et
1622 3431 1866 3491 semper
1912 3411 2031 3473 erit
2076 3411 2290 3473 odium
2325 3409 2753 3474 Vatinianum.

499 3495 743 3560 Rhanis
788 3494 1034 3559 noster*
1077 3495 1405 3558 Vuldanus
1451 3499 1549 3558 est
1594 3515 1997 3573 oeconomus,
2063 3517 2186 3558 non
2253 3495 2757 3560 HersfeldiensiS.

497 3580 758 3644 Poetam
823 3581 1223 3645 teutonicum
1280 3580 1547 3644 necdum
1595 3580 1851 3662 perlegi.
1862 3579 1883 3611 ⁵
1973 3580 2210 3662 Adjuro
2258 3585 2322 3644 te
2368 3603 2479 3664 per
2522 3582 2760 3660 MusaS,

632 3730 660 3759 a
687 3715 796 3768 Am
831 3715 1018 3768 Raude
1053 3713 1140 3766 die
1185 3715 1366 3767 Glosse
1402 3730 1503 3766 von
1537 3718 1773 3782 spa-teror
1822 3713 2021 3766 Hand:
2058 3713 2121 3766 J
2094 3729 2151 3765 os
2186 3712 2489 3766 hoekirchn.
2629 3717 2658 3755 b
2684 3711 2763 3764 Es

497 3784 746 3836 scheinen
779 3784 952 3851 ein-2¹96
997 3782 1172 3835 Worte
1207 3782 1549 3851 ausyefallen‚
1586 3787 1749 3834 etwas
1788 3798 1945 3848 quam
1984 3781 2153 3833 cultu·
2164 3781 2451 3835 literarum.

640 3855 656 3884 ¹
693 3853 868 3905 Wenn
905 3853 990 3905 die
1025 3851 1176 3904 Rand
1178 3852 1348 3918 glosse
1393 3851 1514 3905 Joh.
1563 3850 1969 3903 Hohenkirchen
2008 3849 2203 3918 richtig
2237 3850 2323 3916 ist,
2361 3867 2419 3902 so
2454 3849 2527 3901 ist
2561 3850 2655 3900 der
2688 3847 2763 3900 im

498 3919 586 3973 Br.
609 3920 872 3989 Spalatins
909 3937 974 3974 an
993 3919 1345 3973 MusardusS.
1369 3920 1470 3972 213
1495 3935 1601 3971 erw
1604 3920 1762 3972 ahnte
1780 3918 2141 3986 Honegirchas
2173 3919 2418 3986 gemeint.
2526 3919 2546 3948 ²
2583 3917 2763 3985 Zeige-

496 3989 675 4056 finger.
789 3991 808 4021 ³
843 3989 1100 4043 Decretal.
1141 3989 1278 4056 Greg
1279 4005 1350 4040 or.
1388 3987 1485 4051 IX,
1524 3988 1556 4041 l.
1594 3988 1635 4052 I,
1672 3988 1749 4041 tit.
1790 3987 1871 4056 2Q,
1911 3988 1955 4038 1.
2080 3987 2100 4018 ⁴
2133 3987 2233 4039 Ein
2266 3987 2529 4039 Henricus
2564 3985 2764 4038 Rhanis

496 4057 551 4108 in
588 4058 760 4110 Gotha
802 4059 934 4110 wird
976 4006 1278 4109 mehrfachg
1298 4058 1549 4119 erwahnt,
1596 4071 1653 4107 so
1702 4055 1779 4107 als
1815 4046 1866 4107 U
1874 4055 2114 4122 ber-ming
2096 4071 2175 4108 ³··e1
2211 4072 2315 4107 von
2352 4055 2559 4107 Briefcn
2622 4055 2758 4121 (271.

497 4124 598 4177 282
635 4126 727 4178 des
764 4126 926 4195 Cod.,)
968 4128 1100 4178 1515
1137 4125 1215 4178 als
1253 4141 1402 4177 corae
1439 4127 1755 4192 procurator,
1794 4125 2049 4191 Besorgcr
2074 4126 2165 4176 der
2184 4123 2593 4176 Wachskcrzen.
2626 4124 2761 4176 daun

497 4193 576 4246 als
611 4195 885 4262 presbyter
920 4193 1154 4246 notarius
1191 4194 1327 4259 (446.
1366 4194 1468 4245 483
1505 4194 1598 4244 des
1635 4192 1797 4260 Cmod)
1872 4193 2001 4244 Hier
2036 4193 2105 4245 ist
2140 4193 2224 4243 ein
2261 4193 2480 4243 andorer
2515 4179 2763 4259 genieint,

495 4211 772 4315 Thespibius
819 4263 1034 4324 Rhanis,
1083 4263 1176 4314 der
1225 4278 1328 4313 von
1379 4261 1565 4314 Clotus
1610 4277 1706 4313 aus
1740 4261 1908 4313 Fulda
1954 4263 2086 4313 1513
2138 4261 2222 4312 ein
2257 4260 2410 4312 Buch
2458 4277 2521 4313 an
2560 4260 2763 4312 Mutian

496 4330 802 4399 iiberbringt
853 4332 974 4399 (305
1022 4332 1114 4384 des
1163 4329 1324 4397 Cod.).
1467 4332 1488 4361 ὅ
1522 4328 1810 4381 Vielleicht
1859 4329 1976 4382 Scb.
2022 4330 2201 4396 Brant,
2251 4329 2347 4380 mit
2393 4330 2515 4381 dem
2558 4328 2763 4382 Mutian

498 4397 912 4454 Bekanntschaft
945 4399 1084 4467 zeigt
1120 4399 1242 4467 (449
1279 4398 1372 4451 des
1407 4397 1571 4465 Cod.).
1706 4401 1719 4417 ·
