<?xml version="1.0" encoding="UTF-8"?>
<!DOCTYPE html PUBLIC "-//W3C//DTD XHTML 1.0 Transitional//EN"
    "http://www.w3.org/TR/xhtml1/DTD/xhtml1-transitional.dtd">
<html xmlns="http://www.w3.org/1999/xhtml" xml:lang="en" lang="en">
 <head>
  <title>
</title>
<meta http-equiv="Content-Type" content="text/html;charset=utf-8" />
  <meta name='ocr-system' content='tesseract 3.04.00' />
  <meta name='ocr-capabilities' content='ocr_page ocr_carea ocr_par ocr_line ocrx_word'/>
</head>
<body>
  <div class='ocr_page' id='page_1' title='image "./derbriefwechsel02kraugoog_0391.png"; bbox 0 0 3084 4895; ppageno 0'>
   <div class='ocr_carea' id='block_1_1' title="bbox 1211 363 2608 439">
    <p class='ocr_par' dir='ltr' id='par_1_1' title="bbox 1211 363 2608 439">
     <span class='ocr_line' id='line_1_1' title="bbox 1211 363 2608 439; baseline 0 -10"><span class='ocrx_word' id='word_1_1' title='bbox 1211 366 1422 430; x_wconf 82' lang='lat' dir='ltr'>Mutian</span> <span class='ocrx_word' id='word_1_2' title='bbox 1455 390 1525 428; x_wconf 82' lang='lat' dir='ltr'>an</span> <span class='ocrx_word' id='word_1_3' title='bbox 1560 363 1760 429; x_wconf 79' lang='lat' dir='ltr'>Urban.</span> <span class='ocrx_word' id='word_1_4' title='bbox 2482 368 2608 439; x_wconf 82' lang='lat'>305</span> 
     </span>
    </p>
   </div>
   <div class='ocr_carea' id='block_1_2' title="bbox 363 539 2613 1404">
    <p class='ocr_par' dir='ltr' id='par_1_2' title="bbox 363 539 2613 1404">
     <span class='ocr_line' id='line_1_2' title="bbox 363 539 2605 631; baseline -0.001 -20"><span class='ocrx_word' id='word_1_5' title='bbox 363 539 552 613; x_wconf 82' lang='lat' dir='ltr'>facile</span> <span class='ocrx_word' id='word_1_6' title='bbox 596 546 848 630; x_wconf 86' lang='lat' dir='ltr'>probari</span> <span class='ocrx_word' id='word_1_7' title='bbox 904 550 1132 631; x_wconf 89' lang='lat' dir='ltr'>potest.</span> <span class='ocrx_word' id='word_1_8' title='bbox 1222 548 1410 613; x_wconf 88' lang='lat' dir='ltr'>Nosti</span> <span class='ocrx_word' id='word_1_9' title='bbox 1466 549 1632 613; x_wconf 90' lang='lat' dir='ltr'>enim</span> <span class='ocrx_word' id='word_1_10' title='bbox 1692 569 1898 611; x_wconf 89' lang='lat' dir='ltr'>mores</span> <span class='ocrx_word' id='word_1_11' title='bbox 1942 551 2007 611; x_wconf 93' lang='lat' dir='ltr'>et</span> <span class='ocrx_word' id='word_1_12' title='bbox 2052 550 2340 609; x_wconf 86' lang='lat' dir='ltr'>naturam</span> <span class='ocrx_word' id='word_1_13' title='bbox 2402 547 2605 611; x_wconf 85' lang='lat' dir='ltr'>amici.</span> 
     </span>
     <span class='ocr_line' id='line_1_3' title="bbox 366 633 2609 717; baseline -0.001 -19"><span class='ocrx_word' id='word_1_14' title='bbox 366 638 452 698; x_wconf 85' lang='lat' dir='ltr'>At</span> <span class='ocrx_word' id='word_1_15' title='bbox 495 636 630 717; x_wconf 87' lang='lat' dir='ltr'>ipse</span> <span class='ocrx_word' id='word_1_16' title='bbox 676 654 926 716; x_wconf 90' lang='lat' dir='ltr'>quoque</span> <span class='ocrx_word' id='word_1_17' title='bbox 972 636 1137 698; x_wconf 86' lang='lat' dir='ltr'>tueri</span> <span class='ocrx_word' id='word_1_18' title='bbox 1189 636 1557 699; x_wconf 88' lang='lat' dir='ltr'>institutum</span> <span class='ocrx_word' id='word_1_19' title='bbox 1617 634 1788 697; x_wconf 86' lang='lat' dir='ltr'>illius</span> <span class='ocrx_word' id='word_1_20' title='bbox 1854 633 1973 697; x_wconf 87' lang='lat' dir='ltr'>hoc</span> <span class='ocrx_word' id='word_1_21' title='bbox 2026 633 2171 697; x_wconf 86' lang='lat' dir='ltr'>fuco</span> <span class='ocrx_word' id='word_1_22' title='bbox 2232 654 2499 716; x_wconf 89' lang='lat' dir='ltr'>possem,</span> <span class='ocrx_word' id='word_1_23' title='bbox 2554 633 2609 696; x_wconf 91' lang='lat' dir='ltr'>si</span> 
     </span>
     <span class='ocr_line' id='line_1_4' title="bbox 366 719 2611 803; baseline -0.001 -19"><span class='ocrx_word' id='word_1_24' title='bbox 366 719 587 785; x_wconf 86' lang='lat' dir='ltr'>vellem</span> <span class='ocrx_word' id='word_1_25' title='bbox 637 723 750 784; x_wconf 91' lang='lat' dir='ltr'>aut</span> <span class='ocrx_word' id='word_1_26' title='bbox 793 720 1133 803; x_wconf 70' lang='lat' dir='ltr'>expediret.</span> <span class='ocrx_word' id='word_1_27' title='bbox 1225 721 1324 785; x_wconf 91' lang='lat' dir='ltr'>Ita</span> <span class='ocrx_word' id='word_1_28' title='bbox 1367 742 1537 785; x_wconf 88' lang='lat' dir='ltr'>nunc</span> <span class='ocrx_word' id='word_1_29' title='bbox 1584 741 1720 783; x_wconf 91' lang='lat' dir='ltr'>mos</span> <span class='ocrx_word' id='word_1_30' title='bbox 1766 722 1955 801; x_wconf 83' lang='lat' dir='ltr'>viget..</span> <span class='ocrx_word' id='word_1_31' title='bbox 2046 719 2375 801; x_wconf 81' lang='lat' dir='ltr'>Auspicari</span> <span class='ocrx_word' id='word_1_32' title='bbox 2430 719 2611 783; x_wconf 86' lang='lat' dir='ltr'>aliter</span> 
     </span>
     <span class='ocr_line' id='line_1_5' title="bbox 367 804 2609 888; baseline -0 -19"><span class='ocrx_word' id='word_1_33' title='bbox 367 806 486 871; x_wconf 89' lang='lat' dir='ltr'>fori</span> <span class='ocrx_word' id='word_1_34' title='bbox 550 806 845 870; x_wconf 87' lang='lat' dir='ltr'>tirocinia</span> <span class='ocrx_word' id='word_1_35' title='bbox 907 828 1032 871; x_wconf 90' lang='lat' dir='ltr'>non</span> <span class='ocrx_word' id='word_1_36' title='bbox 1096 806 1262 870; x_wconf 90' lang='lat' dir='ltr'>licet.</span> <span class='ocrx_word' id='word_1_37' title='bbox 1351 807 1605 870; x_wconf 85' lang='lat' dir='ltr'>Nemini</span> <span class='ocrx_word' id='word_1_38' title='bbox 1666 806 2014 888; x_wconf 86' lang='lat' dir='ltr'>jucundum</span> <span class='ocrx_word' id='word_1_39' title='bbox 2084 826 2241 883; x_wconf 89' lang='lat' dir='ltr'>esse,</span> <span class='ocrx_word' id='word_1_40' title='bbox 2305 804 2609 869; x_wconf 89' lang='lat' dir='ltr'>infestum</span> 
     </span>
     <span class='ocr_line' id='line_1_6' title="bbox 368 891 2611 975; baseline -0.001 -18"><span class='ocrx_word' id='word_1_41' title='bbox 368 892 684 975; x_wconf 80' lang='lat' dir='ltr'>omnibuS,</span> <span class='ocrx_word' id='word_1_42' title='bbox 765 894 980 956; x_wconf 89' lang='lat' dir='ltr'>omnia</span> <span class='ocrx_word' id='word_1_43' title='bbox 1051 893 1302 957; x_wconf 85' lang='lat' dir='ltr'>venalia</span> <span class='ocrx_word' id='word_1_44' title='bbox 1368 892 1621 969; x_wconf 85' lang='lat' dir='ltr'>habere,</span> <span class='ocrx_word' id='word_1_45' title='bbox 1688 891 1921 969; x_wconf 84' lang='lat' dir='ltr'>fallere,</span> <span class='ocrx_word' id='word_1_46' title='bbox 1988 911 2223 974; x_wconf 87' lang='lat' dir='ltr'>rapere,</span> <span class='ocrx_word' id='word_1_47' title='bbox 2290 891 2611 972; x_wconf 82' lang='lat' dir='ltr'>superbire</span> 
     </span>
     <span class='ocr_line' id='line_1_7' title="bbox 367 978 2611 1061; baseline -0.001 -19"><span class='ocrx_word' id='word_1_48' title='bbox 367 980 688 1061; x_wconf 86' lang='lat' dir='ltr'>proprium</span> <span class='ocrx_word' id='word_1_49' title='bbox 736 983 834 1042; x_wconf 91' lang='lat' dir='ltr'>est</span> <span class='ocrx_word' id='word_1_50' title='bbox 877 980 1247 1043; x_wconf 88' lang='lat' dir='ltr'>excellentis</span> <span class='ocrx_word' id='word_1_51' title='bbox 1291 978 1627 1058; x_wconf 81' lang='lat' dir='ltr'>causidici3</span> <span class='ocrx_word' id='word_1_52' title='bbox 1675 984 1748 1042; x_wconf 92' lang='lat' dir='ltr'>ut</span> <span class='ocrx_word' id='word_1_53' title='bbox 1792 978 2027 1046; x_wconf 85' lang='lat' dir='ltr'>imitari</span> <span class='ocrx_word' id='word_1_54' title='bbox 2070 978 2227 1041; x_wconf 88' lang='lat' dir='ltr'>illud</span> <span class='ocrx_word' id='word_1_55' title='bbox 2284 978 2611 1041; x_wconf 77' lang='lat' dir='ltr'>Juvenalis</span> 
     </span>
     <span class='ocr_line' id='line_1_8' title="bbox 368 1063 2613 1147; baseline -0.001 -18"><span class='ocrx_word' id='word_1_56' title='bbox 368 1065 658 1129; x_wconf 86' lang='lat' dir='ltr'>videatur</span> <span class='ocrx_word' id='word_1_57' title='bbox 735 1065 1134 1130; x_wconf 88' lang='lat' dir='ltr'>contentiosa</span> <span class='ocrx_word' id='word_1_58' title='bbox 1207 1086 1432 1128; x_wconf 85' lang='lat' dir='ltr'>manus</span> <span class='ocrx_word' id='word_1_59' title='bbox 1507 1065 1649 1129; x_wconf 87' lang='lat' dir='ltr'>illa:</span> <span class='ocrx_word' id='word_1_60' title='bbox 1725 1064 1940 1147; x_wconf 87' lang='lat' dir='ltr'>„Ande</span> <span class='ocrx_word' id='word_1_61' title='bbox 2007 1063 2249 1145; x_wconf 85' lang='lat' dir='ltr'>aliquid</span> <span class='ocrx_word' id='word_1_62' title='bbox 2316 1064 2613 1127; x_wconf 88' lang='lat' dir='ltr'>brevibus</span> 
     </span>
     <span class='ocr_line' id='line_1_9' title="bbox 371 1147 2611 1234; baseline -0 -20"><span class='ocrx_word' id='word_1_63' title='bbox 371 1150 597 1234; x_wconf 84' lang='lat' dir='ltr'>Gyaris</span> <span class='ocrx_word' id='word_1_64' title='bbox 641 1156 706 1214; x_wconf 90' lang='lat' dir='ltr'>et</span> <span class='ocrx_word' id='word_1_65' title='bbox 751 1172 995 1215; x_wconf 84' lang='lat' dir='ltr'>carcere</span> <span class='ocrx_word' id='word_1_66' title='bbox 1027 1150 1309 1234; x_wconf 86' lang='lat' dir='ltr'>dignum,</span> <span class='ocrx_word' id='word_1_67' title='bbox 1343 1150 1410 1215; x_wconf 81' lang='lat' dir='ltr'>Si</span> <span class='ocrx_word' id='word_1_68' title='bbox 1459 1151 1555 1214; x_wconf 89' lang='lat' dir='ltr'>vis</span> <span class='ocrx_word' id='word_1_69' title='bbox 1600 1173 1737 1214; x_wconf 86' lang='lat' dir='ltr'>esse</span> <span class='ocrx_word' id='word_1_70' title='bbox 1780 1147 2078 1233; x_wconf 86' lang='lat' dir='ltr'>aliquid.“</span> <span class='ocrx_word' id='word_1_71' title='bbox 2104 1152 2119 1182; x_wconf 85' lang='lat'><strong>¹</strong></span> <span class='ocrx_word' id='word_1_72' title='bbox 2210 1149 2380 1213; x_wconf 89' lang='lat' dir='ltr'>Nihil</span> <span class='ocrx_word' id='word_1_73' title='bbox 2428 1154 2611 1227; x_wconf 89' lang='lat' dir='ltr'>esset,</span> 
     </span>
     <span class='ocr_line' id='line_1_10' title="bbox 370 1236 2613 1319; baseline -0 -19"><span class='ocrx_word' id='word_1_74' title='bbox 370 1242 436 1301; x_wconf 91' lang='lat' dir='ltr'>et</span> <span class='ocrx_word' id='word_1_75' title='bbox 493 1238 658 1318; x_wconf 87' lang='lat' dir='ltr'>patri</span> <span class='ocrx_word' id='word_1_76' title='bbox 718 1241 783 1301; x_wconf 91' lang='lat' dir='ltr'>et</span> <span class='ocrx_word' id='word_1_77' title='bbox 847 1238 1090 1319; x_wconf 80' lang='lat' dir='ltr'>patriae</span> <span class='ocrx_word' id='word_1_78' title='bbox 1157 1236 1569 1319; x_wconf 86' lang='lat' dir='ltr'>contemptui,</span> <span class='ocrx_word' id='word_1_79' title='bbox 1637 1236 1764 1300; x_wconf 90' lang='lat' dir='ltr'>imo</span> <span class='ocrx_word' id='word_1_80' title='bbox 1831 1238 2005 1301; x_wconf 88' lang='lat' dir='ltr'>velut</span> <span class='ocrx_word' id='word_1_81' title='bbox 2070 1236 2358 1319; x_wconf 82' lang='lat' dir='ltr'>ignavuS,</span> <span class='ocrx_word' id='word_1_82' title='bbox 2424 1236 2613 1313; x_wconf 79' lang='lat' dir='ltr'>inerS,</span> 
     </span>
     <span class='ocr_line' id='line_1_11' title="bbox 370 1322 2613 1404; baseline -0 -18"><span class='ocrx_word' id='word_1_83' title='bbox 370 1323 699 1404; x_wconf 82' lang='lat' dir='ltr'>inglorius,</span> <span class='ocrx_word' id='word_1_84' title='bbox 774 1323 1178 1399; x_wconf 79' lang='lat' dir='ltr'>intestabilis,</span> <span class='ocrx_word' id='word_1_85' title='bbox 1248 1323 1303 1385; x_wconf 89' lang='lat' dir='ltr'>si</span> <span class='ocrx_word' id='word_1_86' title='bbox 1371 1344 1508 1386; x_wconf 89' lang='lat' dir='ltr'>meo</span> <span class='ocrx_word' id='word_1_87' title='bbox 1578 1344 1747 1387; x_wconf 89' lang='lat' dir='ltr'>more</span> <span class='ocrx_word' id='word_1_88' title='bbox 1812 1323 2019 1402; x_wconf 86' lang='lat' dir='ltr'>fidem,</span> <span class='ocrx_word' id='word_1_89' title='bbox 2086 1322 2613 1400; x_wconf 79' lang='lat' dir='ltr'>benevolentiam,</span> 
     </span>
    </p>
   </div>
   <div class='ocr_carea' id='block_1_3' title="bbox 269 1409 2617 1490">
    <p class='ocr_par' dir='ltr' id='par_1_3' title="bbox 269 1409 2617 1490">
     <span class='ocr_line' id='line_1_12' title="bbox 269 1409 2617 1490; baseline -0.001 -17"><span class='ocrx_word' id='word_1_90' title='bbox 269 1475 274 1479; x_wconf 79' lang='grc'>,</span> <span class='ocrx_word' id='word_1_91' title='bbox 373 1410 746 1473; x_wconf 87' lang='lat' dir='ltr'>modestiam</span> <span class='ocrx_word' id='word_1_92' title='bbox 802 1414 1222 1473; x_wconf 71' lang='lat' dir='ltr'>assentaretur</span> <span class='ocrx_word' id='word_1_93' title='bbox 1277 1412 1342 1473; x_wconf 89' lang='lat' dir='ltr'>et</span> <span class='ocrx_word' id='word_1_94' title='bbox 1401 1409 1652 1473; x_wconf 86' lang='lat' dir='ltr'>coleret.</span> <span class='ocrx_word' id='word_1_95' title='bbox 1741 1410 1841 1473; x_wconf 89' lang='lat' dir='ltr'>Ita</span> <span class='ocrx_word' id='word_1_96' title='bbox 1900 1410 2081 1473; x_wconf 90' lang='lat' dir='ltr'>nihili</span> <span class='ocrx_word' id='word_1_97' title='bbox 2125 1409 2201 1472; x_wconf 89' lang='lat' dir='ltr'>fit</span> <span class='ocrx_word' id='word_1_98' title='bbox 2244 1409 2617 1490; x_wconf 87' lang='lat' dir='ltr'>simplicitas</span> 
     </span>
    </p>
   </div>
   <div class='ocr_carea' id='block_1_4' title="bbox 365 1494 2637 2610">
    <p class='ocr_par' dir='ltr' id='par_1_4' title="bbox 365 1494 2637 2610">
     <span class='ocr_line' id='line_1_13' title="bbox 373 1494 2615 1560; baseline -0 -1"><span class='ocrx_word' id='word_1_99' title='bbox 373 1500 438 1559; x_wconf 86' lang='lat' dir='ltr'>et</span> <span class='ocrx_word' id='word_1_100' title='bbox 496 1496 878 1559; x_wconf 87' lang='lat' dir='ltr'>innocentia.</span> <span class='ocrx_word' id='word_1_101' title='bbox 967 1494 1067 1559; x_wconf 87' lang='lat' dir='ltr'>Ita</span> <span class='ocrx_word' id='word_1_102' title='bbox 1111 1494 1315 1559; x_wconf 83' lang='lat' dir='ltr'>fastus</span> <span class='ocrx_word' id='word_1_103' title='bbox 1373 1498 1436 1559; x_wconf 89' lang='lat' dir='ltr'>et</span> <span class='ocrx_word' id='word_1_104' title='bbox 1492 1496 1833 1560; x_wconf 86' lang='lat' dir='ltr'>insolentia</span> <span class='ocrx_word' id='word_1_105' title='bbox 1878 1500 1941 1560; x_wconf 93' lang='lat' dir='ltr'>et</span> <span class='ocrx_word' id='word_1_106' title='bbox 1986 1494 2353 1559; x_wconf 86' lang='lat' dir='ltr'>dominandi</span> <span class='ocrx_word' id='word_1_107' title='bbox 2417 1494 2615 1559; x_wconf 89' lang='lat' dir='ltr'>libido</span> 
     </span>
     <span class='ocr_line' id='line_1_14' title="bbox 371 1580 2615 1665; baseline -0.001 -20"><span class='ocrx_word' id='word_1_108' title='bbox 371 1581 724 1665; x_wconf 89' lang='lat' dir='ltr'>substrepit</span> <span class='ocrx_word' id='word_1_109' title='bbox 779 1582 844 1645; x_wconf 90' lang='lat' dir='ltr'>in</span> <span class='ocrx_word' id='word_1_110' title='bbox 899 1580 1074 1645; x_wconf 89' lang='lat' dir='ltr'>omni</span> <span class='ocrx_word' id='word_1_111' title='bbox 1132 1582 1384 1665; x_wconf 82' lang='lat' dir='ltr'>populo,</span> <span class='ocrx_word' id='word_1_112' title='bbox 1474 1580 1807 1645; x_wconf 87' lang='lat' dir='ltr'>Praeterea</span> <span class='ocrx_word' id='word_1_113' title='bbox 1864 1585 2081 1665; x_wconf 90' lang='lat' dir='ltr'>posset</span> <span class='ocrx_word' id='word_1_114' title='bbox 2133 1580 2339 1659; x_wconf 81' lang='lat' dir='ltr'>nobiS,</span> <span class='ocrx_word' id='word_1_115' title='bbox 2394 1581 2449 1645; x_wconf 91' lang='lat' dir='ltr'>si</span> <span class='ocrx_word' id='word_1_116' title='bbox 2500 1580 2615 1645; x_wconf 95' lang='lat' dir='ltr'>ob—</span> 
     </span>
     <span class='ocr_line' id='line_1_15' title="bbox 365 1666 2637 1750; baseline -0.001 -19"><span class='ocrx_word' id='word_1_117' title='bbox 365 1667 746 1749; x_wconf 85' lang='lat' dir='ltr'>jurgaretur,</span> <span class='ocrx_word' id='word_1_118' title='bbox 792 1669 1195 1750; x_wconf 90' lang='lat' dir='ltr'>respondere:</span> <span class='ocrx_word' id='word_1_119' title='bbox 1259 1666 1679 1750; x_wconf 85' lang='lat' dir='ltr'>„Margaritus</span> <span class='ocrx_word' id='word_1_120' title='bbox 1724 1690 1861 1739; x_wconf 88' lang='lat' dir='ltr'>sum</span> <span class='ocrx_word' id='word_1_121' title='bbox 1912 1672 1976 1731; x_wconf 86' lang='lat' dir='ltr'>et</span> <span class='ocrx_word' id='word_1_122' title='bbox 2020 1668 2141 1730; x_wconf 89' lang='lat' dir='ltr'>mei</span> <span class='ocrx_word' id='word_1_123' title='bbox 2186 1668 2383 1750; x_wconf 89' lang='lat' dir='ltr'>patris</span> <span class='ocrx_word' id='word_1_124' title='bbox 2427 1667 2637 1750; x_wconf 52' lang='lat' dir='ltr'>filius„</span> 
     </span>
     <span class='ocr_line' id='line_1_16' title="bbox 373 1752 2619 1836; baseline 0 -19"><span class='ocrx_word' id='word_1_125' title='bbox 373 1753 640 1835; x_wconf 89' lang='lat' dir='ltr'>gloriola</span> <span class='ocrx_word' id='word_1_126' title='bbox 685 1752 982 1831; x_wconf 87' lang='lat' dir='ltr'>delector,</span> <span class='ocrx_word' id='word_1_127' title='bbox 1043 1752 1318 1836; x_wconf 82' lang='lat' dir='ltr'>politicis</span> <span class='ocrx_word' id='word_1_128' title='bbox 1364 1754 1490 1817; x_wconf 91' lang='lat' dir='ltr'>imo</span> <span class='ocrx_word' id='word_1_129' title='bbox 1542 1754 1757 1835; x_wconf 88' lang='lat' dir='ltr'>politis</span> <span class='ocrx_word' id='word_1_130' title='bbox 1801 1754 2086 1817; x_wconf 88' lang='lat' dir='ltr'>vestibus</span> <span class='ocrx_word' id='word_1_131' title='bbox 2133 1754 2365 1836; x_wconf 88' lang='lat' dir='ltr'>capior,</span> <span class='ocrx_word' id='word_1_132' title='bbox 2422 1752 2619 1817; x_wconf 86' lang='lat' dir='ltr'>facul—</span> 
     </span>
     <span class='ocr_line' id='line_1_17' title="bbox 371 1838 2623 1921; baseline -0.001 -18"><span class='ocrx_word' id='word_1_133' title='bbox 371 1843 542 1904; x_wconf 86' lang='lat' dir='ltr'>tates</span> <span class='ocrx_word' id='word_1_134' title='bbox 588 1840 835 1917; x_wconf 78' lang='lat' dir='ltr'>desunt,</span> <span class='ocrx_word' id='word_1_135' title='bbox 882 1860 1029 1921; x_wconf 88' lang='lat' dir='ltr'>ergo</span> <span class='ocrx_word' id='word_1_136' title='bbox 1076 1840 1518 1903; x_wconf 85' lang='lat' dir='ltr'>corradendae.</span> <span class='ocrx_word' id='word_1_137' title='bbox 1609 1840 1919 1917; x_wconf 78' lang='lat' dir='ltr'>Metuant,</span> <span class='ocrx_word' id='word_1_138' title='bbox 1980 1839 2246 1916; x_wconf 86' lang='lat' dir='ltr'>oderint,</span> <span class='ocrx_word' id='word_1_139' title='bbox 2310 1838 2623 1903; x_wconf 89' lang='lat' dir='ltr'>infament</span> 
     </span>
     <span class='ocr_line' id='line_1_18' title="bbox 379 1924 2617 2008; baseline -0.001 -19"><span class='ocrx_word' id='word_1_140' title='bbox 379 1926 588 2007; x_wconf 87' lang='lat' dir='ltr'>alieni,</span> <span class='ocrx_word' id='word_1_141' title='bbox 635 1926 788 2008; x_wconf 93' lang='lat' dir='ltr'>quid</span> <span class='ocrx_word' id='word_1_142' title='bbox 832 1926 895 1989; x_wconf 85' lang='lat' dir='ltr'>id</span> <span class='ocrx_word' id='word_1_143' title='bbox 939 1925 1136 1998; x_wconf 84' lang='lat' dir='ltr'>refert</span> <span class='ocrx_word' id='word_1_144' title='bbox 1173 1926 1330 1989; x_wconf 85' lang='lat' dir='ltr'>tua‘?</span> <span class='ocrx_word' id='word_1_145' title='bbox 1418 1924 1561 1989; x_wconf 88' lang='lat' dir='ltr'>Non</span> <span class='ocrx_word' id='word_1_146' title='bbox 1609 1948 1735 1989; x_wconf 90' lang='lat' dir='ltr'>uno</span> <span class='ocrx_word' id='word_1_147' title='bbox 1782 1948 2002 1989; x_wconf 89' lang='lat' dir='ltr'>sumus</span> <span class='ocrx_word' id='word_1_148' title='bbox 2050 1926 2171 1988; x_wconf 89' lang='lat' dir='ltr'>sub</span> <span class='ocrx_word' id='word_1_149' title='bbox 2217 1926 2419 1989; x_wconf 87' lang='lat' dir='ltr'>sidere</span> <span class='ocrx_word' id='word_1_150' title='bbox 2463 1926 2617 1989; x_wconf 89' lang='lat' dir='ltr'>nati.</span> 
     </span>
     <span class='ocr_line' id='line_1_19' title="bbox 377 2010 2619 2095; baseline 0 -20"><span class='ocrx_word' id='word_1_151' title='bbox 377 2011 474 2075; x_wconf 91' lang='lat' dir='ltr'>An</span> <span class='ocrx_word' id='word_1_152' title='bbox 522 2033 649 2076; x_wconf 90' lang='lat' dir='ltr'>non</span> <span class='ocrx_word' id='word_1_153' title='bbox 700 2012 1046 2094; x_wconf 89' lang='lat' dir='ltr'>,pulchrum</span> <span class='ocrx_word' id='word_1_154' title='bbox 1095 2015 1192 2075; x_wconf 89' lang='lat' dir='ltr'>est</span> <span class='ocrx_word' id='word_1_155' title='bbox 1238 2011 1437 2095; x_wconf 84' lang='lat' dir='ltr'>digito</span> <span class='ocrx_word' id='word_1_156' title='bbox 1485 2012 1825 2075; x_wconf 85' lang='lat' dir='ltr'>monstrari</span> <span class='ocrx_word' id='word_1_157' title='bbox 1857 2017 1921 2075; x_wconf 90' lang='lat' dir='ltr'>et</span> <span class='ocrx_word' id='word_1_158' title='bbox 1953 2012 2177 2075; x_wconf 88' lang='lat' dir='ltr'>dicier:</span> <span class='ocrx_word' id='word_1_159' title='bbox 2227 2011 2329 2075; x_wconf 91' lang='lat' dir='ltr'>hic</span> <span class='ocrx_word' id='word_1_160' title='bbox 2374 2010 2619 2075; x_wconf 77' lang='lat' dir='ltr'>est‘?“²</span> 
     </span>
     <span class='ocr_line' id='line_1_20' title="bbox 377 2097 2625 2179; baseline 0 -18"><span class='ocrx_word' id='word_1_161' title='bbox 377 2098 512 2179; x_wconf 88' lang='lat' dir='ltr'>Ego</span> <span class='ocrx_word' id='word_1_162' title='bbox 557 2118 702 2161; x_wconf 89' lang='lat' dir='ltr'>vero</span> <span class='ocrx_word' id='word_1_163' title='bbox 749 2104 950 2161; x_wconf 85' lang='lat' dir='ltr'>totam</span> <span class='ocrx_word' id='word_1_164' title='bbox 1017 2099 1204 2161; x_wconf 84' lang='lat' dir='ltr'>istam</span> <span class='ocrx_word' id='word_1_165' title='bbox 1272 2098 1753 2161; x_wconf 85' lang='lat' dir='ltr'>reluctationem</span> <span class='ocrx_word' id='word_1_166' title='bbox 1822 2097 2149 2161; x_wconf 84' lang='lat' dir='ltr'>confutare</span> <span class='ocrx_word' id='word_1_167' title='bbox 2217 2119 2495 2179; x_wconf 89' lang='lat' dir='ltr'>possum,</span> <span class='ocrx_word' id='word_1_168' title='bbox 2560 2101 2625 2161; x_wconf 90' lang='lat' dir='ltr'>et</span> 
     </span>
     <span class='ocr_line' id='line_1_21' title="bbox 374 2182 2624 2262; baseline -0 -14"><span class='ocrx_word' id='word_1_169' title='bbox 374 2190 467 2259; x_wconf 90' lang='lat' dir='ltr'>tu,</span> <span class='ocrx_word' id='word_1_170' title='bbox 525 2184 794 2248; x_wconf 90' lang='lat' dir='ltr'>Urbane.</span> <span class='ocrx_word' id='word_1_171' title='bbox 885 2182 1012 2247; x_wconf 84' lang='lat' dir='ltr'>Sed</span> <span class='ocrx_word' id='word_1_172' title='bbox 1079 2184 1238 2247; x_wconf 89' lang='lat' dir='ltr'>illud</span> <span class='ocrx_word' id='word_1_173' title='bbox 1301 2184 1685 2249; x_wconf 84' lang='lat' dir='ltr'>manticinor</span> <span class='ocrx_word' id='word_1_174' title='bbox 1752 2184 2133 2262; x_wconf 80' lang='lat' dir='ltr'>HerebordO,</span> <span class='ocrx_word' id='word_1_175' title='bbox 2202 2185 2487 2248; x_wconf 84' lang='lat' dir='ltr'>futurum</span> <span class='ocrx_word' id='word_1_176' title='bbox 2550 2188 2624 2247; x_wconf 91' lang='lat' dir='ltr'>ut</span> 
     </span>
     <span class='ocr_line' id='line_1_22' title="bbox 377 2268 2625 2353; baseline 0 -20"><span class='ocrx_word' id='word_1_177' title='bbox 377 2271 722 2352; x_wconf 89' lang='lat' dir='ltr'>poeniteat.</span> <span class='ocrx_word' id='word_1_178' title='bbox 813 2268 1034 2351; x_wconf 86' lang='lat' dir='ltr'>Neque</span> <span class='ocrx_word' id='word_1_179' title='bbox 1079 2270 1247 2333; x_wconf 89' lang='lat' dir='ltr'>enim</span> <span class='ocrx_word' id='word_1_180' title='bbox 1293 2270 1436 2334; x_wconf 88' lang='lat' dir='ltr'>istis</span> <span class='ocrx_word' id='word_1_181' title='bbox 1483 2270 1766 2334; x_wconf 89' lang='lat' dir='ltr'>moribus</span> <span class='ocrx_word' id='word_1_182' title='bbox 1819 2270 2123 2353; x_wconf 84' lang='lat' dir='ltr'>proficiet.</span> <span class='ocrx_word' id='word_1_183' title='bbox 2215 2270 2334 2345; x_wconf 83' lang='lat' dir='ltr'>Qui</span> <span class='ocrx_word' id='word_1_184' title='bbox 2362 2282 2390 2311; x_wconf 73' lang='lat'>⁸</span> <span class='ocrx_word' id='word_1_185' title='bbox 2450 2270 2625 2351; x_wconf 88' lang='lat' dir='ltr'>paria</span> 
     </span>
     <span class='ocr_line' id='line_1_23' title="bbox 379 2356 2623 2433; baseline 0 -15"><span class='ocrx_word' id='word_1_186' title='bbox 379 2356 768 2433; x_wconf 83' lang='lat' dir='ltr'>factitavere,</span> <span class='ocrx_word' id='word_1_187' title='bbox 827 2356 925 2421; x_wconf 91' lang='lat' dir='ltr'>vel</span> <span class='ocrx_word' id='word_1_188' title='bbox 986 2356 1051 2419; x_wconf 88' lang='lat' dir='ltr'>in</span> <span class='ocrx_word' id='word_1_189' title='bbox 1111 2356 1370 2419; x_wconf 83' lang='lat' dir='ltr'>exilium</span> <span class='ocrx_word' id='word_1_190' title='bbox 1415 2357 1514 2419; x_wconf 89' lang='lat' dir='ltr'>vel</span> <span class='ocrx_word' id='word_1_191' title='bbox 1562 2357 1629 2418; x_wconf 86' lang='lat' dir='ltr'>in</span> <span class='ocrx_word' id='word_1_192' title='bbox 1674 2358 2018 2420; x_wconf 86' lang='lat' dir='ltr'>maximam</span> <span class='ocrx_word' id='word_1_193' title='bbox 2084 2356 2313 2419; x_wconf 85' lang='lat' dir='ltr'>malam</span> <span class='ocrx_word' id='word_1_194' title='bbox 2378 2377 2623 2421; x_wconf 89' lang='lat' dir='ltr'>crucem</span> 
     </span>
     <span class='ocr_line' id='line_1_24' title="bbox 379 2438 2625 2526; baseline -0 -19"><span class='ocrx_word' id='word_1_195' title='bbox 379 2450 531 2507; x_wconf 89' lang='lat' dir='ltr'>sunt</span> <span class='ocrx_word' id='word_1_196' title='bbox 601 2438 778 2506; x_wconf 79' lang='lat' dir='ltr'>acti.³</span> <span class='ocrx_word' id='word_1_197' title='bbox 867 2441 1018 2518; x_wconf 75' lang='lat' dir='ltr'>Noe,</span> <span class='ocrx_word' id='word_1_198' title='bbox 1082 2464 1244 2524; x_wconf 89' lang='lat' dir='ltr'>quae</span> <span class='ocrx_word' id='word_1_199' title='bbox 1303 2441 1472 2508; x_wconf 86' lang='lat' dir='ltr'>bella</span> <span class='ocrx_word' id='word_1_200' title='bbox 1517 2446 1669 2507; x_wconf 88' lang='lat' dir='ltr'>sunt</span> <span class='ocrx_word' id='word_1_201' title='bbox 1712 2447 1779 2507; x_wconf 85' lang='lat' dir='ltr'>et</span> <span class='ocrx_word' id='word_1_202' title='bbox 1820 2442 2107 2521; x_wconf 81' lang='lat' dir='ltr'>honesta,</span> <span class='ocrx_word' id='word_1_203' title='bbox 2179 2443 2354 2526; x_wconf 84' lang='lat' dir='ltr'>vulgi</span> <span class='ocrx_word' id='word_1_204' title='bbox 2421 2442 2625 2526; x_wconf 88' lang='lat' dir='ltr'>opini—</span> 
     </span>
     <span class='ocr_line' id='line_1_25' title="bbox 379 2529 1398 2610; baseline -0.002 -16"><span class='ocrx_word' id='word_1_205' title='bbox 379 2529 613 2594; x_wconf 87' lang='lat' dir='ltr'>onibus</span> <span class='ocrx_word' id='word_1_206' title='bbox 658 2531 1141 2610; x_wconf 81' lang='lat' dir='ltr'>anteponamus,</span> <span class='ocrx_word' id='word_1_207' title='bbox 1233 2529 1398 2593; x_wconf 89' lang='lat' dir='ltr'>Vale.</span> 
     </span>
    </p>
   </div>
   <div class='ocr_carea' id='block_1_5' title="bbox 689 2627 1136 2683">
    <p class='ocr_par' dir='ltr' id='par_1_5' title="bbox 689 2627 1136 2683">
     <span class='ocr_line' id='line_1_26' title="bbox 689 2627 1136 2683; baseline 0.002 -1"><span class='ocrx_word' id='word_1_208' title='bbox 689 2627 810 2682; x_wconf 87' lang='lat' dir='ltr'>Ood.</span> <span class='ocrx_word' id='word_1_209' title='bbox 847 2627 980 2682; x_wconf 83' lang='lat' dir='ltr'>Frcf.</span> <span class='ocrx_word' id='word_1_210' title='bbox 1017 2629 1136 2683; x_wconf 82' lang='lat'>317.</span> 
     </span>
    </p>
   </div>
   <div class='ocr_carea' id='block_1_6' title="bbox 385 2739 2626 2873">
    <p class='ocr_par' dir='ltr' id='par_1_6' title="bbox 385 2739 2626 2873">
     <span class='ocr_line' id='line_1_27' title="bbox 385 2739 2626 2873; baseline 0 -18"><span class='ocrx_word' id='word_1_211' title='bbox 385 2801 614 2872; x_wconf 79' lang='lat' dir='ltr'>(ootha.)</span> <span class='ocrx_word' id='word_1_212' title='bbox 1432 2739 1593 2848; x_wconf 52' lang='lat'>248.</span> <span class='ocrx_word' id='word_1_213' title='bbox 2290 2801 2418 2870; x_wconf 84' lang='lat' dir='ltr'>(Mai</span> <span class='ocrx_word' id='word_1_214' title='bbox 2456 2803 2626 2873; x_wconf 87' lang='lat'>1513.)</span> 
     </span>
    </p>
   </div>
   <div class='ocr_carea' id='block_1_7' title="bbox 1137 2907 1887 2982">
    <p class='ocr_par' dir='ltr' id='par_1_7' title="bbox 1137 2907 1887 2982">
     <span class='ocr_line' id='line_1_28' title="bbox 1137 2907 1887 2982; baseline 0 -2"><span class='ocrx_word' id='word_1_215' title='bbox 1137 2909 1425 2982; x_wconf 87' lang='lat' dir='ltr'>Mutian</span> <span class='ocrx_word' id='word_1_216' title='bbox 1471 2931 1568 2980; x_wconf 87' lang='lat' dir='ltr'>an</span> <span class='ocrx_word' id='word_1_217' title='bbox 1612 2907 1887 2980; x_wconf 85' lang='lat' dir='ltr'>Urban.</span> 
     </span>
    </p>
   </div>
   <div class='ocr_carea' id='block_1_8' title="bbox 383 3015 2631 3247">
    <p class='ocr_par' dir='ltr' id='par_1_8' title="bbox 383 3015 2631 3247">
     <span class='ocr_line' id='line_1_29' title="bbox 383 3015 2631 3112; baseline 0.002 -20"><span class='ocrx_word' id='word_1_218' title='bbox 383 3039 654 3112; x_wconf 52' lang='lat' dir='ltr'>(22⁶2ch</span> <span class='ocrx_word' id='word_1_219' title='bbox 689 3037 950 3092; x_wconf 58' lang='lat' dir='ltr'>Harbords</span> <span class='ocrx_word' id='word_1_220' title='bbox 985 3039 1344 3108; x_wconf 69' lang='lat' dir='ltr'>Anmassuny.</span> <span class='ocrx_word' id='word_1_221' title='bbox 1415 3040 1651 3109; x_wconf 53' lang='lat' dir='ltr'>Peto-qus</span> <span class='ocrx_word' id='word_1_222' title='bbox 1684 3041 1783 3093; x_wconf 74' lang='lat' dir='ltr'>sou</span> <span class='ocrx_word' id='word_1_223' title='bbox 1816 3040 2034 3104; x_wconf 60' lang='lat' dir='ltr'>macher,</span> <span class='ocrx_word' id='word_1_224' title='bbox 2083 3015 2351 3094; x_wconf 71' lang='lat' dir='ltr'>besmzder&#39;s</span> <span class='ocrx_word' id='word_1_225' title='bbox 2384 3043 2469 3094; x_wconf 62' lang='lat' dir='ltr'>die</span> <span class='ocrx_word' id='word_1_226' title='bbox 2501 3059 2631 3096; x_wconf 63' lang='lat' dir='ltr'>mue</span> 
     </span>
     <span class='ocr_line' id='line_1_30' title="bbox 385 3107 2629 3179; baseline 0.001 -17"><span class='ocrx_word' id='word_1_227' title='bbox 385 3109 551 3176; x_wconf 57' lang='lat' dir='ltr'>Ausa.</span> <span class='ocrx_word' id='word_1_228' title='bbox 589 3109 676 3160; x_wconf 76' lang='lat' dir='ltr'>des</span> <span class='ocrx_word' id='word_1_229' title='bbox 720 3107 867 3176; x_wconf 82' lang='lat' dir='ltr'>Corp.</span> <span class='ocrx_word' id='word_1_230' title='bbox 903 3109 1023 3164; x_wconf 79' lang='lat' dir='ltr'>Jur.</span> <span class='ocrx_word' id='word_1_231' title='bbox 1059 3126 1103 3161; x_wconf 77' lang='lat' dir='ltr'>v.</span> <span class='ocrx_word' id='word_1_232' title='bbox 1141 3109 1429 3162; x_wconf 75' lang='lat' dir='ltr'>Ascensius</span> <span class='ocrx_word' id='word_1_233' title='bbox 1465 3110 1719 3178; x_wconf 72' lang='lat' dir='ltr'>besoryen.</span> <span class='ocrx_word' id='word_1_234' title='bbox 1793 3109 1903 3162; x_wconf 79' lang='lat' dir='ltr'>Hat</span> <span class='ocrx_word' id='word_1_235' title='bbox 1938 3109 2299 3177; x_wconf 73' lang='lat' dir='ltr'>Enqelmanns</span> <span class='ocrx_word' id='word_1_236' title='bbox 2334 3111 2497 3179; x_wconf 73' lang='lat' dir='ltr'>Hidfe</span> <span class='ocrx_word' id='word_1_237' title='bbox 2531 3129 2629 3164; x_wconf 76' lang='lat' dir='ltr'>an-</span> 
     </span>
     <span class='ocr_line' id='line_1_31' title="bbox 768 3177 2248 3247; baseline 0.001 -18"><span class='ocrx_word' id='word_1_238' title='bbox 768 3177 1003 3245; x_wconf 69' lang='lat' dir='ltr'>ymfm,</span> <span class='ocrx_word' id='word_1_239' title='bbox 1040 3177 1131 3229; x_wconf 84' lang='lat' dir='ltr'>der</span> <span class='ocrx_word' id='word_1_240' title='bbox 1165 3178 1288 3230; x_wconf 82' lang='lat' dir='ltr'>aber</span> <span class='ocrx_word' id='word_1_241' title='bbox 1320 3178 1424 3232; x_wconf 78' lang='lat' dir='ltr'>mit</span> <span class='ocrx_word' id='word_1_242' title='bbox 1457 3179 1548 3230; x_wconf 83' lang='lat' dir='ltr'>der</span> <span class='ocrx_word' id='word_1_243' title='bbox 1582 3179 1761 3246; x_wconf 74' lang='lat' dir='ltr'>Menye</span> <span class='ocrx_word' id='word_1_244' title='bbox 1794 3178 2248 3247; x_wconf 71' lang='lat' dir='ltr'>iibercinstimmt.)</span> 
     </span>
    </p>
   </div>
   <div class='ocr_carea' id='block_1_9' title="bbox 488 3282 2527 3476">
    <p class='ocr_par' dir='ltr' id='par_1_9' title="bbox 488 3282 2527 3476">
     <span class='ocr_line' id='line_1_32' title="bbox 488 3282 2527 3354; baseline 0 -12"><span class='ocrx_word' id='word_1_245' title='bbox 488 3291 856 3342; x_wconf 81' lang='lat' dir='ltr'>Reverendo</span> <span class='ocrx_word' id='word_1_246' title='bbox 893 3293 959 3344; x_wconf 78' lang='lat' dir='ltr'>et</span> <span class='ocrx_word' id='word_1_247' title='bbox 993 3293 1274 3351; x_wconf 81' lang='lat' dir='ltr'>spectato</span> <span class='ocrx_word' id='word_1_248' title='bbox 1298 3282 1478 3352; x_wconf 80' lang='lat' dir='ltr'>&#39;patri</span> <span class='ocrx_word' id='word_1_249' title='bbox 1511 3293 1593 3343; x_wconf 85' lang='grc' dir='ltr'>Η.</span> <span class='ocrx_word' id='word_1_250' title='bbox 1630 3293 1885 3344; x_wconf 86' lang='lat' dir='ltr'>Urbano</span> <span class='ocrx_word' id='word_1_251' title='bbox 1921 3293 2216 3354; x_wconf 73' lang='lat' dir='ltr'>mag-istro</span> <span class='ocrx_word' id='word_1_252' title='bbox 2254 3296 2317 3344; x_wconf 84' lang='lat' dir='ltr'>et</span> <span class='ocrx_word' id='word_1_253' title='bbox 2354 3306 2527 3344; x_wconf 89' lang='lat' dir='ltr'>oeco-</span> 
     </span>
     <span class='ocr_line' id='line_1_33' title="bbox 905 3377 2114 3476; baseline 0 -48"><span class='ocrx_word' id='word_1_254' title='bbox 905 3390 1108 3437; x_wconf 87' lang='lat' dir='ltr'>nomo,</span> <span class='ocrx_word' id='word_1_255' title='bbox 1144 3379 1341 3428; x_wconf 85' lang='lat' dir='ltr'>amico</span> <span class='ocrx_word' id='word_1_256' title='bbox 1377 3378 1734 3440; x_wconf 73' lang='lat' dir='ltr'>dignissimo</span> <span class='ocrx_word' id='word_1_257' title='bbox 1770 3379 1857 3476; x_wconf 50' lang='lat'>131.</span> <span class='ocrx_word' id='word_1_258' title='bbox 1893 3377 2114 3431; x_wconf 79' lang='lat' dir='ltr'>Rufus,</span> 
     </span>
    </p>
   </div>
   <div class='ocr_carea' id='block_1_10' title="bbox 381 3485 2635 4088">
    <p class='ocr_par' dir='ltr' id='par_1_10' title="bbox 381 3485 2635 4088">
     <span class='ocr_line' id='line_1_34' title="bbox 601 3485 2631 3571; baseline 0 -21"><span class='ocrx_word' id='word_1_259' title='bbox 601 3485 804 3552; x_wconf 87' lang='lat' dir='ltr'>Salus.</span> <span class='ocrx_word' id='word_1_260' title='bbox 895 3487 1237 3552; x_wconf 90' lang='lat' dir='ltr'>Herebordi</span> <span class='ocrx_word' id='word_1_261' title='bbox 1306 3488 1541 3553; x_wconf 87' lang='lat' dir='ltr'>fastum</span> <span class='ocrx_word' id='word_1_262' title='bbox 1610 3493 1674 3552; x_wconf 88' lang='lat' dir='ltr'>et</span> <span class='ocrx_word' id='word_1_263' title='bbox 1738 3490 2089 3553; x_wconf 85' lang='lat' dir='ltr'>nocituram</span> <span class='ocrx_word' id='word_1_264' title='bbox 2161 3489 2373 3571; x_wconf 90' lang='lat' dir='ltr'>procul</span> <span class='ocrx_word' id='word_1_265' title='bbox 2440 3489 2631 3552; x_wconf 88' lang='lat' dir='ltr'>dubio</span> 
     </span>
     <span class='ocr_line' id='line_1_35' title="bbox 381 3573 2634 3656; baseline 0.001 -20"><span class='ocrx_word' id='word_1_266' title='bbox 381 3573 762 3656; x_wconf 85' lang='lat' dir='ltr'>jactantiam</span> <span class='ocrx_word' id='word_1_267' title='bbox 809 3575 1214 3656; x_wconf 73' lang='lat' dir='ltr'>castigamus</span> <span class='ocrx_word' id='word_1_268' title='bbox 1301 3574 1442 3639; x_wconf 88' lang='lat' dir='ltr'>Non</span> <span class='ocrx_word' id='word_1_269' title='bbox 1500 3580 1710 3640; x_wconf 84' lang='lat' dir='ltr'>autem</span> <span class='ocrx_word' id='word_1_270' title='bbox 1768 3577 2144 3641; x_wconf 82' lang='lat' dir='ltr'>incurrerem</span> <span class='ocrx_word' id='word_1_271' title='bbox 2191 3577 2256 3638; x_wconf 90' lang='lat' dir='ltr'>in</span> <span class='ocrx_word' id='word_1_272' title='bbox 2304 3597 2443 3638; x_wconf 89' lang='lat' dir='ltr'>eum</span> <span class='ocrx_word' id='word_1_273' title='bbox 2500 3599 2634 3639; x_wconf 89' lang='lat' dir='ltr'>ver-</span> 
     </span>
     <span class='ocr_line' id='line_1_36' title="bbox 394 3658 2633 3745; baseline 0 -22"><span class='ocrx_word' id='word_1_274' title='bbox 394 3661 612 3723; x_wconf 86' lang='lat' dir='ltr'>borum</span> <span class='ocrx_word' id='word_1_275' title='bbox 689 3659 1001 3736; x_wconf 86' lang='lat' dir='ltr'>libertate,</span> <span class='ocrx_word' id='word_1_276' title='bbox 1081 3662 1136 3723; x_wconf 92' lang='lat' dir='ltr'>si</span> <span class='ocrx_word' id='word_1_277' title='bbox 1205 3683 1327 3726; x_wconf 88' lang='lat' dir='ltr'>non</span> <span class='ocrx_word' id='word_1_278' title='bbox 1406 3658 1775 3725; x_wconf 82' lang='lat' dir='ltr'>carissimus</span> <span class='ocrx_word' id='word_1_279' title='bbox 1834 3667 1897 3725; x_wconf 89' lang='lat' dir='ltr'>et</span> <span class='ocrx_word' id='word_1_280' title='bbox 1960 3662 2271 3745; x_wconf 86' lang='lat' dir='ltr'>politioris</span> <span class='ocrx_word' id='word_1_281' title='bbox 2337 3662 2633 3725; x_wconf 87' lang='lat' dir='ltr'>dictionis</span> 
     </span>
     <span class='ocr_line' id='line_1_37' title="bbox 389 3746 2633 3830; baseline 0.002 -23"><span class='ocrx_word' id='word_1_282' title='bbox 389 3746 716 3809; x_wconf 84' lang='lat' dir='ltr'>studiosus</span> <span class='ocrx_word' id='word_1_283' title='bbox 781 3750 967 3810; x_wconf 89' lang='lat' dir='ltr'>esset.</span> <span class='ocrx_word' id='word_1_284' title='bbox 1060 3747 1306 3830; x_wconf 87' lang='lat' dir='ltr'>Petrejo</span> <span class='ocrx_word' id='word_1_285' title='bbox 1379 3749 1811 3812; x_wconf 88' lang='lat' dir='ltr'>literatissimo</span> <span class='ocrx_word' id='word_1_286' title='bbox 1878 3748 2236 3830; x_wconf 87' lang='lat' dir='ltr'>juventutis</span> <span class='ocrx_word' id='word_1_287' title='bbox 2302 3753 2367 3811; x_wconf 90' lang='lat' dir='ltr'>et</span> <span class='ocrx_word' id='word_1_288' title='bbox 2432 3749 2633 3812; x_wconf 88' lang='lat' dir='ltr'>totius</span> 
     </span>
     <span class='ocr_line' id='line_1_38' title="bbox 390 3832 2635 3917; baseline 0.001 -21"><span class='ocrx_word' id='word_1_289' title='bbox 390 3832 800 3912; x_wconf 86' lang='lat' dir='ltr'>antiquitatis</span> <span class='ocrx_word' id='word_1_290' title='bbox 863 3834 1304 3897; x_wconf 87' lang='lat' dir='ltr'>amantissimo</span> <span class='ocrx_word' id='word_1_291' title='bbox 1375 3835 1600 3898; x_wconf 87' lang='lat' dir='ltr'>damus</span> <span class='ocrx_word' id='word_1_292' title='bbox 1667 3857 1803 3897; x_wconf 85' lang='lat' dir='ltr'>eam</span> <span class='ocrx_word' id='word_1_293' title='bbox 1872 3833 2278 3917; x_wconf 87' lang='lat' dir='ltr'>provi-nciam,</span> <span class='ocrx_word' id='word_1_294' title='bbox 2326 3838 2397 3897; x_wconf 87' lang='lat' dir='ltr'>ut</span> <span class='ocrx_word' id='word_1_295' title='bbox 2440 3834 2635 3898; x_wconf 84' lang='lat' dir='ltr'>libros</span> 
     </span>
     <span class='ocr_line' id='line_1_39' title="bbox 393 3920 2633 4003; baseline 0.001 -22"><span class='ocrx_word' id='word_1_296' title='bbox 393 3920 666 3998; x_wconf 83' lang='lat' dir='ltr'>vestiget</span> <span class='ocrx_word' id='word_1_297' title='bbox 711 3922 775 3981; x_wconf 91' lang='lat' dir='ltr'>et</span> <span class='ocrx_word' id='word_1_298' title='bbox 819 3925 970 3984; x_wconf 86' lang='lat' dir='ltr'>ante</span> <span class='ocrx_word' id='word_1_299' title='bbox 1013 3921 1228 3982; x_wconf 87' lang='lat' dir='ltr'>omnia</span> <span class='ocrx_word' id='word_1_300' title='bbox 1265 3920 1428 4001; x_wconf 87' lang='lat' dir='ltr'>juris</span> <span class='ocrx_word' id='word_1_301' title='bbox 1487 3920 1997 3983; x_wconf 87' lang='lat' dir='ltr'>fundamentum·</span> <span class='ocrx_word' id='word_1_302' title='bbox 2030 3921 2275 3982; x_wconf 85' lang='lat' dir='ltr'>minimi</span> <span class='ocrx_word' id='word_1_303' title='bbox 2338 3923 2633 4003; x_wconf 79' lang='lat' dir='ltr'>corporiS,</span> 
     </span>
     <span class='ocr_line' id='line_1_40' title="bbox 392 4004 2634 4088; baseline 0.002 -22"><span class='ocrx_word' id='word_1_304' title='bbox 392 4004 580 4086; x_wconf 87' lang='lat' dir='ltr'>quale</span> <span class='ocrx_word' id='word_1_305' title='bbox 658 4026 853 4087; x_wconf 85' lang='lat' dir='ltr'>nuper</span> <span class='ocrx_word' id='word_1_306' title='bbox 928 4007 1266 4069; x_wconf 85' lang='lat' dir='ltr'>Ascensius</span> <span class='ocrx_word' id='word_1_307' title='bbox 1341 4007 1705 4088; x_wconf 81' lang='lat' dir='ltr'>invulgasse</span> <span class='ocrx_word' id='word_1_308' title='bbox 1780 4005 2059 4071; x_wconf 79' lang='lat' dir='ltr'>dicitur.‘</span> <span class='ocrx_word' id='word_1_309' title='bbox 2179 4007 2315 4069; x_wconf 89' lang='lat' dir='ltr'>Non</span> <span class='ocrx_word' id='word_1_310' title='bbox 2392 4009 2634 4086; x_wconf 70' lang='lat' dir='ltr'>dubito,</span> 
     </span>
    </p>
   </div>
   <div class='ocr_carea' id='block_1_11' title="bbox 395 4138 2637 4485">
    <p class='ocr_par' dir='ltr' id='par_1_11' title="bbox 395 4138 2637 4485">
     <span class='ocr_line' id='line_1_41' title="bbox 533 4138 2637 4288; baseline 0.001 -28"><span class='ocrx_word' id='word_1_311' title='bbox 533 4138 777 4264; x_wconf 42' lang='lat' dir='ltr'>lssiilxl‘zb.</span> <span class='ocrx_word' id='word_1_312' title='bbox 816 4207 920 4288; x_wconf 32' lang='lat' dir='ltr'>Sat..</span> <span class='ocrx_word' id='word_1_313' title='bbox 959 4208 1000 4266; x_wconf 80' lang='grc' dir='ltr'>Ι,</span> <span class='ocrx_word' id='word_1_314' title='bbox 1037 4209 1102 4262; x_wconf 86' lang='grc'>73</span> <span class='ocrx_word' id='word_1_315' title='bbox 1138 4225 1214 4276; x_wconf 81' lang='lat' dir='ltr'>sq.</span> <span class='ocrx_word' id='word_1_316' title='bbox 1248 4281 1255 4288; x_wconf 32' lang='grc'>,</span> <span class='ocrx_word' id='word_1_317' title='bbox 1357 4210 1377 4242; x_wconf 81' lang='lat'>²</span> <span class='ocrx_word' id='word_1_318' title='bbox 1411 4209 1556 4263; x_wconf 87' lang='lat' dir='ltr'>Pers.</span> <span class='ocrx_word' id='word_1_319' title='bbox 1595 4209 1713 4288; x_wconf 33' lang='lat' dir='ltr'>Sat..</span> <span class='ocrx_word' id='word_1_320' title='bbox 1737 4209 1779 4269; x_wconf 83' lang='lat' dir='ltr'>I,</span> <span class='ocrx_word' id='word_1_321' title='bbox 1817 4209 1897 4261; x_wconf 80' lang='lat'>28.</span> <span class='ocrx_word' id='word_1_322' title='bbox 2040 4210 2061 4241; x_wconf 76' lang='lat'>³</span> <span class='ocrx_word' id='word_1_323' title='bbox 2093 4208 2271 4264; x_wconf 88' lang='lat' dir='ltr'>Heinr.</span> <span class='ocrx_word' id='word_1_324' title='bbox 2309 4209 2503 4262; x_wconf 87' lang='lat' dir='ltr'>Kelner</span> <span class='ocrx_word' id='word_1_325' title='bbox 2530 4211 2637 4262; x_wconf 87' lang='lat' dir='ltr'>und</span> 
     </span>
     <span class='ocr_line' id='line_1_42' title="bbox 397 4275 2637 4332; baseline 0.002 -7"><span class='ocrx_word' id='word_1_326' title='bbox 397 4275 665 4330; x_wconf 85' lang='lat' dir='ltr'>Genossen</span> <span class='ocrx_word' id='word_1_327' title='bbox 701 4295 794 4330; x_wconf 87' lang='lat' dir='ltr'>zur</span> <span class='ocrx_word' id='word_1_328' title='bbox 829 4278 942 4330; x_wconf 89' lang='lat' dir='ltr'>Ze1t</span> <span class='ocrx_word' id='word_1_329' title='bbox 977 4277 1069 4330; x_wconf 86' lang='lat' dir='ltr'>der</span> <span class='ocrx_word' id='word_1_330' title='bbox 1104 4277 1424 4332; x_wconf 68' lang='lat' dir='ltr'>stadtischen</span> <span class='ocrx_word' id='word_1_331' title='bbox 1471 4279 1788 4332; x_wconf 79' lang='lat' dir='ltr'>Revolutmn</span> <span class='ocrx_word' id='word_1_332' title='bbox 1838 4279 2117 4332; x_wconf 80' lang='lat'>1509-10.</span> <span class='ocrx_word' id='word_1_333' title='bbox 2260 4281 2280 4310; x_wconf 88' lang='lat'><strong>⁴</strong></span> <span class='ocrx_word' id='word_1_334' title='bbox 2312 4280 2384 4331; x_wconf 86' lang='lat' dir='ltr'>Es</span> <span class='ocrx_word' id='word_1_335' title='bbox 2430 4280 2637 4330; x_wconf 83' lang='lat' dir='ltr'>werden</span> 
     </span>
     <span class='ocr_line' id='line_1_43' title="bbox 395 4345 2635 4416; baseline 0.002 -20"><span class='ocrx_word' id='word_1_336' title='bbox 395 4360 499 4396; x_wconf 76' lang='lat' dir='ltr'>von</span> <span class='ocrx_word' id='word_1_337' title='bbox 538 4345 738 4399; x_wconf 85' lang='lat' dir='ltr'>Panzer</span> <span class='ocrx_word' id='word_1_338' title='bbox 789 4363 928 4400; x_wconf 84' lang='lat' dir='ltr'>zwar</span> <span class='ocrx_word' id='word_1_339' title='bbox 978 4347 1188 4400; x_wconf 85' lang='lat' dir='ltr'>Pariser</span> <span class='ocrx_word' id='word_1_340' title='bbox 1239 4349 1520 4416; x_wconf 84' lang='lat' dir='ltr'>Ausgaben</span> <span class='ocrx_word' id='word_1_341' title='bbox 1575 4350 1667 4400; x_wconf 88' lang='lat' dir='ltr'>des</span> <span class='ocrx_word' id='word_1_342' title='bbox 1720 4349 1866 4414; x_wconf 75' lang='lat' dir='ltr'>Corp.</span> <span class='ocrx_word' id='word_1_343' title='bbox 1911 4348 2011 4414; x_wconf 84' lang='lat' dir='ltr'>jur.</span> <span class='ocrx_word' id='word_1_344' title='bbox 2065 4347 2196 4399; x_wconf 83' lang='lat'>1512</span> <span class='ocrx_word' id='word_1_345' title='bbox 2233 4363 2284 4400; x_wconf 82' lang='lat' dir='ltr'>u,</span> <span class='ocrx_word' id='word_1_346' title='bbox 2326 4350 2455 4400; x_wconf 82' lang='lat'>1513</span> <span class='ocrx_word' id='word_1_347' title='bbox 2500 4348 2552 4398; x_wconf 88' lang='lat' dir='ltr'>in</span> <span class='ocrx_word' id='word_1_348' title='bbox 2586 4348 2635 4400; x_wconf 82' lang='lat'>8.</span> 
     </span>
     <span class='ocr_line' id='line_1_44' title="bbox 403 4413 2175 4485; baseline 0.002 -19"><span class='ocrx_word' id='word_1_349' title='bbox 403 4413 720 4482; x_wconf 78' lang='lat' dir='ltr'>ausgefiihrt,</span> <span class='ocrx_word' id='word_1_350' title='bbox 759 4416 882 4469; x_wconf 83' lang='lat' dir='ltr'>aber</span> <span class='ocrx_word' id='word_1_351' title='bbox 917 4415 1064 4468; x_wconf 87' lang='lat' dir='ltr'>nicht</span> <span class='ocrx_word' id='word_1_352' title='bbox 1097 4433 1200 4469; x_wconf 84' lang='lat' dir='ltr'>von</span> <span class='ocrx_word' id='word_1_353' title='bbox 1241 4418 1541 4472; x_wconf 82' lang='lat' dir='ltr'>AscensiuS.</span> <span class='ocrx_word' id='word_1_354' title='bbox 1611 4417 1731 4485; x_wconf 79' lang='lat' dir='ltr'>-VgL</span> <span class='ocrx_word' id='word_1_355' title='bbox 1769 4417 1854 4470; x_wconf 68' lang='grc' dir='ltr'>ΒΓ.</span> <span class='ocrx_word' id='word_1_356' title='bbox 1893 4417 1993 4469; x_wconf 83' lang='grc'>244</span> <span class='ocrx_word' id='word_1_357' title='bbox 2026 4418 2089 4469; x_wconf 88' lang='lat' dir='ltr'>A.</span> <span class='ocrx_word' id='word_1_358' title='bbox 2128 4417 2175 4470; x_wconf 83' lang='lat'>7.</span> 
     </span>
    </p>
   </div>
   <div class='ocr_carea' id='block_1_12' title="bbox 448 4487 2231 4552">
    <p class='ocr_par' dir='ltr' id='par_1_12' title="bbox 448 4487 2231 4552">
     <span class='ocr_line' id='line_1_45' title="bbox 448 4487 2231 4552; baseline 0.004 -10"><span class='ocrx_word' id='word_1_359' title='bbox 448 4504 718 4544; x_wconf 73' lang='lat' dir='ltr'>zeitschrift</span> <span class='ocrx_word' id='word_1_360' title='bbox 745 4505 800 4544; x_wconf 79' lang='lat' dir='ltr'>N.</span> <span class='ocrx_word' id='word_1_361' title='bbox 828 4505 880 4544; x_wconf 75' lang='lat' dir='ltr'>F.</span> <span class='ocrx_word' id='word_1_362' title='bbox 907 4505 1062 4552; x_wconf 81' lang='lat' dir='ltr'>suppl.</span> <span class='ocrx_word' id='word_1_363' title='bbox 1088 4505 1173 4544; x_wconf 82' lang='lat' dir='ltr'>1x.</span> <span class='ocrx_word' id='word_1_364' title='bbox 2147 4487 2231 4550; x_wconf 82' lang='grc'>20</span> 
     </span>
    </p>
   </div>
   <div class='ocr_carea' id='block_1_13' title="bbox 388 4109 800 4117">
    <p class='ocr_par' dir='ltr' id='par_1_13' title="bbox 388 4109 800 4117">
     <span class='ocr_line' id='line_1_46' title="bbox 388 4109 800 4117; baseline 0 778"><span class='ocrx_word' id='word_1_365' title='bbox 388 4109 800 4117; x_wconf 95' lang='lat' dir='ltr'> </span> 
     </span>
    </p>
   </div>
  </div>
 </body>
</html>
