3084 4895
431 357 556 422 184
1195 358 1371 412 Briet’e
1405 375 1509 413 von
1549 357 1904 412 1509—1511.

429 528 606 592 venit
654 533 727 591 ut
773 549 1006 591 aranea
1066 551 1334 592 muscas.
1427 529 1697 592 Publius
1728 527 2011 592 Licinius
2054 527 2345 609 pontifex
2383 527 2707 591 max'imus

433 615 744 677 Vestalem
783 614 1110 694 virginem,
1159 615 1329 695 quod
1364 616 1637 695 quadam
1674 619 1859 677 nocte
1896 635 2116 695 parum
2154 613 2427 693 diligens
2458 615 2705 676 aeterni

432 701 599 780 ignis
633 705 851 762 custos
884 699 1132 776 fuisset,
1164 701 1380 780 flagris
1414 701 1777 781 castigavit.
1872 699 2173 763 Aemiliae
2204 719 2349 762 vero
2384 699 2706 762 maximae

433 785 700 866 virginis
765 785 1224 866 negligentiam
1288 787 1609 848 exstincto
1679 783 1813 866 igni
1878 791 2087 848 tutam
2134 783 2216 846 ab
2262 787 2435 846 omni
2494 806 2708 865 repre-

436 871 743 934 hensione
788 870 1015 934 Vestae
1071 892 1306 933 numen
1363 871 1703 952 praestitit.
1794 870 1933 946 Qua
1994 870 2302 933 adorante
2363 891 2507 932 cum
2564 891 2703 932 car-

437 955 681 1033 basum,
741 977 930 1036 quam
987 956 1290 1037 optimam
1357 955 1657 1029 habebat,
1719 955 1927 1018 foculo
1992 955 2422 1036 imposuisset,
2485 955 2706 1018 subito

436 1041 604 1123 ignis
649 1041 926 1103 emicuit.
989 1041 1282 1121 Ejusdem
1329 1041 1559 1104 Vestae
1612 1041 1853 1104 auxilio
1904 1040 2168 1103 Tuctiae
2198 1051 2227 1079 ⁸
2271 1040 2537 1120 virginis
2585 1040 2704 1102 Ve-

437 1125 620 1188 stalis
665 1126 894 1188 incesti
940 1127 1221 1188 criminis
1266 1148 1408 1188 reae
1455 1127 1723 1188 castitas
1776 1124 2076 1188 infamiae
2132 1125 2303 1189 nube
2360 1126 2709 1190 obscurata

439 1211 713 1273 emersit.
808 1211 982 1286 Quae
1043 1211 1438 1273 conscientia
1494 1216 1663 1273 certe
1730 1211 2121 1273 sinceritatis
2172 1232 2327 1273 suae
2381 1231 2554 1291 spem
2604 1232 2707 1272 sa-

441 1295 600 1358 lutis
647 1296 913 1376 ancipiti
946 1300 1320 1377 argumento
1353 1317 1510 1359 ausa
1542 1301 1754 1378 petere
1785 1301 1899 1359 est.
1996 1299 2260 1377 Arrepto
2293 1295 2460 1358 enim
2496 1294 2705 1358 cribro

445 1380 713 1461 „Vesta“
767 1382 1056 1462 inquit„
1069 1382 1120 1444 si
1169 1381 1365 1443 sacris
1405 1382 1536 1444 tuis
1586 1385 1797 1444 castas
1856 1403 2102 1462 semper
2146 1381 2401 1444 admovi
2456 1401 2699 1452 manus,

443 1465 622 1528 effice
688 1469 758 1528 ut
826 1465 990 1528 hanc
1031 1432 1337 1528 hauriam
1385 1489 1417 1528 e
1463 1466 1677 1528 Tiberi
1740 1488 1970 1548 aquam
2018 1471 2083 1528 et
2128 1466 2193 1528 in
2241 1465 2458 1528 aedem
2524 1470 2701 1528 tuam

437 1549 766 1633 perferam.
780 1549 840 1582 “¹
914 1551 1081 1614 Rata
1147 1557 1295 1614 vota
1364 1551 1536 1614 fuere
1603 1553 1939 1634 precantis.
2032 1550 2297 1614 Orosius
2360 1551 2523 1614 libro
2597 1549 2703 1612 III

444 1641 628 1699 notat
660 1636 1018 1699 miserabile
1052 1636 1252 1700 fatum
1290 1637 1615 1718 cujusdam
1651 1636 1971 1699 Minervae
2002 1637 2349 1700 sacerdot-is
2380 1633 2705 1700 Vestalis.²

439 1721 706 1785 Livius
692 1743 756 1784 111
789 1721 984 1784 XXII.
995 1719 1017 1753 ³
1052 1723 1244 1784 dicit:
1299 1723 1513 1803 „Duae
1566 1723 1843 1784 Vestales
1890 1743 1963 1785 eo
2010 1744 2177 1785 anno
2224 1722 2479 1803 Opimia
2508 1726 2706 1802 atque

446 1806 746 1870 Floronia
793 1808 995 1888 stupri
1045 1812 1403 1888 compertae
1451 1809 1649 1871 altera
1696 1806 1817 1869 sub
1863 1813 2114 1884 terram,
2162 1810 2234 1869 ut
2280 1828 2416 1870 mos
2462 1812 2577 1884 est,
2624 1807 2705 1870 ad

442 1897 693 1970 portam
743 1890 1052 1955 Collinam
1104 1897 1331 1956 necata
1379 1892 1604 1968 fuerat,
1651 1893 1851 1956 altera
1896 1893 2207 1956 sibimetb
2252 1894 2390 1975 ipsa
2438 1896 2706 1956 mortem

443 1979 858 2041 consciverat.
951 1978 1184 2040 Lucius
1253 1978 1569 2041 Cantilius
1637 1978 1847 2041 scriba
1910 1978 2307 2059 pontificum,
2383 1978 2493 2075 qui
2562 1999 2708 2040 cum

443 2063 742 2127 Floronia
803 2067 1094 2144 stuprum
1163 2064 1388 2138 fuerat,
1437 2087 1472 2126 a
1520 2069 1696 2146 pont.
1762 2086 1928 2126 max.
1993 2086 2065 2127 eo
2122 2085 2325 2144 usque
2386 2063 2583 2144 virgis
2639 2063 2703 2124 in

446 2149 708 2212 comitio
755 2169 978 2212 caesus
1011 2155 1165 2226 erat,
1199 2154 1272 2211 ut
1301 2150 1469 2211 inter
1502 2150 1762 2212 verbera
1795 2150 2163 2232 exspiraret.
2176 2148 2202 2178 “
2300 2149 2707 2211 Domitianus

443 2257 586 2298 cum
635 2235 920 2298 ocellatis
989 2234 1330 2311 sororibuS,
1393 2235 1542 2297 item
1604 2234 1959 2298 Varonillae
2018 2234 2376 2298 Vestalibus
2440 2233 2707 2296 liberum

444 2321 666 2384 mortis
711 2321 1104 2402 permisisset
1149 2320 1486 2383 arbitrium
1535 2323 2063 2401 corruptoresque
2094 2343 2309 2384 earum
2342 2320 2707 2400 relegasset,

444 2427 590 2470 mox
643 2405 999 2469 Corneliam
1048 2407 1358 2487 virginem
1417 2407 1760 2470 maximam
1820 2405 2181 2471 absolutam
2242 2406 2415 2480 olim,
2478 2405 2710 2469 dehinc

443 2493 637 2573 longo
683 2492 1019 2555 intervallo
1064 2493 1396 2574 repetitam
1445 2496 1641 2574 atque
1690 2494 2047 2555 convictam
2096 2492 2307 2555 defodi
2369 2492 2709 2572 imperavit

445 2582 970 2659 stupratoresque
1018 2577 1154 2658 ejus
1197 2578 1261 2639 in
1299 2578 1559 2640 comitio
1592 2577 1672 2640 ad
1706 2599 1920 2641 necem
1960 2578 2152 2641 caedi.
2244 2578 2421 2641 Hanc
2452 2597 2707 2639 saevam

447 2667 512 2731 et
559 2669 836 2726 atrocem
887 2664 1270 2726 coertionem
1320 2662 1567 2726 Plinius
1612 2663 1839 2726 Junior
1884 2664 2170 2726 scribens
2216 2662 2293 2725 ad
2343 2662 2709 2725 Cornelium

447 2748 879 2812 Minutianum
927 2748 1018 2810 sic
1061 2748 1316 2811 taxatt⁴
1387 2747 1583 2830 „Cum
1633 2748 1990 2813 Corneliam
2049 2746 2507 2821 Maximillam?
2573 2746 2711 2828 (alii

448 2834 671 2914 legunt
721 2834 1105 2915 „maximam
1157 2833 1504 2898 Vestalem“
1558 2833 1619 2898 h.
1668 2856 1741 2913 e.,
1790 2840 1862 2897 ut
1908 2856 2077 2898 nunc
2126 2834 2465 2916 loquimur,
2510 2833 2711 2897 abba-

446 2920 694 2998 tissam)
767 2918 1097 3001 „defodere
1161 2920 1369 2982 vivam
1433 2920 1856 3000 concupisset,
1914 2925 1987 2983 ut
2046 2920 2157 3001 qui
2214 2919 2519 2982 illustrari
2574 2940 2712 2981 sae-
2788 2970 2795 2973 .

448 3003 658 3067 culum
708 3026 892 3067 suum
928 3004 1240 3085 ejusmodi
1270 3005 1578 3087 exemplis
1612 3004 2048 3081 arbitraretur,
2092 3005 2416 3087 pontificis
2452 3005 2709 3067 maximi

443 3090 581 3172 jure
627 3112 739 3152 seu
785 3090 1000 3170 potius
1048 3091 1446 3153 immanitate
1494 3092 1767 3171 tyranni,
1819 3090 2077 3153 licentia
2125 3090 2385 3165 domini,
2433 3089 2711 3169 reliquos

451 3176 787 3257 pontifices
834 3196 960 3237 non
1009 3175 1072 3237 in
1122 3176 1407 3255 Regiam,
1455 3176 1565 3237 sed
1600 3176 1661 3237 in
1697 3175 2009 3239 Albanam
2046 3175 2259 3239 villam
2296 3175 2710 3250 convocavit,

451 3283 566 3324 nec
599 3262 838 3323 minore
888 3262 1119 3324 scelere
1167 3282 1356 3342 quam
1403 3262 1573 3343 quod
1606 3261 1827 3323 ulcisci
1864 3262 2199 3324 videbatur
2245 3261 2575 3323 absentem
2610 3260 2711 3325 in-

451 3347 865 3427 auditamque
901 3347 1230 3417 damnavit
1252 3346 1498 3422 incesti,
1525 3368 1668 3409 cum
1695 3347 1830 3428 ipse
1853 3345 1981 3409 Titi
2007 3347 2219 3409 fratris
2244 3346 2439 3409 filiam
2468 3346 2711 3409 incesto

452 3454 578 3495 non
613 3431 948 3513 polluisset
975 3432 1179 3495 solum
1215 3454 1429 3495 verum
1465 3432 1657 3495 etiam
1690 3432 2029 3495 occidisset
2045 3455 2062 3511 3·
2086 3454 2231 3494 nam
2259 3432 2451 3494 vidua
2482 3431 2711 3493 abortu

453 3518 658 3599 periit.
750 3517 930 3579 Missi
962 3518 1181 3580 statim
1217 3517 1571 3597 pontifices,
1612 3517 1722 3597 qui
1756 3516 2199 3580 defodiendam
2234 3517 2713 3599 necandamque

455 3606 766 3665 curarent.
858 3602 973 3665 Illa
1019 3624 1189 3665 nunc
1229 3603 1308 3664 ad
1354 3601 1605 3664 Vestam
1651 3625 1821 3665 nunc
1866 3603 1945 3665 ad
1990 3605 2231 3665 ceteros
2286 3602 2438 3664 deos
2486 3622 2713 3663 manus

456 3687 726 3749 tendens
757 3687 978 3763 multa,
1027 3688 1132 3750 sed
1169 3687 1288 3749 hoc
1319 3686 1831 3768 frequentissime
1880 3686 2278 3750 clamitabat:
2330 3687 2447 3763 ,Me
2483 3686 2715 3748 Caesar

452 3774 761 3835 incestam
851 3776 1059 3853 putat,
1150 3793 1276 3852 qua
1345 3794 1523 3835 sacra
1612 3772 1885 3835 faciente
1978 3773 2157 3849 vicit,
2249 3768 2711 3853 triumphavit.'

451 3858 800 3921 Blandiens
846 3858 1004 3920 haec
1049 3878 1129 3920 an
1177 3856 1465 3935 irridenS,
1525 3880 1605 3919 ex
1649 3857 1883 3921 fiducia
1928 3880 2045 3921 sua
2090 3880 2168 3919 an
2219 3879 2298 3919 ex
2343 3860 2714 3937 contemptu

455 3944 760 4024 principis
831 3942 1082 4020 dixerit,
1153 3942 1417 4005 dubium
1489 3946 1603 4005 est.
1694 3942 1893 4017 Dixit,
1962 3944 2163 4005 donec
2208 3943 2289 4005 ad
2336 3941 2717 4023 supplicium

457 4028 670 4090 nescio
719 4050 799 4089 an
847 4028 1172 4103 innocenS,
1221 4033 1390 4090 certe
1435 4032 1739 4107 tanquam
1790 4027 2055 4091 nocens⁵
2105 4028 2296 4090 ducta
2341 4033 2457 4091 est.
2550 4026 2715 4103 Quin

589 4177 617 4203 a
650 4161 716 4213 So
750 4163 879 4212 statt
913 4160 1149 4213 Tucciae.
1291 4163 1320 4200 b
1350 4159 1452 4212 sibi
1490 4163 1612 4211 met.

599 4231 614 4260 ²
650 4229 768 4281 Val.
804 4228 944 4283 Max.
984 4229 1130 4295 VIII,
1171 4231 1218 4292 1,
1411 4230 1430 4259 2
1464 4228 1717 4279 Minucia.
1756 4228 1899 4281 Oros,
1939 4228 2134 4281 Histor.
2156 4226 2251 4294 III,
2273 4226 2321 4279 9.
2430 4229 2451 4259 ⁸
2486 4228 2607 4295 Cap
2632 4229 2715 4281 57.

456 4300 477 4331 ⁴
510 4297 672 4350 Plinii
706 4298 834 4365 Epp.
874 4297 966 4362 IV,
1008 4300 1086 4349 11.
1233 4298 1254 4330 ⁸
1256 4230 1345 4348 5In
1387 4311 1583 4348 unsern
1618 4297 1901 4365 Ausgaben
1946 4296 2068 4351 liest
2115 4312 2239 4349 man
2291 4295 2543 4349 innocens
2590 4297 2718 4349 statt

456 4382 667 4421 nocens.
738 4366 1007 4419 Letzteres
1043 4365 1252 4419 scheint
1287 4366 1380 4417 das
1416 4364 1675 4433 Richtige
