3084 4895
522 443 647 506 376
1352 439 1528 494 Briefe
1566 439 1658 492 des
1694 439 1743 495 J.
1784 440 1930 494 1513.

522 612 704 676 bordi
738 611 974 690 literaS,
1000 613 1052 676 si
1085 611 1316 695 placet,
1341 613 1631 694 obsigna.
1703 609 1935 676 Gecusi
1963 612 2189 676 librum
2228 614 2403 677 brevi
2430 612 2778 677 remittam.

522 698 680 762 Item
730 699 1016 780 exempla
1061 699 1219 777 tua,¹
1286 721 1450 782 qnae
1493 696 1725 763 Janus²
1792 699 2074 782 perlegit.
2166 699 2301 781 Ego
2370 700 2593 764 faciam
2654 700 2779 762 deo

523 787 793 862 volente,
840 789 914 848 ut
959 785 1160 849 Janus
1215 785 1329 848 fiat
1389 787 1677 848 notarius
1735 785 1993 866 elegans
2052 791 2117 850 et
2172 787 2547 856 causidicus.
2636 785 2781 847 Hac

525 873 694 935 enim
739 875 948 935 aetate
993 893 1194 952 genus
1241 870 1360 935 hoc
1404 870 1733 936 hominum
1795 870 2067 935 habetur
2109 873 2172 934 in
2220 874 2441 955 pretio.
2533 871 2781 947 Scribe,

524 980 603 1022 an
650 957 953 1021 Fulcinus
999 958 1256 1021 redierit
1302 981 1334 1020 e
1381 954 1637 1039 patria.⁸
1728 957 1896 1036 Vale,
1958 960 2276 1023 carissime
2333 964 2396 1023 et
2434 958 2783 1022 reverende

525 1043 998 1126 paterfamilias,
1088 1043 1299 1107 Pridie
1341 1044 1487 1108 Idus
1532 1042 1709 1128 Sept.
1768 1043 2055 1108 MDXIll.

830 1143 952 1199 Cod.
991 1143 1122 1199 Frof.
1163 1145 1276 1198 179.
1874 1188 1881 1194 .

501 1347 757 1418 ·(G0tha.)
1574 1333 1717 1398 305.
2283 1349 2361 1404 23.
2401 1348 2539 1417 Sept.
2578 1351 2783 1420 (1513).

1228 1463 1514 1533 Mutian
1562 1482 1660 1534 an
1704 1462 2075 1533 Herbord.

526 1588 761 1654 (Ni‘mmt
805 1591 902 1642 das
950 1591 1112 1643 Reeht
1154 1590 1218 1642 in
1264 1591 1563 1658 Ampruclc,
1614 1591 1699 1642 die
1745 1591 1988 1644 Freumlc
2032 1590 2199 1642 durch
2247 1589 2669 1659 Ermahmmyen
2706 1609 2787 1644 zu

525 1657 743 1723 bessem,
791 1660 904 1712 und
949 1659 1188 1712 berichtet
1230 1661 1357 1712 iiber
1397 1660 1494 1712 den
1541 1659 1826 1712 Justinian
1870 1661 1957 1713 des
2012 1659 2224 1721 Gedru-3,
2261 1659 2353 1710 der
2385 1660 2559 1712 nicht-s
2600 1660 2787 1714 Neues

944 1729 1152 1782 enlkc'z‘lt.
1225 1728 1460 1797 Anfraye
1493 1729 1621 1782 iiber
1654 1729 1769 1782 eine
1803 1729 1993 1784 Lesart
2033 1729 2115 1782 im
2156 1728 2355 1796 Codex.)

549 1841 912 1893 Herebordo
949 1845 1294 1906 margarito
1331 1846 1565 1897 oratori
1601 1847 1663 1897 et
1693 1845 2057 1905 jurisperito
2095 1843 2328 1894 celebri
2364 1839 2471 1909 (M.
2507 1840 2761 1908 Rufus).

731 1952 794 2018 S.
864 1954 1274 2019 Humanusne
1304 1968 1332 1996 ⁸
1371 1958 1494 2021 dici
1525 1978 1604 2020 an
1646 1956 2031 2019 inhumanus
2062 1955 2267 2031 velim,
2295 1953 2451 2018 alias
2483 1953 2786 2034 equidem

527 2039 864 2104 decidere*
953 2040 1368 2108 Terentianus
1428 2041 1725 2107 Chremes
1787 2041 2049 2106 humani
2095 2040 2257 2104 nihil
2303 2063 2340 2103 a
2384 2062 2451 2103 se
2495 2040 2786 2104 alienum

525 2125 762 2208 putat-⁵
852 2127 985 2208 Ego
1053 2151 1214 2208 vero,
1263 2130 1415 2211 quia
1463 2129 1739 2193 difficilis
1786 2133 1883 2192 est
1931 2151 2079 2192 cura
2136 2149 2342 2192 rerum
2406 2127 2787 2204 alienarum,

529 2233 653 2276 non
714 2213 795 2276 ad
850 2219 1183 2297 quaestum
1248 2216 1355 2280 sed
1404 2216 1482 2279 ad
1540 2217 1931 2297 voluptatem
1992 2215 2205 2278 studia
2260 2212 2477 2289 refero,
2541 2215 2789 2294 quietis

527 2321 746 2362 amans
793 2304 856 2363 et
901 2301 1104 2365 cultor
1161 2324 1286 2365 non
1351 2302 1643 2365 turbidae
1708 2302 1817 2365 sed
1887 2300 2267 2383 tranquillae
2330 2300 2783 2363 humanitatis

525 2385 746 2467 Neque
793 2386 956 2450 enim
1003 2394 1115 2453 aut
1160 2393 1412 2453 astutus
1440 2389 1468 2428 b
1514 2411 1657 2454 sum
1704 2393 1814 2453 aut
1860 2388 2255 2465 ambitiosus,
2302 2387 2422 2451 nisi
2455 2391 2789 2469 quatenus

530 2473 778 2536 ratione
867 2478 930 2537 et
1017 2476 1398 2539 auctoritate
1489 2476 1867 2559 dignitatem
1958 2478 2365 2539 manutenere
2395 2484 2419 2514 0
2517 2474 2783 2556 possim.

531 2560 842 2635 Quorsum
898 2560 1102 2625 haec?
1190 2562 1273 2626 Ut
1333 2562 1655 2643 intelligas
1701 2568 1766 2624 te
1813 2583 1934 2625 non
1987 2561 2211 2625 debere
2265 2560 2666 2638 stomachari,
2732 2562 2789 2623 si

417 2672 426 2683 ·
527 2650 593 2709 te
647 2645 710 2708 in
766 2646 1066 2710 fluctibus
1133 2648 1412 2711 civilium
1480 2650 1971 2730 occupationum
2040 2648 2297 2711 honoris
2358 2653 2423 2710 et
2474 2647 2791 2727 pecuniae

530 2731 884 2814 cupiditate
930 2739 1240 2797 errantem
1290 2736 1367 2797 ad
1419 2741 1666 2817 portum
1718 2734 2050 2798 sedatior-is
2095 2734 2263 2815 genii
2313 2734 2545 2796 crebris
2576 2734 2789 2797 literis

533 2840 928 2891 revocavere
1044 2818 1228 2884 Soleo
1305 2822 1468 2885 enim
1548 2822 1705 2885 eniti
1781 2827 1844 2885 et
1918 2820 2181 2897 efficere,
2259 2830 2325 2883 ut
2402 2820 2637 2883 amicos
2716 2843 2789 2883 se

531 2911 820 2969 amantes
865 2926 938 2969 ac
986 2905 1179 2969 nimis
1240 2908 1545 2989 superbos
1592 2908 1667 2971 ad
1716 2908 2111 2983 modestiam,
2168 2906 2453 2970 sordidos
2510 2928 2653 2969 vero
2721 2911 2791 2970 et

529 2990 763 3073 abjecti
809 2992 1005 3055 animi
1055 2994 1132 3057 ad
1182 3016 1354 3077 spem
1401 2994 1812 3077 melioresque
1874 2994 2191 3073 cogitatus
2246 2993 2561 3057 inducam.
2652 2990 2790 3056 Sed

533 3078 608 3141 de
640 3077 756 3140 hoc
789 3076 1113 3142 hactenus,
1212 3079 1449 3161 „Nunc,
1482 3082 1651 3162 quod
1684 3082 1901 3153 instat,
1936 3076 2289 3161 agamus“⁶
2380 3078 2611 3143 Gecusi
2654 3078 2787 3144 tui⁷

532 3165 801 3245 digesta,
871 3186 1032 3245 quae
1104 3167 1166 3229 in
1235 3189 1461 3230 manus
1532 3173 1781 3231 nostras
1846 3167 1971 3231 tuis
2039 3166 2337 3247 auspiciis
2403 3171 2466 3229 et
2541 3164 2784 3229 Urbani

531 3252 728 3315 ductu
793 3256 1116 3328 venerunt,
1182 3260 1427 3335 praeter
1487 3260 1861 3335 argumenta
1922 3252 2167 3334 legibus
2224 3251 2470 3334 adjecta
2516 3257 2579 3315 et
2626 3274 2788 3334 pau-

533 3336 819 3401 cissimas
865 3338 1316 3402 adnotationes
1364 3363 1441 3402 ex
1485 3339 1623 3421 jure
1672 3340 1993 3421 pontificio
2042 3339 2369 3419 decerptas
2418 3337 2576 3401 nihil
2632 3340 2783 3402 novi

531 3446 676 3506 prae
736 3447 801 3487 se
864 3422 1090 3487 ferunt.
1187 3426 1298 3489 Est
1343 3425 1530 3488 isthic
1576 3426 1699 3489 alia
1746 3426 1961 3502 editio,
2025 3426 2133 3489 sed
2200 3446 2391 3505 penes
2452 3447 2611 3505 quos
2676 3426 2783 3503 sit,

530 3511 770 3591 ignoro,
861 3509 929 3572 In
992 3533 1117 3593 qua
1177 3512 1579 3594 corriguntur
1639 3512 1847 3593 legum
1908 3511 2147 3587 literae,
2211 3512 2476 3592 exempli
2540 3512 2780 3592 gratia:

531 3596 930 3660 scribendum
963 3620 1096 3659 esse
1128 3597 1927 3680 „Vulpianus“,legendum
1961 3598 2074 3680 „de
2096 3596 2331 3663 indiem
2356 3597 2781 3679 addictione“‚

533 3687 597 3746 et
638 3682 701 3745 id
749 3704 947 3765 genus
1003 3688 1319 3747 sexcenta.
1410 3684 1681 3766 Dispice,
1738 3686 1791 3747 si
1860 3706 1959 3748 me
2002 3682 2197 3760 amaS,
2258 3706 2410 3747 num
2473 3684 2784 3765 ejusmodi

532 3768 984 3850 castigationes
1030 3770 1091 3832 in
1140 3770 1350 3834 fronte
1410 3769 1768 3833 habeantur
1826 3770 2009 3851 primi
2071 3770 2214 3834 libri
2260 3793 2340 3833 an
2392 3776 2535 3851 post
2589 3769 2781 3833 finem

535 3853 760 3929 ultimi,
807 3876 886 3917 an
934 3855 1036 3931 sit,
1083 3860 1156 3918 ut
1201 3856 1355 3933 dixi,
1403 3857 1526 3919 alia
1573 3857 1788 3929 editio,
1839 3857 1900 3918 in
1952 3857 2129 3937 cujus
2194 3877 2451 3937 corpore
2510 3861 2784 3939 purgata

532 3942 619 4003 sit
663 3940 991 4003 verborum
1042 3942 1220 4005 ratio.
1317 3943 1709 4024 Quamquam
1758 3942 2055 4024 pleraque
2112 3943 2302 4005 nullis
2356 3943 2781 4019 adminiculis,

671 4176 698 4203 a
725 4161 1006 4213 Humanus
1043 4178 1123 4215 ne.
1263 4166 1290 4203 b
1320 4164 1577 4216 austutus.
1720 4176 1743 4203 0
1775 4166 2058 4223 manutere,
2096 4162 2323 4213 cla-richer
2358 4178 2435 4213 ne.

675 4232 690 4260 ¹
727 4230 936 4283 Urbans
970 4230 1120 4282 Buch
1157 4230 1408 4284 Mar-ulus
1481 4230 1531 4285 S.
1570 4231 1670 4284 308
1707 4233 1767 4284 A.
1806 4234 1855 4285 5.
1963 4234 1982 4263 2
2020 4231 2265 4297 Urbicus,
2305 4230 2500 4283 Diener
2534 4228 2780 4283 Mutians.

532 4298 582 4351 S.
619 4298 718 4351 289
758 4302 821 4352 A.
862 4301 906 4353 1.
1049 4301 1068 4329 ³
1101 4302 1213 4351 Aus
1250 4299 1561 4367 Havelberg,
1599 4302 1691 4351 der
1726 4300 2028 4353 Vaterstadt
2086 4299 2347 4353 VoltzkeS.
2490 4299 2511 4329 ⁴
2542 4297 2783 4353 Herbord

531 4366 737 4418 soheint
770 4368 824 4418 in
861 4366 1032 4419 eincm
1065 4383 1561 4435 vorangcgangenen
1592 4368 1755 4421 Briefe
1777 4370 1892 4421 sich
1912 4370 2041 4421 iiber
2062 4368 2293 4422 Mutians
2317 4367 2783 4437 Zurechtweisung

529 4434 824 4487 beschwert
869 4451 935 4487 zu
980 4435 1165 4489 haben.
1305 4438 1326 4469 ⁵
1360 4437 1470 4491 Ter.
1522 4437 1801 4489 Heautont.
1849 4438 1890 4503 I,
1948 4440 1993 4505 1,
2032 4438 2113 4492 25.
2188 4438 2291 4492 Cic.
2330 4436 2409 4489 De
2445 4436 2528 4489 off.
2568 4436 2611 4507 1,
2648 4438 2698 4507 9,
2735 4440 2780 4494 7.

598 4503 620 4535 ⁶
653 4503 806 4562 Nach
841 4503 995 4575 Verg.
1032 4502 1139 4558 Ecl.
1176 4504 1274 4575 IX,
1311 4506 1392 4561 66.
1534 4507 1553 4539 ⁷
1592 4506 1705 4576 Vgl.
1742 4505 1829 4560 Br.
1868 4506 1986 4561 303.
2024 4506 2139 4561 304.
