3084 4895
459 414 588 477 220
1281 413 1456 467 Briefe
1492 413 1586 467 des
1620 414 1669 470 J.
1712 414 1857 469 1512.

463 584 730 647 Mutium
783 584 1148 661 committit,
1193 584 1483 649 Mutiano
1527 590 1744 649 tamen
1810 608 1933 649 non
1983 587 2341 669 respondet,
2408 586 2579 667 quod
2628 594 2729 651 est

464 669 802 733 incivilius
895 668 1257 733 Amicorum
1303 672 1468 733 enim
1505 692 1699 735 causa
1734 673 2085 754 praecipua.
2159 671 2378 735 Officit
2407 673 2728 736 amicitiae

462 755 808 832 silentium,
857 758 921 817 et
965 755 1017 817 si
1066 776 1174 837 per
1219 757 1536 837 ignaviam
1596 762 1897 831 cessatur,
1964 762 2117 820 sunt
2185 762 2396 821 tamen
2456 759 2566 837 qui
2612 780 2729 840 pu-

463 844 605 903 tent
648 844 856 904 tacere
904 862 1042 903 esse
1089 842 1362 922 superbi.
1455 842 1586 903 Ista
1643 843 1989 906 mittamus.
2085 842 2287 906 Sudet
2340 843 2403 905 in
2452 864 2567 905 sua
2616 866 2729 926 pa-

467 926 699 989 laestra
743 947 858 988 suo
883 925 1042 1008 jure.
1135 924 1458 991 Subantes
1490 927 1684 990 nullis
1717 950 1921 1011 neque
1950 929 2213 991 monitis
2245 950 2451 1009 neque
2484 930 2730 993 cavillis

467 1012 832 1074 excitantur
890 1011 971 1074 ad
1016 1010 1314 1075 officium.
1407 1011 1677 1095 Superbi
1734 1035 1883 1077 vero
1935 1035 2241 1096 responsa
2302 1013 2605 1077 differunt
2663 1022 2733 1077 et

473 1118 588 1159 suo
624 1098 916 1159 nituntur
945 1096 1229 1159 arbit-rio.
1279 1096 1478 1159 Aliter
1512 1100 1821 1181 praecipit
1851 1099 2211 1163 Bernardus
2242 1105 2418 1163 tuus:
2459 1098 2730 1179 „Omnia

473 1183 572 1244 fac
618 1202 756 1245 cum
808 1181 1073 1244 consilio
1120 1204 1236 1245 nec
1281 1188 1492 1245 tamen
1541 1186 1824 1247 omnium
1869 1188 1983 1247 aut
2028 1206 2570 1265 quorumcunque,
2618 1186 2729 1247 sed

473 1266 842 1329 bon01·um.“
939 1266 1033 1329 Ad
1089 1272 1305 1329 nostra
1353 1274 1759 1332 revertamur.
1865 1269 2161 1333 Praedixi
2205 1270 2723 1347 Dannebaccho,¹

471 1352 637 1433 quod
673 1353 902 1414 evenit.
974 1352 1297 1415 Dedissem
1331 1352 1498 1425 XII?
1547 1359 1621 1417 ut
1652 1352 1950 1417 Rufinus⁸
1998 1352 2251 1419 Christo
2298 1356 2729 1435 dedicaretur3

463 1441 683 1519 postea
740 1438 1052 1500 dedissem
1116 1437 1294 1515 VIII,
1373 1442 1448 1501 ut
1505 1462 1685 1503 meae
1743 1441 2079 1519 dignitatis
2137 1442 2297 1503 ratio
2364 1441 2724 1504 haberetur.

470 1523 605 1585 Diis
651 1523 835 1586 aliter
868 1523 1124 1604 placuit.
1193 1522 1378 1585 Nunc
1421 1526 1713 1607 equidem
1750 1548 1827 1588 ne
1858 1527 2153 1589 trientem
2189 1526 2441 1606 quidem
2493 1527 2726 1590 darem.

466 1608 755 1671 Mutatus
812 1614 908 1671 est
971 1609 1141 1671 enim
1191 1614 1402 1672 status
1463 1633 1893 1692 personarum,
1951 1617 2013 1674 et
2059 1613 2227 1691 quod
2284 1616 2433 1675 ante
2479 1610 2727 1675 Morum

464 1716 572 1776 per
615 1695 760 1757 lites
809 1695 1087 1757 modicas
1149 1695 1593 1771 obtinuissem,
1662 1719 1829 1759 nunc
1875 1698 2021 1779 post
2063 1696 2307 1761 Morum
2373 1720 2557 1760 nemo
2606 1698 2727 1759 nisi

463 1781 844 1861 pecuniosus
877 1784 940 1843 et
983 1780 1186 1843 litium
1227 1781 1493 1862 cupidus
1533 1788 1925 1865 assequetur.
1993 1782 2236 1846 Viderit
2275 1784 2429 1846 haec
2462 1781 2727 1860 calvus⁴‚

467 1866 565 1927 cui
616 1888 712 1929 res
758 1871 823 1929 et
867 1888 1010 1946 spes
1056 1866 1262 1948 periit.
1358 1865 1456 1929 Ab
1504 1868 1626 1931 hac
1670 1868 1867 1949 igitur
1927 1890 2079 1931 cura
2123 1873 2186 1932 te
2232 1869 2509 1934 absolve.
2602 1868 2729 1932 Sed

462 1952 542 2013 ad
595 1952 858 2015 alteram
916 1952 952 2013 i.
1004 1975 1054 2013 e.
1102 1950 1489 2030 Lotianam,⁵
1544 1974 1717 2033 -quae
1776 1954 1929 2017 mihi
2002 1954 2417 2017 sollicitudini
2480 1959 2596 2024 est,
2657 1960 2730 2017 ut

463 2038 822 2100 cautionem
868 2037 1192 2113 adhibeaS,
1241 2037 1431 2101 etiam
1479 2042 1675 2120 atque
1719 2040 1910 2103 etiam
1946 2060 2073 2103 oro,
2169 2039 2338 2117 Vale,
2378 2040 2723 2103 amicorum

463 2123 948 2205 sapientissime.
1041 2122 1242 2185 Nonis
1289 2123 1663 2188 Sextilibus.

777 2222 898 2276 Cod.
938 2222 1070 2275 Frcf.
1107 2222 1224 2276 206.

463 2411 692 2481 (Gotha.)
1527 2396 1667 2458 171.
2284 2413 2362 2468 10.
2400 2415 2534 2482 Aug.
2576 2412 2726 2468 1512.

1138 2522 1423 2593 Mutian
1470 2543 1571 2592 an
1614 2523 2067 2593 Musardu8.⁶

463 2652 640 2719 (Giebt
688 2653 787 2703 dem
822 2652 944 2714 Eat,
1001 2651 1086 2703 dic
1116 2651 1337 2704 Lelctibre
1381 2651 1474 2702 der
1503 2651 1771 2718 profanent
1810 2653 1926 2704 und
1965 2651 2305 2704 christlicken
2354 2651 2730 2716 Schriftsteller

526 2737 600 2772 zu
634 2721 927 2784 verbinden,
965 2721 1079 2788 und
1111 2719 1212 2774 lobt
1247 2720 1332 2772 die
1365 2719 1593 2772 Ansioht
1618 2721 1705 2772 des
1741 2719 2035 2774 Musardus
2068 2721 2197 2773 iiber
2223 2721 2308 2772 die
2344 2719 2693 2786 Mc'z'ssiqlaeit.)

463 2834 900 2885 monasteriali
944 2835 1243 2896 magistro
1279 2833 1362 2885 H.
1397 2832 1699 2883 Musei-do
1744 2833 2146 2894 politioribus
2193 2834 2395 2884 literis
2440 2834 2727 2894 praedito

1352 2932 1464 2970 suo
1499 2919 1590 2968 M.
1625 2917 1849 2969 Rufus.

671 3029 734 3094 S.
825 3028 960 3093 Nae
1021 3033 1094 3093 tu
1152 3028 1478 3092 officiosus
1533 3028 1724 3092 homo
1772 3051 1855 3092 ee.
1948 3027 2091 3092 Non
2160 3028 2396 3110 pateris
2459 3030 2733 3092 rusticos

465 3137 641 3179 meos
685 3114 888 3178 redire
933 3115 1070 3178 sine
1115 3115 1409 3197 aucupio.
1501 3114 1679 3178 Petis
1709 3117 1923 3192 etiam,
1968 3119 2042 3178 ut
2088 3113 2347 3178 indultu
2380 3135 2520 3178 meo
2554 3115 2675 3179 tibi
2704 3126 2733 3154 ⁸

469 3203 658 3265 liceat
702 3203 767 3264 in
814 3201 985 3282 agris
1040 3200 1436 3264 ethnicorum
1496 3199 1740 3264 diutius
1803 3200 2038 3264 versari
2092 3220 2404 3281 suspensa
2457 3199 2732 3264 lectione

466 3309 664 3350 sacra.
762 3286 1106 3350 Arbitraris
1167 3287 1334 3348 enim
1392 3290 1466 3348 ut
1511 3287 1827 3349 neminem
1890 3290 2113 3349 ornate
2167 3285 2342 3365 loqui
2396 3307 2603 3368 posse,
2664 3286 2733 3349 ni

469 3374 579 3454 qui
638 3372 837 3436 latine
896 3372 1076 3449 sciat,
1145 3373 1236 3435 ita
1292 3371 1602 3435 infantem
1661 3376 1855 3453 atque
1914 3371 2225 3434 insulsum
2284 3372 2349 3435 in
2408 3370 2735 3450 theologia

469 3461 774 3535 futurum,
840 3458 965 3520 nisi
1026 3459 1134 3540 qui
1181 3457 1397 3520 literas
1456 3479 1618 3539 quas
1674 3457 2033 3521 saeculares
2081 3461 2314 3520 vocant
2357 3461 2743 3538 praegusta-‘

473 3545 648 3607 verit.
742 3544 878 3624 Ego
925 3545 1044 3606 etsi
1091 3564 1219 3605 non
1265 3542 1547 3623 refragor
1592 3541 1741 3607 huic
1786 3542 2091 3624 opinioni,
2152 3545 2366 3604 tamen
2416 3541 2574 3604 illud
2619 3542 2735 3604 ad-

469 3630 743 3692 dendum
804 3628 1122 3708 existimO,
1189 3629 1615 3709 copulandum
1683 3633 2025 3708 utrumque
2096 3627 2449 3690 studiorum
2508 3649 2733 3707 genae,

472 3738 569 3790 ne,
617 3716 765 3778 dum
815 3714 1083 3778 alterum
1132 3714 1302 3776 latus
1346 3718 1665 3796 protegaS,
1729 3713 2073 3776 vulnereris
2120 3713 2187 3774 in
2232 3713 2451 3775 altem.
2540 3711 2737 3774 Navi-

472 3801 657 3880 gabis
693 3801 888 3880 igitur
920 3801 982 3862 in
1019 3822 1166 3862 arca
1196 3799 1373 3860 Noae
1401 3803 1449 3874 b,
1499 3821 1575 3861 ne
1622 3804 1685 3861 te
1732 3799 1979 3879 profani
2030 3797 2251 3860 diluvii
2296 3802 2731 3861 transversum

470 3890 688 3948 aestus
743 3886 982 3965 rapiat,
1041 3891 1104 3948 et
1158 3884 1619 3947 dialecticum0
1681 3883 2113 3964 Augustinum
2174 3904 2313 3945 cum
2385 3885 2736 3963 interprete

473 3971 856 4052 Hieronymo
903 3972 1183 4033 romanis
1229 3971 1651 4050 scriptoribus
1696 3970 1959 4032 associa.
2052 3969 2151 4031 Ita
2181 3968 2311 4045 fiet,
2360 3972 2430 4031 ut
2479 3968 2732 4048 elegan—

495 4189 501 4194 .
605 4154 632 4181 a
661 4139 758 4192 tibi
791 4140 916 4206 fehlt
951 4139 1034 4192 bei
1075 4138 1222 4191 Temo.
1331 4141 1359 4178 b
1386 4139 1515 4191 Noe.
1661 4152 1686 4179 ο
1715 4136 2016 4190 dialectum.

609 4209 626 4238 ¹
664 4208 713 4262 S.
754 4225 862 4262 vor.
894 4208 981 4261 ΒΓ.
1121 4210 1141 4240 ²
1177 4207 1425 4261 Nemlich
1469 4221 1673 4260 aureos,
1816 4207 1836 4237 ³
1870 4205 1919 4259 S.
1957 4208 1993 4256 4
2026 4208 2088 4260 Α.
2130 4208 2174 4259 1.
2224 4206 2297 4257 Er
2332 4204 2499 4271 sollte,
2548 4208 2627 4256 als
2663 4218 2721 4254 er

468 4277 699 4329 Mutians
748 4277 935 4330 Dienst
982 4275 1218 4342 verliess,
1269 4276 1367 4327 mit
1402 4275 1548 4328 einer
1593 4275 1903 4342 geistlichen
1951 4275 2181 4327 Pfriinde
2218 4277 2457 4342 versorgt
2496 4272 2724 4337 werden,

463 4362 614 4397 wozu
649 4361 705 4396 es
733 4345 925 4412 jedoch
971 4361 1152 4412 wegen
1203 4344 1296 4396 der
1330 4343 1508 4396 Riinke
1552 4343 1645 4396 des
1680 4343 1859 4396 Morus
1908 4344 2057 4396 nicht
2099 4344 2245 4401 kam.
2382 4345 2403 4374 ⁴
2438 4339 2718 4394 Tambach.

467 4417 488 4446 ὃ
523 4413 574 4466 S.
613 4413 714 4464 212
751 4417 814 4467 Α.
854 4416 901 4466 7.
1043 4414 1065 4445 ⁶
1099 4412 1150 4467 S.
1191 4412 1292 4465 212
1328 4413 1392 4464 A.
1429 4413 1476 4466 6.

2966 4649 3019 4895 [ms-„⁴
