3084 4895
1188 397 1397 456 Mutian
1434 418 1502 454 an
1518 467 1522 470 ι
1538 395 1737 458 Urban.
2455 399 2577 469 321.

348 573 596 640 moneri
639 594 756 638 nec
800 571 1160 655 persuaderi
1203 571 1326 636 sibi
1369 571 1697 654 permittit.
1788 571 2029 636 Mecum
2074 571 2197 636 fuit
2233 574 2389 638 duce
2418 573 2581 638 Jano

352 657 841 742 Sommeringo,¹
924 658 1293 722 circulatore
1365 658 1657 740 glorioso,
1732 680 1886 741 puer
1956 657 2355 723 Ambrosius*
2400 660 2585 726 ,mira

349 747 728 830 garrulitate
771 745 1113 828 praeditus,
1165 743 1402 825 alioqui
1437 744 1703 808 festivus
1732 749 1796 808 et
1827 744 2265 826 perjucundus
2350 745 2581 810 Vellem

349 835 620 912 rediret;
683 832 1054 912 castigarem
1116 830 1395 912 ineptam
1459 831 1906 911 arrogantiam,
1962 835 2173 894 motus
2230 832 2463 913 pietate
2522 837 2585 894 et

349 918 796 983 misericordia.
885 915 999 980 Est
1067 916 1231 979 enim
1299 916 1505 987 miser
1561 921 1739 998 patre
1783 920 1971 994 caret,
2020 920 2080 979 et
2126 938 2235 998 per
2279 917 2585 999 quosdam

351 1006 447 1070 sic
491 1027 528 1069 a
572 1005 674 1067 via
717 1006 888 1067 recta
951 1001 1266 1066 abductus
1329 1005 1512 1064 errat.
1574 1005 1648 1064 ut
1700 1005 1883 1082 egeat
1948 1003 2291 1067 monitoris.
2379 1003 2583 1081 Error,

351 1089 638 1174 profecto
686 1095 783 1154 est
825 1109 992 1152 error
1036 1086 1432 1168 frequentare
1477 1100 1729 1150 mensas
1774 1088 2044 1151 divitum
2091 1092 2153 1152 et
2197 1111 2264 1152 se
2308 1109 2581 1152 scurram

353 1175 766 1241 deridiculum
835 1174 1146 1256 praebere,
1212 1171 1480 1236 fabulari
1525 1173 1602 1236 ad
1652 1174 1923 1237 alienum
1981 1178 2223 1254 nutum,
2290 1175 2587 1256 effingere

354 1262 757 1360 Gnathonem
824 1255 1222 1343 parasitum,⁸
1280 1263 1749 1340 repraesentare
1806 1259 2192 1323 histrionem.
2283 1260 2396 1324 His
2450 1283 2589 1344 per-

313 1404 318 1408 .
357 1349 560 1414 versis
605 1347 914 1411 assuescit
955 1345 1236 1409 moribus
1281 1349 1344 1408 et
1382 1343 1809 1426 jactabundus
1840 1349 2120 1410 ostentat
2160 1345 2256 1410 vel
2296 1347 2585 1411 umbram

354 1434 755 1516 eloquentiae
812 1432 908 1495 vel
965 1431 1305 1529 primordia
1350 1431 1672 1494 doctrinae
1733 1432 1912 1514 quasi
1980 1431 2303 1496 famelicus
2370 1455 2587 1496 saccu-

358 1521 554 1584 larius
621 1520 846 1601 stipem
913 1521 1042 1596 aut,
1109 1516 1163 1581 si
1229 1516 1348 1580 diis
1414 1517 1639 1599 placet,
1706 1517 2075 1600 applausum
2151 1519 2582 1600 quaeritanda

353 1606 602 1688 Ingenii
666 1605 876 1668 lumen
942 1604 1008 1667 in
1067 1624 1139 1666 eo
1199 1602 1369 1666 lucet
1427 1607 1490 1664 et
1546 1601 1776 1685 dignus
1840 1603 2088 1667 videtur
2150 1603 2590 1686 objurgatione

358 1691 641 1756 salutari.
729 1689 932 1753 Nimis
978 1694 1112 1753 erat
1154 1687 1274 1752 tibi
1320 1686 1665 1752 familiaris.
1742 1688 1913 1753 Vidit
1955 1690 2100 1753 hem
2146 1690 2345 1772 quid‘?
2417 1691 2589 1754 Vidit

360 1799 535 1844 meas
591 1777 821 1840 literas.
915 1775 1036 1840 Sed
1083 1775 1147 1838 id
1190 1774 1382 1837 feram
1429 1795 1569 1837 meo
1614 1776 1957 1854 stomachO,
2004 1797 2084 1839 ne
2127 1775 2472 1841 bellissimo
2518 1799 2591 1840 ac

360 1864 736 1928 suavissimo
826 1860 1215 1924 adulescenti
1286 1881 1426 1924 mea
1498 1881 1688 1925 causa
1760 1882 2146 1926 succenseas.
2236 1861 2401 1926 Vale.
2489 1862 2589 1926 IV.

358 1949 556 2014 Eidus
600 1947 912 2024 Quintiles
958 1945 1242 2010 MDXIII.
1290 1945 1555 2010 Gothae.

663 2047 784 2101 Cod.
820 2046 951 2100 Frcf.
990 2046 1104 2102 273.

360 2237 588 2306 (Gotha.)
1396 2219 1536 2283 262.
2182 2236 2261 2291 13.
2296 2235 2407 2290 Juli
2445 2236 2591 2292 1513.

1101 2345 1387 2416 Mutian
1431 2367 1525 2416 an
1580 2346 1852 2417 Urban.

367 2478 748 2546 (Unyimstiqes
813 2476 980 2530 Urteil
1027 2476 1154 2528 ‘tiber
1205 2476 1386 2544 Bonis.
1443 2476 1729 2531 Simonem.
1800 2476 1907 2529 Der
1955 2475 2058 2529 Abt
2099 2476 2375 2530 Durom'us
2424 2476 2597 2529 seiner

368 2547 605 2614 Stelluny
639 2546 788 2599 nicht
816 2544 1130 2613 qewachsen.
1200 2545 1273 2597 M.
1308 2546 1420 2598 will
1440 2546 1539 2598 den
1560 2563 1661 2598 von
1683 2545 2015 2613 Enyebmann
2036 2544 2392 2613 einyefio'hrten
2413 2544 2597 2597 Mieter

363 2616 662 2668 annehmm
712 2616 826 2667 und
875 2631 1005 2667 xum
1055 2613 1179 2667 Bau
1232 2619 1387 2668 etwas
1439 2614 1637 2681 beitray
1638 2631 1715 2667 en.
1799 2614 2218 2683 Vmoz'bmchuny
2260 2614 2350 2667 der
2389 2612 2595 2669 Kb'lner.

627 2684 838 2737 stlonin
869 2700 996 2750 may
1029 2681 1323 2750 fortfahren
1351 2700 1508 2751 yeyen
1540 2683 1627 2735 die
1660 2682 2008 2751 Philosophm
2038 2700 2122 2742 zu
2144 2688 2315 2736 venitm
2318 2685 2350 2750 .)

470 2799 782 2849 Accurato
819 2797 1120 2857 doctoque
1155 2798 1450 2858 magistro
1485 2797 1568 2848 H.
1605 2798 1857 2848 Urbano
1894 2810 2223 2848 oeconomo
2258 2797 2508 2857 praeter

974 2886 1212 2934 ceteros
1255 2883 1609 2935 venerando
1644 2883 1731 2934 M.
1766 2882 1985 2934 Rufus.

573 2992 636 3058 S.
723 2994 878 3078 Legi
923 2986 1177 3060 ἔκδοσιν
1219 2998 1420 3063 abbae
1467 2995 1867 3061 Cornutani.⁴
1952 2995 2167 3059 Bonus
2230 2998 2408 3077 pater
2471 2992 2599 3075 pri-

377 3080 540 3144 vatis
570 3080 858 3162 epistolis
890 3084 1176 3163 publicas
1205 3084 1502 3149 historias
1533 3082 1818 3147 involvit.
1902 3081 2071 3145 Nihil
2104 3079 2599 3169 perplexibiliu8‚

373 3165 531 3229 nihil
607 3168 1063 3232 tenebricosius
1138 3171 1362 3266 legisse
1435 3170 1709 3233 memini.
1818 3168 1991 3231 Adeo
2065 3158 2433 3247 inaequaliS‚
2506 3169 2599 3243 ut,

367 3253 656 3334 quamvis
703 3254 1102 3336 introspicias
1146 3244 1637 3339 οἶκριβεστέρως,
1667 3266 1695 3294 ²
1737 3254 1982 3317 nescias
2024 3257 2254 3331 tamen,
2302 3272 2599 3333 quorsum

375 3339 618 3401 tendat.
710 3338 949 3403 Doctus
994 3346 1108 3419 est,
1169 3342 1367 3405 multa
1420 3342 1560 3419 scit,
1616 3362 1741 3403 non
1796 3345 2009 3403 tamen
2065 3340 2306 3417 omnia3
2370 3336 2478 3399 sed
2535 3336 2601 3399 id

375 3424 544 3505 quod
601 3424 738 3502 scit,
799 3426 1005 3507 eloqui
1051 3448 1177 3491 non
1235 3432 1462 3509 potest.
1555 3426 1785 3489 Haeret
1826 3426 1893 3489 in
1938 3426 2109 3488 omni
2162 3424 2479 3506 junctura,
2536 3427 2602 3485 et

375 3510 484 3572 ubi
531 3511 766 3589 grande
813 3513 964 3591 quid
1011 3533 1342 3593 personare
1389 3511 1654 3587 videtur,
1701 3512 1753 3575 si
1801 3510 2333 3593 propinquaveris,
2374 3529 2600 3571 evane-

371 3596 492 3659 scit
522 3600 826 3678 tanquam
858 3598 1105 3661 nebula.
1197 3599 1584 3662 Veternosus.
1608 3603 1705 3661 est
1736 3597 1938 3675 stiluS,
1971 3600 2188 3659 auctor
2218 3595 2601 3672 soloeciste8‚

375 3688 442 3743 et
487 3681 632 3744 dum
681 3686 964 3747 ostentat
1007 3684 1440 3763 eruditionem,
1499 3683 1656 3746 nihil
1704 3683 1875 3747 aliud
1922 3704 2109 3764 quam
2153 3703 2355 3745 meras
2402 3700 2603 3761 nugas

369 3773 665 3849 praestat.
743 3766 888 3831 Tria
948 3771 1387 3850 potentissima
1432 3771 1654 3833 dicam.
1746 3769 1897 3833 Plus
1927 3768 2159 3831 laboris
2190 3766 2543 3831 exantlavit
2574 3766 2602 3803 b

373 3855 438 3915 in
509 3855 918 3935 congerendis
987 3857 1270 3937 undique
1333 3856 1517 3919 rebus
1592 3877 1777 3937 quam
1858 3854 2253 3918 collocandis
2364 3852 2602 3915 Deinde

601 4094 706 4141 axe
709 4077 954 4140 maneriis·
1090 4079 1118 4117 b
1147 4075 1455 4129 exanclavit.

515 4146 530 4175 ¹
569 4141 948 4212 S'ommeringj
955 4143 1118 4197 unior.
1155 4144 1205 4198 S.
1229 4146 1325 4197 317
1363 4146 1424 4199 A.
1450 4146 1494 4197 1.
1601 4144 1621 4177 ²
1656 4142 1708 4197 S.
1728 4143 1828 4195 263
1864 4144 1923 4195 A
1952 4141 1997 4195 2.
2108 4142 2129 4172 ³
2160 4140 2353 4193 Person
2390 4140 2463 4191 im
2497 4140 2603 4192 Eu-

383 4213 594 4265 nuchen
632 4214 724 4265 des
759 4212 969 4264 Terenz.
1074 4212 1408 4266 “Bonifacius
1443 4212 1721 4278 Simonota,
1759 4213 1863 4264 Abt
1896 4227 1995 4263 xon
2018 4210 2201 4263 Ommnu
2237 4210 2287 4261 V
2289 4209 2354 4276 gul
2380 4208 2465 4261 Br.
2488 4209 2601 4261 256.

386 4280 434 4334 S.
473 4281 635 4333 Wcrk
670 4281 749 4333 De
786 4282 1232 4348 persecutionibus
1270 4282 1444 4335 christ.
1482 4281 1604 4333 fidei
1640 4284 1693 4332 et
1724 4296 1850 4334 1·.om
1891 4282 2027 4347 pont.
2066 4294 2173 4331 war
2206 4278 2259 4330 in
2298 4279 2397 4330 270
2433 4277 2603 4329 Briefe

374 4350 823 4473 ffngfteihtoia.was
876 4350 944 4402 M.
1001 4351 1176 4403 tadelt.
1252 4354 1294 4403 1.
1334 4353 1492 4419 Ausg.
1530 4349 1737 4404 Modiol
1786 4348 1932 4415 1492,
1982 4348 2027 4403 2
2077 4364 2180 4399 von
2226 4347 2365 4399 Hier.
2421 4346 2605 4398 Emser

421 4434 498 4472 asi

428 4511 489 4549 zo
491 4510 548 4548 m
554 4508 693 4547 christ
719 4507 1142 4556 N.F.Supp1.lx.
2118 4487 2192 4548 21
