3084 4895
398 338 410 344 -
466 375 596 447 580
1307 380 1483 435 Briefe
1519 369 1614 435 des
1650 374 1699 437 J.
1743 370 1890 435 1515.

469 553 759 617 Fortuna
809 552 984 629 velie,
1032 556 1104 615 ut
1137 550 1300 614 belle
1348 549 1717 615 fortunatus
1760 552 2073 615 reveniat!
2168 551 2470 617 Silvanus
2503 546 2774 618 noster¹

469 640 684 703 nescio
760 636 914 719 quid
983 635 1260 699 hominis
1329 637 1435 712 sit,
1503 658 1586 698 an
1660 638 1963 717 prodigus
2026 659 2106 700 an
2178 660 2427 701 avarus,
2544 639 2779 703 Donat

468 718 713 791 alienis,
812 722 1039 785 Audivi
1072 722 1244 798 olim,
1286 743 1428 783 cum
1465 721 1741 785 Gotliam
1778 722 1933 785 hora
1968 726 2326 803 vespertina
2360 724 2771 807 relinqueret

467 809 664 897 probe
726 812 916 889 potus
977 813 1040 869 et
1097 806 1423 880 vacillanS‚
1491 805 1943 887 Brengbirum²
1992 829 2031 869 a
2074 814 2254 888 tergo
2302 810 2550 873 dicere:
2624 816 2770 879 ..bas

469 894 614 968 orbat
657 895 758 953 mit
807 912 905 969 cmi
952 894 1189 961 babeam
1237 892 1422 973 quasi
1469 892 1738 955 diceret:
1794 893 1884 971 „si
1922 894 2263 956 mansisset
2308 900 2506 975 pater,
2556 896 2770 976 impe-

473 986 740 1047 trassem
787 978 955 1041 inter
1001 976 1229 1058 pocula
1275 976 1444 1039 mille
1508 977 1827 1059 plancaS.“
1924 975 2140 1059 Nuper
2201 978 2305 1041 hic
2368 982 2763 1061 perpotavit.

471 1064 570 1133 Me
639 1084 766 1126 non
837 1062 1147 1125 evocavit.
1261 1059 1560 1137 Mirabar,
1630 1083 1773 1124 cum
1847 1068 2017 1125 esset
2077 1064 2477 1143 querimonia
2538 1065 2763 1145 justa3

478 1150 701 1215 debuit
745 1148 913 1211 enim
960 1148 1262 1227 conqueri
1309 1146 1386 1208 de
1429 1168 1635 1210 rerum
1672 1148 1863 1211 turba
1914 1153 1979 1209 et
2024 1169 2123 1211 me
2170 1152 2241 1212 ut
2286 1150 2563 1213 amicum
2602 1172 2763 1212 con-

476 1235 698 1297 sulere.
794 1232 914 1296 Per
958 1231 1179 1296 Jovem
1229 1232 1394 1295 male
1439 1232 1561 1295 sibi
1592 1242 1621 1271 ⁸
1666 1234 1927 1313 suisque
1963 1234 2291 1314 prospicit.
2370 1235 2763 1298 Maledictus

470 1318 739 1400 Figulus
771 1323 833 1381 et
866 1317 1104 1381 stultus
1148 1314 1429 1399 praetor⁸
1463 1318 1678 1380 omnia
1713 1325 2000 1398 possunt.
2092 1317 2228 1400 Ego
2276 1320 2761 1402 paedagogum⁴

471 1409 836 1485 suspectum
885 1402 1223 1478 habe0‚'et
1269 1403 1592 1483 impudica
1624 1402 1819 1466 verba
1850 1402 2059 1484 Figuli
2094 1411 2161 1467 et
2189 1406 2481 1487 magistri
2513 1428 2761 1469 sannas

471 1489 581 1552 hui
644 1492 956 1571 quantum
1019 1487 1322 1551 formido!
1414 1482 1522 1568 βά)
1584 1490 1681 1564 hab
1747 1490 1899 1563 niver
1957 1507 2054 1561 gen
2114 1490 2381 1564 larnljtitn⁵
2438 1496 2557 1551 emb
2610 1511 2761 1561 ern

473 1578 636 1651 hasen
691 1575 1009 1649 aeschribtn.
1102 1572 1231 1633 ”nb
1292 1574 1380 1650 ito
1443 1578 1545 1633 ben
1606 1592 1831 1646 utussrn
1890 1571 2265 1637 Lentulum‘
2321 1595 2419 1649 fleu
2484 1576 2756 1651 &istnadj

471 1661 822 1735 aborfertigrt
889 1660 985 1718 mit
1045 1664 1215 1732 grint.
1305 1655 1453 1720 Ideo
1524 1657 1773 1720 facilius
1840 1678 1998 1732 cmc,
2071 1681 2261 1741 quam
2333 1664 2499 1741 peto.
2594 1660 2759 1736 Quis

476 1742 655 1807 fatuo
703 1742 1140 1824 supplicaret?
1230 1742 1351 1805 Det
1417 1763 1592 1805 more
1654 1762 1790 1805 suo.
1883 1741 2057 1807 Satis
2124 1749 2241 1821 est,
2311 1745 2484 1825 quod
2554 1744 2753 1808 favet.

470 1827 692 1892 Crucis
757 1826 947 1891 festo⁷
1017 1827 1422 1891 salutabitur.
1516 1828 1865 1909 Postquam
1938 1827 2397 1911 hierophantae
2468 1831 2753 1913 pretium

471 1910 994 1989 numeraverint‚⁸
1041 1913 1143 1977 dic
1188 1918 1260 1976 ut
1306 1913 1473 1975 dono
1535 1914 1799 1976 mittant
1858 1913 2016 1975 mihi
2076 1915 2452 1979 laternulam
2524 1937 2753 1978 manu-

469 1999 650 2077 alem,
701 2019 827 2080 qua
873 2003 1017 2063 utar
1064 2020 1248 2061 mane
1307 1999 1614 2079 templum
1677 1997 1986 2062 aditurus.
2078 2001 2230 2061 wan
2288 2003 2377 2060 hie
2444 2002 2755 2075 Gattbusct

471 2084 678 2157 modun
739 2084 926 2159 odjum
989 2088 1160 2145 leterii
1223 2089 1325 2144 nub
1391 2086 1552 2157 geben
1612 2085 1692 2144 nie
1754 2093 1916 2158 auten
1984 2086 2263 2164 ftrnnhrn.
2354 2084 2750 2149 Manendum

471 2170 590 2233 erit
636 2166 808 2241 tibi‚⁹
854 2191 932 2231 ne
977 2170 1272 2232 absentia
1333 2172 1578 2244 noceat,
1648 2188 2035 2250 quamquam
2103 2168 2333 2233 fratres
2407 2171 2753 2235 monastici

469 2260 705 2317 temere
771 2254 1114 2335 loquantur
1167 2258 1231 2317 et
1290 2257 1442 2317 sunt
1508 2256 1691 2335 quasi
1758 2254 2016 2334 ingrati,
2084 2255 2257 2335 quod
2310 2278 2429 2319 me
2500 2256 2751 2320 cruciat

472 2339 894 2403 vehementer.
985 2338 1171 2403 Dicat
1221 2337 1642 2419 NepotianuS,
1713 2340 1867 2421 quid
1931 2339 2264 2403 audiverit.
2356 2340 2685 2405 Putantne
2718 2341 2751 2379 ι’

472 2425 579 2490 isti
639 2424 879 2489 bardi'⁰
939 2423 1154 2506 jocum
1216 2444 1354 2487 esse
1406 2427 1508 2488 tot
1549 2426 1733 2488 cives
1793 2425 1855 2488 vi
1912 2424 2291 2508 intercipere
2362 2433 2426 2490 et
2490 2427 2747 2490 tradere

473 2510 800 2575 carnifici?
875 2510 958 2571 (βε
1007 2513 1191 2586 briam
1234 2513 1320 2570 hic
1365 2511 1808 2589 flenfiunthenftt.
1886 2509 2119 2574 Vellem
2157 2511 2445 2576 timidius
2478 2518 2745 2594 agerent

475 2600 608 2658 tam
656 2594 961 2659 Bernardi
1007 2616 1198 2676 quam
1253 2594 1601 2658 Benedicti.
1692 2593 1825 2658 Nos
1868 2596 1995 2658 ista
2042 2595 2158 2658 deo
2209 2598 2579 2661 mandemus
2611 2619 2743 2661 ser-

479 2682 689 2744 vaturi
735 2682 1184 2744 innocentiam.
1279 2679 1449 2742 Vale.

788 2781 914 2834 Cod.
951 2779 1084 2834 Frcf.
1124 2779 1240 2834 512.

479 2932 712 3001 (cotha.)
1532 2916 1678 2980 518.
1986 2937 1993 2942 ·
2294 2936 2373 2988 11.
2412 2933 2553 3003 Sept.
2593 2934 2741 2989 1515.

1228 3041 1516 3112 Mutian
1566 3062 1664 3112 an
1709 3041 1990 3140 Urban.

475 3170 684 3236 (Eoban
733 3170 875 3222 und‘
909 3169 1110 3222 Cordus
1161 3169 1373 3222 darben.
1445 3170 1513 3222 In
1558 3171 1659 3224 den
1706 3169 1939 3224 Kirehen
1964 3170 2046 3222 ‘ist
2078 3170 2170 3222 ein
2215 3170 2471 3224 lmen-dim
2519 3171 2631 3238 auf
2652 3171 2743 3224 ein

473 3238 611 3291 Jahr
644 3243 909 3306 anae-sam.
979 3237 1122 3290 Bitte
1155 3239 1255 3290 den
1301 3238 1545 3305 Ver-kaus
1567 3239 1655 3292 des
1706 3239 2004 3306 Weinberys
2040 3239 2463 3292 abxuschliessm
2496 3240 2613 3292 und
2642 3240 2741 3292 den

474 3307 670 3360 Becher
704 3323 778 3363 zu
813 3306 1065 3358 schieken.
1141 3305 1377 3359 Herbord
1408 3308 1557 3360 sollte
1592 3307 1779 3360 E'oban
1802 3324 1877 3368 κα
1901 3307 2073 3359 cinam
2106 3305 2415 3360 Lehrstuhle
2447 3307 2739 3375 verhelfen.)

898 3420 1156 3470 ‘Urbano
1191 3421 1362 3480 patri
1395 3423 1933 3481 praestantissimo
1971 3422 2057 3470 M.
2092 3419 2317 3472 Rufus·

685 3532 892 3597 Salve.
985 3531 1289 3596 Eobanus
1349 3536 1413 3596 et
1469 3533 1755 3596 Euritius
1816 3537 2023 3613 egent.
2116 3531 2358 3614 Urgent
2424 3533 2614 3608 enim,
2674 3531 2738 3594 ni

481 3618 684 3697 fallor,
753 3639 1005 3694 uxoreS‚
1067 3624 1142 3680 ut
1187 3624 1528 3700 procurent
1599 3621 1764 3682 vitae
1834 3619 2205 3681 necessaria.
2295 3616 2483 3681 Haud
2551 3616 2741 3681 dubie

611 3767 639 3795 α
666 3751 767 3805 sibi
803 3769 896 3805 am
929 3751 1130 3804 Raude.
1272 3756 1300 3794 b
1328 3752 1525 3805 Putant
1560 3769 1640 3804 ne.
1774 3775 1782 3781 ·
2418 3795 2430 3804 .

620 3824 632 3853 ¹
673 3821 784 3874 Der
820 3821 925 3873 Abt
959 3837 1063 3873 von
1101 3821 1464 3889 Georgenthal.
1537 3821 1588 3875 S.
1632 3821 1731 3873 122
1765 3823 1826 3874 A.
1869 3823 1912 3872 1.
2036 3821 2055 3852 ²
2092 3819 2439 3872 Gothaischer
2472 3817 2738 3872 Ratsherr.

473 3890 524 3946 S.
563 3889 666 3942 222
703 3893 764 3942 A.
802 3891 850 3944 4.
981 3891 1001 3920 ⁸
1035 3889 1085 3942 S.
1123 3891 1226 3942 439
1265 3891 1323 3943 A.
1361 3890 1410 3943 4.
1447 3892 1494 3942 5.
1625 3892 1646 3922 ⁴
1678 3889 1975 3945 Musardus.
2048 3887 2099 3942 S.
2138 3888 2239 3941 565
2276 3889 2337 3938 A.
2376 3888 2424 3939 3.
2561 3889 2583 3920 ⁶
2617 3887 2745 3939 Dorf

472 3959 560 4013 bei
613 3957 798 4012 Gotha.
939 3959 962 3990 ⁶
999 3958 1169 4010 Adam
1223 3957 1462 4024 Publiu8‚
1518 3957 1865 4010 scherzweise
1912 3971 2093 4024 wegen
2143 3957 2316 4008 seiner
2349 3955 2740 4022 Langsamkeit.

473 4027 593 4096 Vgl.
629 4026 716 4080 Br.
755 4027 856 4078 343
900 4025 1134 4080 Schluss
1279 4025 1298 4058 ⁷
1333 4025 1787 4094 Kreuzerhohung
1826 4026 1904 4078 14.
1942 4023 2082 4092 Sept.
2227 4025 2248 4056 ⁸
2279 4019 2382 4075 Die
2417 4022 2741 4076 Karthiiuser

473 4097 559 4148 fiir
593 4096 695 4148 den
729 4094 1030 4173 Weinberg.
1104 4093 1153 4148 S.
1180 4093 1291 4173 ‘557
1330 4097 1410 4172 A..
1431 4095 1476 4149 3.
1588 4096 1643 4194 ΤΘ
1677 4095 1759 4147 Im
1814 4091 2223 4160 Georgenthaler
2270 4091 2405 4144 Hofe
2441 4109 2511 4144 zu
2544 4091 2738 4144 Erfurt.

473 4161 1595 4302 ἑζῖξῖῗνοῖῗέἒῗῗέξὲἕέἰηθὲῖθ853ὲίἳῇωὲ
1612 4161 2117 4308 glasseefiffibjss.
2164 4159 2741 4306 1⁰=5³¹1¹R2tr300¹32gss153

473 4301 660 4370 thaler,
699 4299 794 4352 mit
830 4299 987 4352 deren
1025 4300 1362 4352 bewaffneter
1397 4298 1556 4352 Hsilfe
1594 4299 1679 4352 die
1714 4299 1949 4351 Erfurter
1984 4297 2351 4350 Streifbanden
2402 4296 2737 4364 iiberwaltigt

474 4369 685 4424 worden
721 4383 910 4422 waren.
985 4367 1100 4436 Vgl.
1138 4368 1224 4423 ΒΥ.
1263 4367 1378 4421 508.
