3084 4895
487 401 616 479 560
1324 399 1500 466 Briefe
1536 398 1631 467 des
1666 413 1718 467 J.
1759 403 1907 469 1515.

693 588 900 651 dicere
945 586 1042 651 vel
1085 607 1320 667 magno
1365 608 1666 668 magnum
1716 587 1989 651 clamore
2030 590 2362 653 tonantem

693 673 792 737 fac
837 672 1051 735 liceat.
1141 670 1210 735 Si
1257 694 1386 753 qua
1431 677 1528 736 est
1573 674 1797 754 pietas,
1848 673 2142 753 permitte
2186 695 2511 754 canamuS,
2574 694 2580 701 ·

692 764 914 821 sancte
959 762 1168 838 pater;
1214 762 1354 821 rata
1400 762 1571 834 vota,
1617 777 1853 839 precor,
1902 759 2309 824 doctissimus
2354 762 2539 826 heros

690 841 1121 923 Eitalavolph¹
1169 842 1382 919 faciat,
1429 864 1557 925 quo
1606 864 1729 905 non
1778 843 1897 907 tibi
1944 845 2145 907 carior
2188 845 2369 925 alter,

693 933 875 993 tanta
922 928 1036 991 viri
1073 928 1284 991 ·virtus
1329 929 1520 991 rebus
1566 932 1855 1009 spectata
1899 930 2211 1009 gerendis.

593 1048 774 1113 Addo
819 1046 1108 1127 elegiam,
1155 1066 1320 1127 quae
1366 1046 1690 1128 praedicta
1736 1047 2126 1108 communire
2174 1053 2401 1130 potest.

697 1150 866 1213 Aede
912 1170 1090 1211 sacra
1140 1153 1381 1211 mussat
1425 1148 1688 1211 timidus
1734 1153 1993 1211 cantare
2038 1150 2349 1214 sacerdos.

783 1235 1095 1297 Mirantur
1140 1234 1406 1295 tacitum
1455 1234 1722 1296 numina
1768 1239 1993 1297 sancta
2038 1234 2317 1299 chorum.

692 1320 926 1402 Magne
973 1323 1170 1401 pater,
1216 1340 1418 1400 genus
1464 1319 1809 1400 egregium,
1856 1317 2230 1383 Germanice
2276 1322 2529 1404 primaS,

777 1404 950 1468 solve
995 1424 1216 1487 precor
1261 1405 1399 1466 voci
1443 1404 1701 1467 vincula
1746 1426 1912 1467 nexa
1956 1405 2115 1488 piae.

691 1491 936 1571 Corpus
980 1488 1174 1551 humo
1221 1489 1462 1569 tegitur
1508 1490 1672 1552 caesi
1724 1491 1997 1571 pastoris
2040 1491 2279 1572 inique,

777 1574 1069 1655 sacrilegi
1115 1574 1352 1655 patrias
1399 1574 1728 1637 deseruere
1775 1576 2014 1638 domos

689 1660 987 1724 Manibus
1032 1659 1369 1739 exsequias
1413 1660 1662 1722 tumulo
1708 1661 2051 1723 recitamus
2096 1662 2387 1737 honoreS‚

780 1744 1046 1827 lanigeri
1093 1744 1392 1806 damnum
1443 1744 1575 1806 dux
1620 1746 1830 1826 gregis
1875 1746 2011 1825 ipse
2054 1746 2209 1809 luat.

695 1831 810 1894 Dic
856 1834 1060 1912 pater:
1115 1829 1245 1911 „It-e
1290 1829 1550 1892 alacres
1618 1829 1775 1892 ‘Pax
1823 1830 2023 1893 vobiS.
2112 1831 2206 1893 Ite
2234 1840 2262 1869 ⁸
2306 1830 2558 1909 sacrati,

777 1916 1089 1979 altisonos
1133 1918 1428 1995 reparent
1467 1914 1677 1995 jubila
1720 1919 1931 1978 vestra
1977 1915 2222 1979 tonOS.“

695 2001 830 2063 Hoc
875 2000 1033 2063 satis
1081 2004 1196 2073 est,
1247 1999 1522 2076 Alberte,
1569 2000 1721 2075 tuis,
1769 2000 2102 2064 mitissime
2148 2000 2417 2082 praesul,

781 2086 1329 2167 Harpocratesque
1374 2085 1497 2147 tibi
1541 2086 1666 2162 det,
1715 2084 2015 2163 Galilaee,
2064 2087 2289 2149 locum.

697 2186 1240 2251 Reverendissime
1296 2191 1475 2268 pater
1515 2190 1581 2249 et
1625 2187 2112 2251 illustrissimeb
2178 2189 2491 2271 princepS,
2557 2187 2737 2251 Muti-

489 2298 650 2339 anus
696 2295 833 2337 sese
878 2277 1027 2335 tuae
1073 2272 1433 2352 dignationi
1479 2273 1901 2336 commendat.

794 2371 920 2426 Cod.
956 2370 1090 2424 Frcf.
1128 2370 1246 2424 488.

457 2562 670 2616 notha.
1443 2551 1448 2554 ·
1544 2543 1689 2607 496.
1816 2521 1819 2526 ’
2309 2559 2397 2615 30.
2432 2559 2561 2612 Juni
2598 2560 2735 2613 1515.

1112 2653 1402 2740 Mutian
1447 2690 1544 2740 an
1594 2669 2124 2740 Sunthausen.²

488 2799 652 2866 (Bitte
685 2815 783 2851 um
829 2795 1187 2865 Verwendunq
1219 2797 1316 2864 fiir
1349 2797 1673 2865 Aufkebunq
1705 2799 1793 2851 des
1827 2815 1997 2867 weyen
2032 2797 2375 2865 Ermorduny
2407 2798 2553 2851 emes
2580 2795 2743 2850 Genet-

491 2867 663 2920 lichen
715 2865 990 2933 verhdnyte
1041 2866 1310 2919 Interdaeva.
1383 2866 1498 2918 Εὑη
1557 2867 1787 2930 Gedicht,
1841 2868 1940 2920 das
1985 2867 2071 2919 die
2150 2866 2310 2919 kiehe
2352 2866 2497 2920 Bate
2540 2865 2741 2926 enthiilt,

895 2933 1135 2986 wibnsckt
1169 2933 1244 2987 M.
1281 2952 1358 2988 απ
1393 2935 1668 3001 Eitelwolf
1690 2953 1809 2988 vom
1848 2935 2000 2988 Stein
2045 2935 2101 2988 be-
2128 2935 2338 3002 ordert.)

613 3047 928 3098 Gener-oso
967 3050 1031 3098 et
1065 3048 1302 3098 celebri
1329 3048 1759 3108 jureconsulto
1793 3049 2134 3100 Valentino
2171 3047 2615 3106 sunthusonio,

1153 3135 1354 3184 amico
1388 3134 1653 3184 colendo
1691 3133 1801 3200 (M.
1836 3131 2083 3201 Rufus).

695 3240 759 3305 S.
850 3242 1165 3324 Imperata
1197 3244 1361 3308 clero
1394 3244 1649 3308 silentia
1680 3244 1952 3309 fideliter
1982 3244 2415 3308 observamus.
2490 3242 2741 3306 ‚Iustum

489 3332 587 3392 est
646 3329 834 3403 enim,
899 3333 973 3392 ut
1016 3329 1338 3412 pontificis
1407 3329 1608 3393 nostri
1672 3330 1972 3393 voluntas
2039 3351 2148 3412 pro
2215 3330 2351 3411 lege
2420 3327 2742 3392 habeatur.

487 3411 614 3477 Sed
673 3413 1022 3494 importuni
1084 3414 1231 3478 laici
1292 3413 1558 3478 moleste
1622 3415 1855 3478 ferunt.
1948 3415 2169 3497 Pappi‚
2236 3414 2435 3496 ajunt,
2508 3413 2744 3478 coelum

487 3519 602 3562 suo
662 3503 822 3561 nutu
885 3498 1208 3562 claudunt.
1300 3501 1465 3576 Quid
1515 3499 1596 3563 ad
1644 3521 1779 3578 nOS,
1826 3501 1882 3564 si
1928 3501 2308 3583 capellarum
2377 3503 2593 3580 pastor
2636 3497 2743 3560 ali-

490 3584 634 3666 quis
664 3594 688 3622 ⁰
732 3583 1136 3647 trucidatur?
1225 3584 1320 3647 An
1371 3607 1487 3648 nos
1516 3585 1674 3650 'ideo
1720 3587 1895 3649 velut
1941 3586 2289 3668 parricidae
2352 3585 2741 3659 damnamur,

393 3673 397 3678 ’
488 3691 630 3734 cum
679 3669 877 3732 simus
925 3670 1223 3733 innoxii?
1315 3671 1448 3734 Hac
1494 3675 1559 3734 et.
1604 3671 1792 3734 simili
1840 3671 2249 3734 cavillatione
2295 3669 2530 3732 clerum
2581 3668 2745 3731 velli-

489 3759 655 3817 cant.
770 3754 1166 3818 Laboramus
1230 3755 1727 3837 igiturd·apud
1800 3755 2097 3839 profanos
2161 3756 2307 3819 odio
2378 3755 2744 3836 neutiquam

491 3840 761 3903 obscuro
827 3846 1083 3922 propter
1155 3840 1498 3904 silentium.
1593 3841 1810 3905 Timeo
1878 3841 2251 3924 periculum,
2314 3862 2393 3902 ne
2463 3839 2745 3902 videlicet

490 3924 784 3987 simultas
831 3927 984 3987 haec
1031 3925 1110 3988 ad
1160 3926 1372 4007 pejora
1419 3927 1731 4007 deserpat.
1824 3927 2021 3990 Dabis
2077 3947 2351 4007 operam,
2422 3924 2747 3988 Valentine

495 4010 736 4086 doctor,
785 4013 857 4071 ut.
901 4010 1165 4073 tollatur
1225 4012 1655 4075 interdictum.
1748 4011 1873 4075 Fas
1920 4013 2003 4075 sit
2050 4033 2228 4074 sacra
2274 4011 2351 4074 de
2398 4031 2571 4073 more
2621 4009 2749 4088 agi-

624 4191 651 4218 a
678 4177 751 4229 ite
792 4177 938 4229 Tem.
1047 4182 1073 4218 b
1101 4177 1322 4231 illustris
1362 4179 1511 4231 Tem.
1620 4193 1644 4221 c
1674 4180 1869 4248 aliquis
1904 4183 2081 4248 pastor
2120 4180 2269 4232 Tenx.
2386 4181 2417 4220 d
2443 4193 2566 4245 ergo
2604 4176 2746 4228 Tem.

627 4248 642 4276 ¹
677 4245 940 4298 Eitelwolf
994 4262 1118 4298 vom
1171 4246 1331 4300 Stein.
1407 4247 1457 4300 S.
1497 4249 1598 4300 535
1638 4251 1701 4302 A.
1745 4252 1789 4314 l,
1830 4249 2023 4302 bereits
2061 4249 2132 4300 im
2170 4247 2277 4300 Mai
2312 4247 2607 4315 gestorben‚
2644 4258 2748 4294 was

483 4312 689 4366 Mutian
724 4318 831 4365 erst
867 4315 983 4366 Anf.
1020 4314 1133 4367 Juli
1187 4316 1383 4367 eifuhr.
1525 4317 1546 4348 ²
1581 4315 1633 4368 S.
1671 4318 1774 4370 504
1810 4321 1870 4371 Α.
1910 4320 1958 4370 5.
2030 4315 2139 4370 Der
2190 4315 2277 4370 Br.
2333 4315 2462 4382 geht
2514 4312 2750 4381 zugleich

485 4381 583 4431 mit
620 4383 741 4432 dem
777 4383 990 4449 vorigen
1028 4381 1284 4434 Gedichte
1321 4383 1400 4436 ab.
