3084 4895
485 437 607 508 116
1255 443 1428 497 Briefe
1465 460 1567 496 von
1608 442 1806 496 1508-
1824 443 1966 496 1509.

484 636 865 697 quamquam
898 627 926 654 ‘⁸
971 614 1440 695 sapientissimo
1491 635 1617 678 non
1654 616 1862 696 potuit
1894 637 2218 678 assensum
2264 615 2523 678 dicere.'
2578 615 2749 678 Adeo

483 701 725 783 rigidus
775 707 839 764 et
886 701 1302 764 inexorabilis
1335 707 1452 773 est,
1501 702 1613 782 qui
1660 702 1801 782 plus
1847 701 2183 782 cupiditati
2228 701 2517 782 indulget
2560 724 2747 784 quarn

485 785 771 850 honestis
823 787 1136 869 precibus
1230 785 1353 850 Sed
1403 787 1615 850 valeat
1662 789 1780 850 iste
1841 787 1899 849 M
1938 837 1949 848 .
1990 838 1999 848 .
2038 837 2049 848 .
2085 809 2159 848 us
2212 809 2353 850 cum
2410 809 2527 850 sua
2572 809 2751 850 cassa

486 873 760 953 specula.
850 873 1137 935 Incertus
1183 871 1380 936 futuri
1427 879 1666 948 tamen,
1713 873 1896 953 quasi
1942 874 2102 936 sciat
2150 871 2319 936 brevi
2377 873 2747 936 moriturum

485 958 884 1035 Findisium‚'
945 959 998 1020 it
1065 958 1316 1020 obviam
1378 963 1442 1022 et
1486 959 1841 1034 intercedit,
1904 981 1981 1021 ne
2040 964 2209 1020 recta
2277 959 2749 1040 proficiscamur

485 1044 565 1107 ad
613 1044 1194 1107 commutationem.
1287 1043 1388 1107 Sit
1445 1044 1839 1125 interruptus
1898 1066 2055 1126 pons
2119 1066 2365 1107 sursum
2437 1045 2747 1117 deorsum,

485 1130 888 1193 dextrorsum
933 1130 1364 1193 sinistrorsum
1409 1130 1526 1192 iter
1561 1130 1964 1205 facientibuS,
2000 1136 2165 1192 retro
2197 1136 2407 1193 tamen
2444 1132 2531 1192 ire
2566 1151 2747 1192 nemo

485 1216 793 1298 prohibet.
885 1215 1066 1291 Quod
1097 1216 1152 1278 si
1185 1214 1461 1278 mutabit
1491 1217 1875 1279 sententiam
1910 1217 1936 1254 b
1982 1220 2045 1278 et
2081 1217 2242 1279 votis
2276 1221 2533 1290 annuet,
2575 1217 2638 1280 id
2674 1222 2745 1280 tu

487 1303 672 1365 nobis
718 1301 986 1365 fideliter
1031 1301 1412 1382 significato.
1504 1301 1825 1382 Euripidis
1871 1308 1992 1364 est:

797 1387 1111 1468 „Pecunia
1157 1388 1383 1468 ingens
1428 1388 1678 1468 generis
1722 1387 1983 1451 humani
2031 1388 2285 1451 bonum.

790 1473 1039 1555 Ubique
1087 1477 1306 1536 tantus
1352 1475 1643 1556 quisque,
1689 1481 1999 1554 quantum
2052 1474 2297 1550 habuit,
2344 1473 2557 1538 fuit.“²

489 1556 653 1638 Ergo
701 1559 875 1621 dives
908 1582 1043 1622 esse
1083 1558 1219 1622 vult
1262 1559 1322 1622 M
1361 1609 1372 1621 .
1411 1609 1421 1621 .
1461 1610 1471 1621 .
1509 1582 1600 1632 ηε,
1649 1559 1756 1622 sed
1805 1562 1988 1623 cadet
2033 1560 2099 1622 in
2150 1560 2563 1642 muscipulam
2614 1560 2746 1624 dia-

488 1644 635 1717 boli,
698 1645 1000 1708 seductus
1059 1645 1332 1708 arbitror
1395 1667 1609 1708 eorum
1676 1647 2099 1727 persuasione,
2148 1647 2256 1726 qui
2302 1653 2416 1709 aut
2462 1647 2742 1709 Findisio

485 1730 884 1794 sanctissimo
932 1752 1132 1812 popae
1186 1734 1297 1794 aut
1344 1732 1496 1794 mihi
1533 1732 1741 1794 minus
1774 1731 2029 1795 favent..
2084 1732 2175 1794 De
2208 1733 2571 1796 domesticis
2619 1733 2744 1794 tuis

485 1814 929 1880 incommodis⁸
977 1818 1100 1880 alio
1135 1822 1416 1899 tempore
1448 1818 1782 1880 consilium
1818 1824 1883 1880 et
1912 1839 2281 1899 responsum
2317 1818 2499 1881 dabo.
2561 1818 2745 1880 Nunc

485 1901 692 1964 saluta
748 1907 996 1983 poetam
1063 1904 1403 1984 egregium.
1461 1903 1739 1967 sodalem
1804 1909 1981 1966 tuum
2042 1903 2397 1982 Ecbanum‚
2446 1904 2519 1966 de
2566 1904 2744 1985 cujus

483 1991 892 2052 coronatione
936 2011 1123 2071 saepe
1168 1989 1567 2070 multumque
1613 1987 1873 2070 cogito.‘
1965 1989 2131 2051 Vale.

801 2089 923 2142 Cod.
960 2088 1091 2143 Frcf.
1130 2090 1244 2143 361.

487 2240 720 2311 (Gotha.)
1564 2227 1668 2290 98.
2320 2241 2535 2311 (Herbst
2572 2241 2743 2311 1508.)

1199 2336 1486 2406 Mutian
1530 2357 1629 2406 an
1671 2334 2039 2406 Her-bord.

486 2446 728 2513 (Mutian
755 2447 869 2501 will
901 2447 1048 2501 nicht
1085 2450 1231 2501 daxu
1263 2454 1430 2512 ratem,
1467 2450 1594 2503 dass
1631 2450 1870 2502 Herbord
1900 2449 2038 2503 nach
2082 2447 2427 2515 Georyenthal
2464 2447 2594 2515 yda,
2642 2449 2743 2500 das

760 2517 1013 2585 Spalatin
1046 2518 1149 2570 mit
1183 2519 1302 2570 dem
1337 2517 1472 2584 Hofe
1505 2536 1579 2571 zu
1612 2520 1949 2572 vertauschen
1985 2518 2066 2570 im
2100 2517 2329 2585 Beqm'ffe
2362 2518 2471 2583 ist.)

497 2612 865 2664 Herebordo
902 2615 1247 2676 margarito
1285 2612 1570 2665 doctrina
1607 2620 1670 2665 et
1704 2615 1951 2677 ingenio
1988 2614 2318 2664 excellenti
2354 2610 2464 2680 (M.
2501 2610 2744 2679 Rufus).

693 2706 753 2770 S.
844 2708 938 2771 Ne
986 2709 1384 2791 naufragium
1436 2708 1651 2785 faciaS,
1701 2731 1885 2791 rogas
1941 2708 2059 2771 tibi
2120 2708 2362 2771 aditum
2424 2706 2619 2771 facias
2664 2707 2741 2769 ad

489 2794 956 2872 tranquillumz⁵
1051 2796 1161 2859 Est
1205 2798 1268 2858 in
1321 2796 1595 2859 Va'llensi
1646 2796 1783 2859 luco
1830 2795 2261 2875 tranquillitas
2307 2795 2501 2857 a'nimi
2551 2798 2743 2873 atque

484 2879 812 2958 securitaffi
861 2881 969 2944 sed
1003 2882 1204 2944 mixta
1234 2894 1258 2921 ⁰
1304 2884 1490 2945 rebus
1525 2883 1763 2959 multis,
1799 2903 1957 2962 quas
1990 2882 2314 2943 temeritas
2347 2880 2740 2943 indoctorum

484 2962 691 3027 feriat.
787 2966 948 3030 Audi
999 2966 1418 3048 Spalatinum.
1513 2968 1573 3030 ls
1619 2968 2145 3050 tranquillitatem
2195 2967 2361 3047 sugit
2404 2972 2468 3029 et
2512 2967 2745 3027 deserit

485 3071 607 3112 non
673 3053 808 3115 sine
863 3076 1074 3131 causa,
1139 3055 1306 3136 quod
1370 3054 1575 3117 aulica
1638 3055 1769 3117 vita
1830 3054 1953 3117 sibi
2000 3054 2084 3115 sit
2130 3052 2509 3116 fructuosior
2556 3057 2618 3114 et
2663 3052 2743 3113 ad

486 3133 838 3201 claritatem
872 3141 1482 3222 amplitudinemque
1515 3142 1741 3219 aptior.
1818 3140 2145 3202 Dicamus:
2189 3138 2471 3202 feliciter.
2552 3138 2744 3200 Recte

488 3223 702 3286 civiles
748 3227 864 3288 viri
913 3232 976 3288 et
1022 3229 1128 3307 qui
1179 3227 1634 3308 principalibus
1682 3228 1950 3288 decret-is
1996 3226 2301 3302 serviunt,
2361 3224 2542 3287 nobis
2603 3246 2738 3285 um-

619 3423 648 3451 2
675 3426 989 3478 quanquam.
1130 3415 1158 3452 b
1187 3412 1527 3464 sentenciam.
1670 3426 1693 3454 c
1723 3399 2083 3464 sexmixta‘st.
2122 3412 2215 3463 scd
2253 3411 2433 3463 mixta.

481 3496 598 3548 vice
633 3497 888 3564 praesulis
924 3497 1091 3558 annis,
1132 3497 1367 3550 Crimina
1403 3498 1495 3565 qui
1531 3499 1724 3550 tetrica
1758 3498 2002 3565 prohibes
2036 3498 2235 3549 urbana
2260 3497 2431 3549 securi
2462 3496 2528 3547 Et
2553 3493 2743 3570 populo

481 3565 649 3619 fasces
697 3570 750 3618 et
786 3566 908 3633 jura
958 3566 1184 3619 forensia
1239 3568 1509 3634 praefers«
1581 3568 1639 3619 In
1688 3568 1777 3619 Br.
1831 3568 1927 3619 127
1976 3569 2043 3635 (a.
2096 3567 2247 3632 1509)
2305 3568 2488 3617 trostet
2542 3563 2741 3615 Mutian

482 3632 735 3701 Herbord,
789 3636 926 3695 daSS,
976 3652 1128 3686 wenn
1177 3636 1310 3689 auch
1365 3637 1477 3688 sein
1516 3636 1681 3688 Vater
1717 3653 1817 3689 von
1855 3637 1953 3688 den
1992 3636 2313 3688 stadtischcn
2366 3634 2577 3685 Wirren
2635 3648 2742 3682 »er-

483 3703 764 3755 schiittert«
799 3705 988 3769 werde,
1029 3704 1162 3758 doch
1212 3705 1296 3757 die
1344 3704 1515 3758 Solme
1569 3705 1743 3757 nichts
1780 3721 1846 3757 zu
1884 3705 2187 3757 befiirchtcn
2225 3705 2419 3756 ha‘tten.
2491 3701 2557 3753 So
2596 3716 2744 3752 muss

483 3787 540 3823 er
574 3771 684 3824 also
722 3774 858 3825 noch
893 3773 1095 3825 damals
1132 3773 1215 3825 ein
1253 3773 1580 3825 Richteramt
1605 3773 1681 3825 als
1708 3774 1962 3826 Viccdom
1994 3774 2251 3825 bckleidet
2291 3772 2477 3825 haben.
2533 3772 2571 3836 †
2608 3769 2743 3821 nach

482 3839 567 3893 Br.
606 3840 707 3894 526
743 3841 876 3894 Nov,
919 3844 1064 3895 1515.
1211 3844 1224 3873 ¹
1259 3843 1376 3896 Joh.
1417 3842 1663 3894 Findisen
1700 3842 1834 3895 nach
1873 3843 1958 3894 ΒΓ.
2012 3842 2112 3893 313
2164 3842 2444 3908 Presbyter
2482 3856 2583 3891 von
2621 3837 2742 3889 Ost-

483 3908 700 3972 hausen,
754 3909 954 3963 welche
1003 3911 1256 3963 Parochie
1294 3911 1494 3963 Mutian
1533 3912 1697 3963 schon
1734 3912 1833 3963 scit
1872 3912 2003 3964 1505
2042 3928 2108 3963 zu
2146 3911 2491 3963 vertarischen
2538 3908 2740 3960 suchtc.

483 3976 567 4030 ΒΓ.
612 3979 686 4030 14.
759 3979 860 4032 »J0.
899 3979 1194 4031 Vindiseim
1232 3981 1320 4048 (zu
1355 3979 1530 4032 lesen:
1573 3980 1884 4042 Vindisenn)
1921 3980 2071 4032 Erff.«
2108 3980 2331 4032 iinmatr.
2371 3980 2478 4031 Ost.
2523 3978 2652 4027 1494
2688 3976 2742 4027 in

482 4045 585 4099 Erf.
623 4046 993 4103 Weissenb.
1031 4048 1099 4107 ΙΙ,
1140 4048 1251 4103 182.
1447 4054 1465 4080 ²
1503 4049 1641 4101 Citat
1689 4066 1784 4101 aus
1831 4049 2062 4116 Euripid.
2104 4050 2185 4101 bei
2223 4049 2338 4101 Seu.
2380 4064 2457 4113 ep.
2503 4048 2615 4108 115,
2660 4047 2739 4103 14,

487 4130 567 4165 wo
604 4131 660 4183 es
695 4117 766 4167 im
809 4118 855 4168 2.
903 4120 1060 4170 Verse
1095 4117 1228 4169 tanti
1265 4117 1444 4170 heisst.
1570 4121 1590 4149 ³
1625 4118 1859 4169 Nz'iheres
1896 4119 1947 4169 in
1985 4118 2103 4169 dem
2142 4122 2301 4169 untcn
2340 4116 2455 4183 folg.
2494 4115 2579 4167 Br.
2623 4114 2738 4167 104.

581 4185 601 4215 ⁴
635 4175 793 4237 Uber·
814 4186 1031 4239 Hessus'
1073 4187 1434 4252 gewiinschte,
1487 4187 1613 4238 aber
1658 4187 1806 4239 nicht
1854 4187 2082 4254 erlangte
2134 4186 2588 4253 Dichtcrkronung
2633 4181 2737 4249 vgl.

483 4250 743 4317 Krause,
792 4255 849 4309 E.
887 4254 951 4307 H.
990 4256 1032 4315 1.
1084 4255 1148 4306 72
1184 4256 1219 4308 f.
1257 4255 1417 4307 sowie
1453 4257 1585 4308 oben
1624 4255 1673 4308 S.
1712 4256 1777 4307 95
1818 4259 1877 4307 Α.
1918 4256 1966 4309 2.
2142 4259 2163 4287 ⁵³
2196 4256 2323 4309 »Um
2362 4252 2509 4306 nicht
2548 4252 2739 4305 schiff-

483 4320 650 4374 bruch
687 4340 752 4376 zu
787 4323 976 4378 leiden.
1012 4325 1174 4390 fragst
1209 4324 1296 4385 dn,
1347 4325 1412 4391 ob
1453 4326 1526 4376 du
1562 4325 1643 4376 dir
1678 4324 1831 4376 einen
1880 4324 2091 4392 Zugang
2128 4341 2220 4376 zur
2269 4324 2419 4376 Ruhe
2466 4322 2587 4389 (von
2636 4320 2738 4372 Ge-

481 4382 1619 4515 {rggnthaligsswagoen1⁸⁰ust‘13Uberd‘iie
1672 4394 2136 4515 {ffirquicklichen
2197 4391 2544 4445 Ver-haltnisse
2604 4388 2739 4443 Her-

516 4475 574 4512 or
613 4478 637 4514 s
672 4479 726 4514 m
809 4480 832 4514 r
856 4479 907 4515 ιιι
988 4479 1091 4530 vg.
1129 4478 1237 4516 vor.
1323 4479 1362 4514 r.
1402 4480 1471 4515 un
1546 4463 1637 4516 Ur.
1786 4500 1798 4515 .
