3084 4895
497 438 628 529 570
1333 442 1508 497 Briefe
1546 442 1639 497 des
1675 444 1724 499 J.
1764 442 1914 500 1515.

498 616 830 679 inviserem
897 613 1436 695 patremfamilias,
1497 614 1625 677 nisi
1684 615 1889 697 pudor
1948 637 2049 677 me
2112 636 2239 677 non
2300 616 2593 695 agrestiS,
2660 616 2769 679 sed

502 704 671 764 bono
718 707 781 764 et
827 700 1015 763 docto
1060 700 1195 762 viro
1241 700 1627 763 conveniens
1672 702 2050 764 verecundia
2096 701 2281 763 -domi
2341 704 2529 783 quasi
2590 724 2770 784 sepe-

501 788 660 851 litet.
781 786 1041 849 Audebo
1111 786 1366 848 tandem
1436 785 1603 849 inter
1670 787 2066 869 propinarios
2134 786 2499 851 adulatores
2572 788 2771 851 libere

507 872 742 936 versari
790 872 908 947 vel,
956 872 1008 933 si
1053 872 1266 934 aditus
1309 871 1502 934 turba
1541 871 1987 935 combibonum
2024 874 2302 954 stipatus
2332 894 2460 937 non
2495 874 2771 955 patebit,

505 958 884 1041 philosopho
933 957 1308 1020 ministrabo
1353 960 1609 1020 tantum
1658 958 1789 1020 vini
1832 963 1897 1021 et
1942 958 2271 1021 cervisiae¹
2333 980 2443 1040 per
2489 959 2767 1023 alienam

499 1066 778 1116 manum,
847 1048 920 1105 ut
986 1042 1205 1106 Fauno
1276 1041 1647 1125 Satyrisque
1712 1048 1933 1107 venter
1991 1048 2074 1121 et,
2136 1065 2302 1125 quae
2364 1044 2484 1107 sub
2548 1052 2772 1109 ventre

501 1133 670 1206 sunt,
742 1133 1050 1193 tumeant.
1141 1127 1482 1210 Reliquum
1546 1132 1663 1206 est,
1730 1127 2005 1207 Urbane,
2071 1134 2143 1192 ut
2206 1130 2594 1211 promissum
2656 1132 2771 1193 ab·

505 1213 770 1280 solvaS.²
866 1214 1042 1295 „Non
1113 1213 1340 1277 habuit
1406 1218 1741 1295 argentum
1818 1214 2126 1278 barbatus
2202 1214 2497 1279 artifex.“
2596 1215 2772 1280 Scite

503 1302 762 1365 dictum.
855 1298 1019 1377 Quid
1066 1300 1198 1362 ita?
1287 1298 1450 1375 Quia
1516 1300 1847 1381 pecuniam
1918 1322 2042 1363 non
2112 1300 2342 1364 habuit
2414 1300 2769 1368 Mutianus.

500 1388 686 1451 Nunc
745 1386 960 1463 habet,
1019 1383 1284 1449 habebit
1330 1390 1393 1447 et
1438 1384 1542 1448 ille
1591 1385 1973 1469 propediem,
2020 1389 2095 1449 ut
2138 1406 2339 1468 spere,
2406 1390 2767 1469 argentum.

501 1473 628 1536 Fac
689 1472 906 1553 igitur,
955 1477 1028 1535 ut
1072 1476 1221 1535 voto
1279 1470 1582 1548 fruamur,
1630 1476 1699 1533 et·
1738 1472 1982 1534 amicus
2050 1471 2477 1553 pulcherrima
2545 1478 2769 1555 patera

505 1560 734 1640 (magis
769 1559 935 1622 enim
969 1559 1175 1639 operis
1207 1559 1590 1622 auctoritate
1623 1578 1813 1642 quam
1863 1559 2164 1621 materiae
2211 1558 2441 1640 pretio)
2488 1560 2771 1635 gaudeat

503 1651 566 1708 et
611 1644 912 1729 potiatur.
1009 1644 1216 1707 Debeo
1283 1643 1405 1705 tibi
1473 1666 1553 1705 ex
1620 1643 1926 1724 superiori
1994 1644 2314 1707 vindemia
2380 1644 2771 1709 admonente

500 1728 758 1796 Publio³
825 1729 1003 1792 XXX
1069 1728 1392 1809 Sneberg.,
1463 1729 1616 1791 item
1691 1749 1804 1811 pro
1880 1729 2257 1810 nuperrimis
2334 1730 2771 1793 voluminibus

501 1820 812 1899 quantum
875 1815 1064 1879 voles
1158 1814 1443 1895 Denique
1513 1836 1824 1877 summam
1895 1814 2158 1896 expensi
2226 1814 2420 1877 facito
2468 1819 2535 1878 et
2586 1820 2769 1880 tuum

501 1904 577 1966 de
623 1922 780 1977 meo,
844 1901 1159 1964 arbitratu
1225 1903 1359 1975 tu0,
1427 1900 1742 1965 deducito.
1836 1899 2017 1978 Quod
2087 1900 2418 1985 supererit,
2492 1902 2766 1969 custodi.

500 1990 645 2052 Non
693 2008 847 2069 egeo
892 1988 1179 2068 pecunia.
1274 1983 1541 2049 Paulus*
1589 1986 1805 2049 decem
1835 2008 2057 2050 aureos
2090 1987 2330 2049 attulit.
2410 1985 2765 2065 Transibis,

501 2079 574 2140 ut
619 2074 861 2156 opinor,
908 2072 987 2136 ad
1037 2069 1603 2135 Francofordiam.⁵
1696 2070 1854 2134 Tum
1905 2093 2021 2153 ego
2067 2076 2182 2136 tua
2212 2073 2533 2136 industria
2564 2075 2769 2138 fretus

499 2160 951 2243 Hieronymum
989 2163 1052 2221 et
1083 2157 1208 2221 alia
1237 2157 1555 2223 literariae
1586 2158 1811 2221 mercis
1858 2158 1966 2221 diu
2006 2158 2301 2243 appetita
2344 2158 2463 2223 deo
2511 2160 2768 2227 volente

501 2247 826 2312 obtinebo,
920 2244 1072 2308 Vale
1115 2243 1308 2307 XIIII.
1359 2242 1489 2307 Cal.
1539 2245 1701 2329 Aug.
1750 2243 1936 2310 Anno
1980 2242 2233 2311 MDXV.

811 2346 934 2401 Cod.
971 2345 1014 2400 F
1013 2346 1104 2399 rcf.
1141 2345 1257 2401 502.

497 2555 731 2626 (eotha.)
1548 2535 1693 2601 507.
2334 2551 2418 2606 19.
2459 2551 2572 2606 Juli
2611 2553 2762 2608 1515.

1175 2662 1464 2733 Mutian
1509 2683 1605 2733 an
1652 2662 2074 2748 Nepotian.⁶

497 2794 594 2861 (M.
632 2795 841 2847 schema
878 2797 916 2847 8
955 2795 1218 2848 Groschen
1252 2811 1350 2846 um
1383 2794 1498 2847 sich
1532 2794 1621 2845 des
1656 2779 1925 2846 Erasmus
1962 2792 2281 2845 Morazische
2304 2791 2580 2844 Distichen
2606 2791 2765 2846 caeos

497 2881 571 2919 zu
603 2863 816 2931 hausen,
853 2863 925 2916 da
958 2881 1016 2916 er
1047 2864 1165 2917 sein
1200 2863 1490 2932 Eaeemplar
1521 2862 1627 2914 ‘mit
1659 2861 1832 2914 einem
1886 2861 2128 2914 Gediehte
2160 2861 2248 2914 des
2302 2861 2503 2914 Gordus
2536 2860 2629 2913 kat
2661 2877 2765 2913 zu-

1286 2930 1725 2985 sammenbinden
1760 2931 1971 2996 lass-sen.)

624 3045 982 3109 Nepotiane
1019 3058 1131 3097 suo
1166 3059 1294 3097 non
1327 3045 1565 3096 insulso
1601 3056 1801 3104 neque
1836 3043 2066 3094 infanti
2100 3043 2362 3102 ephebo,
2398 3041 2642 3092 Urbani

1227 3132 1456 3183 sororis
1491 3131 1641 3189 filio,
1676 3129 1765 3180 M.
1802 3128 2026 3180 Rufus.

705 3243 770 3308 S.
863 3231 1196 3322 Γνωμικὸν
1241 3242 1504 3306 Catonis
1568 3263 1814 3304 carmen
1866 3240 1948 3303 ab
1994 3239 2255 3302 Erasmo
2322 3235 2760 3300 emendatum⁷

499 3353 698 3412 nuper
745 3330 822 3394 ad
873 3352 970 3392 me
1014 3330 1188 3392 misit
1235 3350 1346 3410 pro
1392 3328 1596 3411 ipsius
1631 3349 1778 3408 erga
1812 3349 1910 3388 me
1944 3325 2390 3388 benevolentia
2422 3323 2764 3404 singulari-

498 3439 619 3498 que
665 3416 876 3480 officio
925 3415 1486 3497 conjunctissimus
1541 3413 1731 3475 homo
1794 3411 2089 3476 Urbanus
2146 3409 2518 3472 avunculus.
2610 3409 2761 3472 Heri

497 3523 644 3566 vero
713 3501 1086 3584 reposcebat
1153 3499 1253 3562 his
1313 3499 1551 3563 verbis:
1636 3497 1981 3580 „Catonem
2048 3493 2279 3559 cursim
2344 3494 2619 3572 remitte,
2688 3498 2763 3557 ut

495 3587 894 3669 Nepotianus
927 3585 1225 3650 ediscat.“
1322 3584 1521 3647 Aliter
1554 3605 1671 3664 ego
1711 3582 1915 3646 facere
1948 3581 2274 3657 constitui,
2322 3580 2441 3644 etsi
2484 3601 2758 3661 aequum

499 3677 718 3756 petit²
761 3677 825 3736 et
869 3671 1082 3738 omnia
1128 3693 1240 3754 pro
1302 3673 1526 3734 mutua
1594 3673 1813 3732 nostra
1885 3665 2355 3732 necessitudine
2420 3667 2760 3746 impetrare

499 3759 704 3822 debet.
793 3757 956 3822 Nam
1020 3762 1084 3820 et
1139 3757 1265 3840 legi
1333 3757 1607 3820 libenter
1673 3753 1921 3818 Erasmi
1990 3752 2235 3815 scholia
2299 3755 2362 3815 et
2422 3751 2761 3832 diligenter

496 3844 820 3922 annotavi,
889 3848 952 3908 et
1012 3865 1172 3924 opus
1240 3865 1319 3906 ne
1384 3843 1815 3905 inconnexum
1886 3838 2317 3922 dissiparetur,
2368 3835 2759 3900 Catonianos

639 4061 667 4089 ⁸·
694 4049 854 4114 petat,
893 4047 1122 4100 claric'ber
1156 4045 1218 4097 in
1251 4045 1383 4112 petit
1416 4045 1705 4096 verbe-seer&

643 4119 658 4147 ¹
695 4117 904 4168 Andere
960 4116 1114 4168 Foml
1167 4116 1252 4166 fiir
1303 4115 1397 4166 das
1450 4113 1719 4164 iiblichere
1774 4110 2042 4164 cerevisia.
2197 4109 2216 4140 ²
2252 4105 2609 4159 Hinsichtlich
2668 4105 2758 4156 der

501 4184 671 4306 lanagsg
711 4185 1100 4306 nggyilixnsghten
1141 4183 1426 4302 *Siffemlgn'
1469 4183 1650 4302 ptatera
1702 4181 1827 4300 off]-
1878 4181 1971 4299 {les
2019 4177 2199 4296 cali}¹1
2245 4177 2295 4297 ξ.
2334 4175 2443 4296 2ὲὲ
2473 4178 2533 4295 ᾗ.
2574 4175 2641 4293 fh

503 4294 511 4304 .
665 4296 674 4306 .
902 4297 911 4306 .
988 4296 998 4307 .
1246 4267 1303 4302 er
1387 4266 1490 4302 nes
1515 4265 1573 4301 er
1609 4265 1705 4302 aus
1794 4264 1877 4301 om
1918 4263 1974 4298 er
2012 4288 2021 4299 .
2203 4287 2212 4297 .
2291 4285 2301 4296 .
2532 4283 2548 4294 .
2653 4283 2663 4293 .

569 4323 589 4353 ⁵
623 4322 741 4389 Vgl.
780 4322 830 4375 S.
870 4321 971 4374 568
1008 4322 1068 4372 A.
1105 4321 1153 4372 4.
1279 4320 1302 4350 ὃ
1337 4318 1384 4372 S.
1429 4318 1531 4371 552
1566 4321 1629 4372 A.
1670 4317 1715 4370 2.
1847 4317 1865 4348 ⁷
1900 4262 2389 4381 DignysiigCatonis
2424 4311 2655 4364 disticha
2688 4310 2751 4361 de

495 4389 731 4442 moribus
767 4391 835 4443 ad
867 4390 1054 4450 filium,
1091 4390 1244 4440 unter
1280 4388 1403 4440 dem
1437 4385 1597 4439 Titel:
1650 4385 1892 4439 Disticha
1942 4383 2162 4436 moralia
2208 4381 2308 4450 gab
2354 4380 2607 4433 Erasmus
2658 4377 2757 4430 mit

491 4458 688 4510 andern
735 4457 996 4512 Schriften
1032 4471 1338 4511 zusammen
1373 4455 1536 4509 Lond.
1577 4454 1711 4509 1514
1745 4454 1951 4507 herauS.
2023 4451 2141 4520 Vgl.
2180 4450 2231 4504 S.
2269 4449 2372 4504 564
2405 4450 2468 4502 A.
2506 4451 2553 4502 6.
