3084 4895
486 414 614 503 290
1316 410 1490 488 13τὶ818
1525 433 1619 488 des
1653 411 1702 489 ,1.
1744 428 1890 487 1513.

488 607 756 673 tentiam
803 606 878 669 de
923 604 1109 669 domo
1143 608 1374 669 nostra.
1465 605 1717 669 Laudas
1761 604 2081 669 Urbicum.
2176 604 2305 687 Ego
2338 603 2507 668 hunc
2536 602 2741 667 talem

489 716 624 758 esse
670 697 846 775 puto,
893 690 1142 773 qualem
1190 691 1536 772 praedicaS,
1568 690 1815 755 fidelem
1849 696 1915 755 et
1946 691 2263 767 idoneum,
2298 712 2423 753 non
2457 695 2740 765 asotum,

488 800 612 843 non
661 778 1037 855 helluonem,
1095 797 1222 839 non
1269 780 1701 849 scortatorem,
1764 799 1891 839 non
1952 777 2267 857 garrulum
2316 781 2380 839 et
2426 778 2737 857 ineptum.

485 866 601 927 Est
646 864 709 927 in
756 886 830 927 eo
876 863 1125 943 signum
1175 864 1552 941 severitatis,
1612 864 1825 926 vultus
1884 864 2106 937 tristis,
2168 884 2370 925 sermo
2414 862 2625 925 lentus
2670 870 2743 925 et

489 950 758 1013 sobrius,
851 948 1007 1011 Prae
1052 970 1119 1010 se
1163 948 1285 1011 fert
1329 948 1594 1011 alterum
1642 948 1959 1023 Paulum,¹
2012 948 2197 1011 modo
2231 969 2355 1011 non
2390 949 2475 1011 sit
2506 970 2739 1010 saevus

487 1043 551 1099 et
597 1034 858 1099 immitis
905 1038 969 1097 et
1013 1055 1194 1116 asper
1239 1038 1304 1097 et
1349 1034 1763 1097 truculentus.
1856 1034 2035 1109 Quod
2092 1034 2171 1097 ad
2228 1034 2415 1097 aedes
2478 1034 2739 1104 attinet,

486 1121 652 1185 dabo
715 1119 1006 1183 nonnihil
1053 1125 1118 1182 et
1161 1120 1496 1195 insumam,
1547 1124 1619 1182 ut
1661 1124 1869 1183 sartae
1925 1124 2133 1183 tectae
2192 1121 2338 1184 sint.
2430 1116 2737 1181 official?

487 1206 840 1271 valedicitO.
929 1204 1088 1269 Nam
1137 1204 1248 1287 qui
1293 1227 1408 1267 sua
1450 1204 1730 1287 prodigit
1772 1206 2062 1287 maleque
2106 1209 2305 1280 curat,
2368 1206 2479 1285 qui
2522 1209 2738 1285 potest

487 1294 542 1356 is
585 1292 795 1356 aliena
861 1290 1180 1355 custodire
1225 1296 1337 1355 aut
1379 1291 1785 1355 renormare‘?
1874 1289 2103 1355 Carum
2148 1293 2242 1353 ais
2286 1312 2422 1353 esse
2468 1291 2737 1353 summis

488 1378 658 1442 viriS.
748 1376 886 1439 Erit
931 1380 995 1440 et
1040 1376 1195 1439 mihi
1241 1398 1448 1439 carus·
1530 1376 1755 1439 Lotius
1800 1398 2033 1439 arcana
2062 1376 2301 1455 ,didicit
2356 1376 2680 1439 Frontone
2709 1387 2739 1415 ⁸

489 1464 828 1539 revelante,
891 1462 1127 1525 Fronto
1173 1462 1510 1526 officialem
1552 1462 1778 1525 habuit
1836 1468 2177 1541 auctorem,
2224 1461 2517 1525 officialis
2569 1461 2730 1541 legit

488 1572 660 1614 meas
705 1548 786 1611 ad
832 1546 1161 1611 Cotionem
1216 1547 1449 1611 literas,
1547 1546 1653 1612 Sic
1695 1556 2022 1631 peccatum
2082 1553 2197 1625 est,
2257 1548 2348 1611 sic
2407 1553 2739 1611 armantur

487 1634 848 1707 adversarii,
882 1634 1171 1715 quamvis
1217 1634 1373 1697 haec
1418 1634 1551 1696 sint
1596 1632 1855 1698 vetera.³
1944 1634 2231 1715 Petrejus
2264 1634 2739 1697 commendavit

489 1720 870 1784 Hallensem.
959 1718 1196 1783 Ratum
1241 1720 1306 1782 id
1352 1724 1416 1783 et
1460 1719 1710 1782 firmum
1756 1720 1977 1783 habeo,
2070 1719 2193 1783 Sed
2242 1719 2443 1783 invito
2498 1719 2737 1801 Engel-

487 1826 718 1870 manno
779 1826 908 1869 non
969 1826 1350 1889 praeponam
1410 1806 1631 1869 aulicis
1694 1806 2077 1887 episcopum,
2124 1806 2236 1887 qui
2282 1805 2359 1867 de
2404 1810 2619 1869 monte
2669 1807 2735 1869 in

487 1891 705 1956 hortos
763 1894 828 1955 et
880 1891 1140 1955 balneas
1206 1892 1566 1972 speculetur
1622 1896 1812 1973 teque
1867 1892 1985 1955 sub
2051 1890 2436 1955 umbraculis
2505 1891 2739 1955 vitium

487 1978 990 2041 inambulantem
1036 1976 1360 2060 despiciat.
1370 1976 1392 2009 ⁴
1482 1976 1789 2041 Habenda
1835 1998 2085 2060 quoque
2130 1978 2292 2040 ratio
2325 1981 2422 2040 est
2453 1975 2739 2041 Simonis

487 2064 717 2141 Vulsci,
765 2064 874 2144 qui
921 2062 1132 2126 suum⁵
1183 2063 1248 2125 in
1295 2062 1559 2126 aedibus
1602 2063 1758 2125 meis
1805 2085 1931 2126 non
1977 2063 2282 2145 relinquit
2313 2067 2377 2125 et
2410 2064 2739 2126 contemni

485 2150 896 2225 existimaret,
944 2150 998 2212 si
1044 2148 1377 2212 officialem
1423 2148 1679 2212 officiali
1725 2153 2193 2212 commutarem.
2287 2147 2487 2211 Cedat
2514 2152 2737 2211 tamen

490 2236 843 2318 inquilinus
889 2240 951 2298 et
998 2234 1405 2298 aedificaturo
1463 2234 1615 2298 mihi
1674 2256 1937 2298 vacuam
1998 2236 2251 2297 domum
2321 2234 2549 2297 tradat.
2642 2234 2739 2296 De

485 2320 804 2402 Holtegel⁶
851 2321 1004 2401 quid
1051 2320 1302 2384 dicam?
1391 2318 1594 2383 Tuum
1632 2320 1749 2384 erit
1781 2320 2194 2397 considerare,
2228 2320 2378 2401 quid
2412 2320 2734 2401 expediat.

490 2407 681 2471 Venio
728 2427 898 2471 nunc
942 2407 1023 2470 ad
1068 2406 1444 2490 exemplum,
1494 2427 1619 2489 quo
1667 2406 2099 2470 admonendus
2147 2406 2265 2470 erit
2308 2405 2733 2470 Herebordus.

486 2493 737 2557 Audisti
795 2506 967 2574 put0,
1029 2497 1269 2576 quanto
1324 2493 1560 2556 fuerint
1612 2494 1677 2555 in
1732 2493 2005 2576 periculo
2064 2495 2231 2556 vitae
2286 2500 2352 2555 et
2396 2493 2737 2574 dignitatis

492 2579 959 2643 EisenacenseS.
971 2577 990 2611 '¹
1101 2577 1545 2642 Irascebantur
1621 2576 2360 2661 [1118011188.1311811118Β
2406 2581 2735 2659 quaestori

489 2661 782 2730 Oswaldo
829 2665 1102 2729 favebat.
1194 2664 1422 2728 Actum
1471 2686 1608 2726 esse
1653 2664 1987 2728 videbatur
2033 2665 2108 2727 de
2154 2665 2397 2727 miseris
2464 2665 2734 2728 civibus.

489 2751 826 2814 Senatores
871 2775 903 2814 e
949 2755 1174 2814 senatu
1223 2750 1474 2813 fuerant
1520 2750 1893 2831 depellendi,
1944 2771 2174 2812 novum
2222 2751 2497 2831 regimen
2546 2751 2736 2814 insti-

488 2837 812 2910 tuendum,
882 2837 1164 2919 quinque
1233 2859 1310 2899 ex
1369 2837 1638 2916 captivis
1706 2837 1905 2899 securi
1973 2837 2382 2918 percutiendi.
2473 2837 2606 2899 Itur
2651 2837 2735 2900 ad

489 2945 602 2985 me.
695 2923 1015 2985 Auxilium
1064 2923 1319 3004 petitur
1411 2923 1721 2986 Facinora
1768 2922 2047 2986 Oswaldi
2094 2927 2154 2984 et
2203 2922 2374 2985 fraus
2419 2926 2732 2985 narratur.

485 3009 854 3071 Innocentia
901 3009 1132 3072 civium
1180 3011 1570 3090 proponitur.
1660 3007 1815 3071 Rem
1863 3009 2139 3090 pressius
2199 3009 2510 3071 examino
2605 3007 2733 3071 Ubi

477 3095 701 3176 judicii
747 3094 880 3157 dies
926 3095 1202 3173 advenit,
1267 3095 1508 3158 ducunt
1570 3117 1777 3158 secum
1848 3101 2184 3176 patronum
2239 3095 2449 3157 miseri
2502 3093 2737 3156 Valen-

483 3177 743 3255 tinum,⁹
789 3201 915 3243 non
972 3180 1400 3260 intelligentes
1459 3181 1627 3243 hunc
1676 3181 1990 3243 hominem
2060 3181 2218 3244 clam
2289 3181 2534 3243 sentire·
2586 3201 2731 3242 curn

489 3266 840 3329 Dhunianis
887 3270 950 3328 et
995 3265 1376 3342 doctorelliS,
1437 3267 1547 3347 qui
1604 3271 1756 3330 sunt
1799 3268 1863 3328 in
1911 3267 2072 3329 aula.
2164 3265 2321 3328 Nam
2373 3265 2621 3328 exsules
2670 3271 2737 3329 et

488 3352 589 3414 hic
633 3356 697 3414 et
741 3351 929 3414 isthic
973 3353 1338 3431 gaudebant
1382 3353 1565 3414 malis
1610 3353 1894 3427 aliorum,
1942 3375 2020 3414 ne
2066 3351 2180 3414 soli
2215 3352 2509 3414 damnum
2556 3353 2733 3432 passi

485 3437 694 3518 capite
741 3437 1037 3500 diminuti
1072 3441 1134 3500 et
1165 3443 1319 3500 nota
1351 3440 1554 3500 notati
1590 3438 1967 3501 viderentur.
2046 3437 2245 3519 Vulgo
2279 3439 2444 3500 enim
2479 3438 2732 3512 dicitur,

487 3523 654 3607 quod
703 3545 914 3587 verum
965 3528 1080 3602 est,
1127 3524 1429 3604 gaudium
1463 3529 1560 3586 est
1592 3525 1834 3586 miseris
1868 3524 2071 3587 socios
2103 3523 2333 3587 habere
2368 3544 2731 3605 poenarum.

619 3705 647 3734 a
673 3692 926 3746 Frontone
962 3709 1055 3744 am
1088 3692 1286 3744 Βαναία.

537 3799 542 3802 -
625 3763 641 3792 ²
678 3760 935 3828 Aquilius,
973 3761 1084 3813 88111
1120 3761 1432 3828 Vorganger.
1542 3762 1563 3794 ²
1598 3761 1704 3814 Der
1738 3763 2017 3829 seitherige
2052 3762 2344 3815 Bewohner
2369 3777 2470 3814 von
2496 3761 2733 3814 Mutians

483 3829 676 3883 Hause.
713 3829 764 3882 S.
785 3829 886 3882 280
910 3831 972 3882 A.
997 3832 1040 3882 l.
1150 3831 1170 3862 ³
1199 3831 1316 3882 Von
1353 3829 1524 3882 diesel
1558 3830 1915 3884 Vertrauensv
1917 3833 2183 3898 erletzung
2219 3832 2309 3882 des
2346 3830 2576 3882 Offizials
2614 3830 2733 3898 (des

484 3899 798 3966 seithorigen
815 3897 1028 3951 Mieters
1085 3899 1156 3952 ist
1189 3899 1246 3950 in
1281 3899 1382 3950 den
1403 3897 1611 3950 Briefen
1635 3916 1738 3952 von
1760 3900 1891 3952 1512
1928 3901 2011 3952 die
2031 3900 2187 3953 Rede.
2226 3899 2340 3966 Vgl.
2363 3897 2412 3950 S.
2437 3895 2537 3950 239
2562 3900 2621 3951 A.
2647 3901 2695 3951 7.

487 3969 506 3998 ⁴
523 3967 631 4020 Das
649 3967 797 4020 Hans
815 3967 900 4035 lag
921 3983 1006 4020 am
1084 3967 1214 4022 ainz.
1234 3967 1367 4020 Hofe
1390 3967 1592 4035 (aulici)
1608 3969 1715 4020 und
1734 3984 1799 4020 an
1822 3969 1942 4020 dem
1960 3968 2375 4036 Ge01·,genthalcr
2395 3967 2451 4018 in
2471 3967 2732 4019 welchem

490 4035 672 4088 Urban
706 4035 822 4088 sich
856 4035 1012 4088 meist
1047 4037 1382 4090 aufzuhalten
1418 4035 1623 4104 pflegte.
1754 4040 1775 4069 ⁵
1810 4036 2114 4103 Officialem,
2154 4037 2255 4088 den
2290 4036 2605 4102 seitherigcn
2641 4036 2733 4088 In-

483 4104 660 4171 haber,
698 4105 790 4156 der
821 4104 878 4156 in
914 4105 1006 4157 der
1031 4105 1249 4158 Kanzlei
1287 4107 1378 4157 des
1412 4103 1881 4172 Rechtsgelehrten
1908 4105 2126 4158 Voltzke
2152 4105 2463 4172 beschaftigt
2486 4121 2600 4171 gew
2602 4120 2731 4157 esen

484 4190 551 4225 zu
601 4173 715 4225 sein
761 4173 1142 4227 8131181111.ὃ
1177 4175 1294 4227 Von
1337 4173 1449 4225 ihm
1499 4173 1667 4226 heisst
1700 4191 1757 4227 88
1791 4191 1891 4226 nur
1926 4175 2061 4227 noch
2096 4176 2149 4225 in
2185 4173 2270 4225 ΒΥ.
2306 4174 2408 4226 508
2444 4174 2536 4224 des
2572 4173 2731 4226 Com:

482 4241 704 4294 »Paulus
756 4241 1110 4308 Holtegcllum
1168 4241 1380 4302 creabit,
1436 4241 1762 4312 Holtegellus
1816 4242 2179 4295 Crebennam.«
2267 4241 2732 4294 Wahrscheinlich

482 4311 644 4363 Jacob
679 4309 921 4378 Holtegel
957 4311 1024 4362 de
1057 4310 1325 4375 Eimbeck,
1362 4310 1644 4365 immatrik.
1682 4313 1738 4364 in
1770 4312 1873 4364 Eis.
1918 4313 2065 4365 1494.
2137 4311 2411 4364 Dei-selben
2458 4310 2569 4362 Dns
2613 4311 2729 4364 Jac.

487 4379 718 4446 Holczeg
718 4379 768 4431 el
825 4379 1016 4432 baccal.
1048 4379 1150 4445 jur.
1192 4380 1340 4433 1510.
1414 4379 1491 4448 (E.
1537 4380 1687 4434 Matr.
1726 4398 1776 4435 u.
1815 4381 2275 4448 Rechnungsbuch
2327 4381 2417 4432 (les
2469 4379 2690 4432 Rektors
2636 4380 2731 4482 183.

485 4449 506 4481 ⁷
528 4448 645 4516 Vgl.
674 4449 751 4501 Br.
779 4449 894 4500 229.
986 4451 1007 4481 ⁸
1029 4449 1310 4502 KmsachS.
1329 4448 1669 4515 Hauptmann
1704 4449 1977 4502 Friedrich
2000 4466 2103 4502 von
2122 4450 2287 4502 Tliun.
2358 4450 2379 4480 ⁹
2402 4447 2451 4500 S.
2480 4448 2576 4501 170
2596 4450 2657 4502 A.
