3084 4895
1172 416 1386 477 Mutian
1423 439 1492 477 an
1529 415 1787 479 Herbord.
2482 418 2605 490 161

343 597 662 676 spargunt
705 597 1041 676 ceteraque
1085 615 1299 658 eorum
1345 594 1721 673 ministeria,
1769 594 1879 676 qui
1925 595 2381 660 certaminibus
2412 597 2609 660 sacris

340 680 732 757 deserviunt,
759 679 1170 760 ignominiosi
1205 679 1579 743 habeantur.
1593 679 1621 709 ‘⁸
1661 681 1944 756 Quaeris,
1961 683 2070 762 qui
2098 683 2227 746 sint
2258 683 2607 762 agitatores

340 765 534 845 quive
584 769 891 848 spargant
935 785 1167 844 aquam
1215 765 1412 846 equis.
1503 765 1626 827 Per
1670 765 2018 846 agitatores
2078 767 2447 848 aurigantes
2506 769 2607 830 in—

335 850 578 930 tellige.
670 848 944 912 Fiebat
929 873 993 912 in
1027 850 1408 932 spectaculis
1455 852 1699 932 sparsio
1746 851 2013 930 liquoris
2060 853 2327 915 odorati.
2406 852 2607 916 Erant

337 936 556 1016 igitur,
625 936 736 1015 qui
802 935 1198 998 odoratorias
1262 957 1462 1015 aquas
1528 937 1593 997 in
1658 935 1826 998 ludis
1893 941 2281 1017 spargerent.
2371 937 2604 1000 Notavi

289 1059 292 1064 -
339 1021 463 1082 tibi
509 1020 714 1082 locum
763 1019 830 1082 in
877 1017 1185 1100 Caligula.
1198 1019 1214 1052 ¹
1312 1021 1418 1083 Vel
1478 1020 1828 1102 agitatores
1873 1025 2043 1100 sunt,
2090 1022 2200 1103 qui
2259 1043 2370 1104 per
2430 1028 2607 1086 cata-

340 1106 630 1168 dromum
679 1105 1040 1181 decurrunt,
1088 1105 1165 1167 de
1210 1127 1336 1187 qua
1383 1105 1755 1168 decursione
1800 1105 2084 1186 loquitur
2109 1106 2607 1187 jurisconsultus

338 1191 404 1252 in
438 1190 629 1252 titulo
663 1188 1192 1272 „Deactionibus
1223 1188 1470 1253 emti.“2
1513 1189 1677 1253 Nam
1711 1189 1942 1253 diversi
1976 1190 2109 1254 ludi
2140 1194 2294 1254 sunt
2316 1190 2607 1272 bigarum

338 1274 918 1356 quadrigarumque
963 1279 1028 1337 et
1073 1274 1536 1338 decursionum.
1627 1275 1699 1337 In
1748 1277 1911 1338 circo
1958 1276 2209 1339 curules
2268 1277 2403 1339 ludi
2456 1278 2603 1340 ede-

342 1358 600 1422 bantur.
691 1357 958 1423 Scenica
1004 1365 1069 1421 et
1113 1359 1487 1423 histrionica
1550 1360 1887 1441 disciplina
1946 1361 2069 1424 etsi
2132 1361 2376 1424 famosa
2441 1367 2609 1425 esset

341 1444 795 1526 probrosaque,
859 1445 1208 1524 agitatores
1251 1449 1466 1508 tamen
1514 1445 1581 1507 in
1628 1467 1806 1508 sacro
1867 1447 2211 1508 certamine
2256 1445 2321 1508 id
2367 1450 2464 1509 est
2508 1447 2605 1510 vel

341 1532 550 1592 instar
593 1529 955 1610 aurigarum
1004 1551 1223 1593 currus
1268 1535 1561 1610 regentes
1607 1530 1705 1592 vel
1753 1534 2077 1610 equestres
2125 1536 2239 1594 aut
2282 1532 2605 1613 pedestres

343 1614 710 1678 decursores
765 1614 1034 1677 infames
1081 1637 1207 1678 non
1257 1621 1456 1691 erant,
1519 1635 1725 1694 neque
1771 1616 1814 1677 ii
1862 1615 1971 1696 qul
2018 1617 2082 1677 in
2130 1615 2607 1697 amphitheatro

345 1698 552 1762 solum
599 1706 664 1762 et
707 1699 1009 1763 subsellia
1054 1701 1240 1780 aquis
1295 1700 1506 1762 odoris
1571 1707 2066 1781 perspergerent.
2158 1701 2611 1781 Designatores

343 1790 498 1847 sunt
544 1789 866 1848 curatores
913 1784 1208 1848 funerum
1239 1785 1280 1847 i.
1315 1807 1366 1847 e.
1417 1785 1770 1860 libitinarii,
1818 1785 2229 1866 pollinctores
2266 1786 2363 1848 vel
2394 1788 2609 1868 potius

341 1868 650 1951 praefecti
695 1869 990 1932 ludorum
1035 1868 1420 1948 funebrium,
1468 1871 1580 1951 qui
1625 1875 1825 1932 artem
1858 1870 2166 1934 ludicram
2200 1892 2326 1934 non
2362 1870 2609 1936 faciunt

341 1957 606 2018 auctore
677 1953 942 2035 Ulpiano
991 1958 1055 2018 et
1100 1953 1306 2032 Celso,
1377 1955 1486 2017 sed
1559 1955 1980 2018 ministerium
2050 1961 2350 2019 exercent
2403 1963 2610 2037 *atque

341 2039 486 2103 ideo
539 2038 806 2102 infamia
867 2061 995 2103 non
1061 2045 1382 2104 notantur.
1474 2039 1715 2104 Scribit
1766 2039 2120 2116 Marcellus,
2179 2038 2379 2123 quod³
2445 2043 2611 2105 ictus

348 2124 619 2191 fustium
666 2123 995 2188 infamiam
1044 2147 1170 2188 non
1220 2126 1542 2208 importet,
1605 2125 1715 2188 sed
1762 2147 1952 2189 causa
1996 2131 2253 2208 propter
2310 2147 2498 2206 quam
2547 2127 2610 2189 id

346 2211 486 2291 pati
522 2209 804 2273 meruit.⁴
874 2210 1046 2273 Haec
1092 2211 1430 2291 castigatio
1465 2214 1728 2274 vocatur
1759 2211 2159 2274 fustuarium.
2238 2211 2358 2288 Qui
2390 2211 2610 2274 relicto

344 2294 666 2376 praesidio
713 2294 932 2376 fugam
981 2297 1272 2376 capessit,
1322 2295 1704 2358 fustuarium
1738 2301 2031 2359 meretur.
2124 2296 2303 2360 Scias
2336 2297 2399 2358 in
2438 2298 2611 2360 omni

345 2381 458 2442 lite
521 2401 775 2442 causam
842 2402 978 2442 esse
1039 2381 1469 2462 spectandam.
1563 2379 1787 2446 Omnis
1834 2386 2046 2444 autem
2093 2403 2287 2444 causa
2332 2387 2446 2444 aut
2490 2382 2611 2443 im-

348 2465 603 2547 pulsiva
649 2470 766 2541 est,
812 2469 887 2529 ut
930 2466 1042 2541 ira,
1089 2467 1326 2540 odium,
1374 2471 1487 2529 aut
1532 2468 1938 2545 rationativa,
1986 2472 2059 2530 ut
2103 2468 2366 2546 lucrum,
2430 2467 2611 2530 here-

347 2551 536 2614 ditas
629 2550 962 2614 Praeterea
1009 2554 1105 2613 est
1149 2574 1340 2614 causa
1373 2550 1675 2628 efficienS,
1710 2574 1851 2614 cum
1886 2552 2155 2615 dicimus
2185 2552 2296 2615 illa
2328 2552 2607 2615 ratione:

349 2640 775 2717 „provocatus
821 2634 980 2714 est“,
1029 2639 1141 2699 aut
1188 2636 1499 2717 adjuvans
1548 2640 1611 2699 et
1642 2637 1826 2717 quasi
1858 2637 2281 2701 accessorium
2326 2642 2440 2701 aut
2469 2658 2614 2719 pro-

343 2720 599 2783 hibens
717 2721 942 2804 Itaque
1015 2721 1212 2802 probe
1302 2722 1456 2784 dicit
1540 2720 1879 2785 Marcellus
1968 2743 2225 2786 causam
2314 2722 2612 2785 fustuarii

341 2804 652 2887 probrum
721 2806 960 2869 afferre.
1077 2806 1320 2869 Probas
1385 2810 1452 2869 te
1511 2806 1639 2887 juri
1708 2806 1855 2869 dare
1921 2829 2178 2888 operam
2252 2828 2611 2889 proponens

344 2891 566 2954 nescio
614 2892 766 2971 quid
815 2890 889 2952 de
939 2890 1142 2973 Appio
1190 2890 1477 2966 Claudio,
1542 2914 1727 2973 quem
1778 2891 2257 2955 Centinianum⁶
2305 2893 2609 2975 appellas,

346 2977 476 3039 Res
521 2980 621 3039 est
663 2976 932 3057 protrita
978 2980 1044 3039 et
1087 2978 1645 3057 grammaticorum
1694 2978 1901 3041 nitore
1941 2977 2319 3041 illuminata.
2396 2976 2615 3041 Centi-

341 3062 521 3123 mani
564 3061 859 3143 gigantes
905 3060 1203 3125 dicuntur
1261 3062 1432 3143 apud
1493 3061 1811 3124 Ovidium.
1903 3062 2087 3144 Apud
2150 3060 2608 3143 Pomponium⁶

350 3146 656 3209 mendose
702 3168 827 3210 non
877 3168 1078 3227 pauca
1123 3147 1440 3227 leguntur.
1532 3146 1631 3210 Ob
1680 3147 1742 3222 id
1789 3152 2059 3210 veterem
2107 3149 2611 3230 manuscriptum

345 3231 629 3294 codicem
688 3231 1112 3313 Digestorum,
1180 3232 1290 3313 qui
1363 3231 1556 3294 isthic
1616 3232 1787 3312 jacet
1845 3233 1908 3294 in
1972 3232 2129 3296 cella
2196 3233 2611 3310 testudinata,

351 3318 602 3379 curiose
648 3317 870 3379 visites
916 3320 1186 3397 oportet.
1277 3315 1348 3378 In
1396 3317 1615 3380 eodem
1664 3339 1931 3398 quaeras
1962 3317 2221 3380 verbum
2264 3316 2611 3398 „onerari“.

353 3401 522 3463 Puto
569 3401 905 3481 legendum
935 3413 963 3441 ⁸
1015 3400 1420 3482 „honorari“:
1469 3402 1621 3481 quia
1651 3402 1815 3464 idem
1850 3401 2161 3483 Ulpianus
2207 3402 2613 3465 honorarium

357 3490 548 3549 vocat
616 3488 962 3566 praemium
1029 3488 1340 3549 advocato
1415 3484 1853 3565 erogandum.⁷
1945 3487 2244 3562 Versaris,
2291 3493 2363 3549 ut
2411 3488 2613 3562 vide0,

353 3571 418 3632 in
469 3572 608 3652 ipso
649 3571 810 3652 juris
855 3572 1208 3635 meditullio
1257 3579 1317 3633 et
1365 3572 1549 3650 quasi
1595 3572 1657 3634 in
1706 3576 1943 3635 ventre..
2020 3571 2181 3646 Quid
2232 3572 2373 3634 ita?
2451 3571 2615 3649 Quia

349 3654 722 3719 Accursius³
798 3656 952 3719 dicit
992 3656 1153 3736 juris
1197 3657 1528 3720 scientiam
1594 3656 1825 3719 habere
1890 3662 2103 3739 caput,
2170 3656 2615 3720 Institutiones

349 3745 413 3804 et
476 3740 668 3804 finem
733 3742 772 3803 i.
822 3763 873 3803 e.
939 3742 1216 3804 codicem
1290 3741 1637 3804 edictorum
1709 3743 2176 3822 imperatorum.
2268 3741 2375 3805 Sic
2440 3744 2613 3823 cogi—

490 3974 518 4001 a
545 3959 774 4027 lengum.

494 4048 510 4076 ¹
547 4044 758 4099 Sueton.
797 4045 960 4113 Calig.
999 4045 1080 4099 55.
1156 4047 1176 4078 ²
1195 4045 1260 4097 Di
1265 4048 1394 4111 gest.
1432 4044 1586 4099 XIX
1611 4046 1655 4108 1,
1679 4046 1759 4099 54.
1836 4046 2017 4098 ³Ube1
2051 4046 2195 4097 diese
2231 4044 2615 4097 unlateinische

349 4114 638 4180 Wendung
662 4114 768 4181 vgl.
791 4130 858 4165 zu
877 4114 962 4165 Br.
987 4113 1100 4167 124.
1209 4116 1230 4145 ⁴
1264 4114 1366 4181 Dig
1368 4116 1461 4165 est.
1486 4112 1583 4178 ΙΙΙ,
1605 4113 1655 4175 2,
1676 4114 1757 4165 22.
1864 4112 2055 4166 ostatt
2092 4114 2477 4168 Centimanum.
2513 4115 2615 4166 wie

347 4181 554 4233 Mutian
586 4181 660 4232 im
679 4182 954 4249 folgenden
989 4183 1300 4234 verbessert.
1339 4182 1418 4233 De
1439 4181 1564 4248 orig.
1580 4182 1682 4247 jur.
1703 4182 1819 4248 Dig.
1848 4181 1890 4247 I,
1913 4182 1960 4246 2,
1982 4183 2078 4234 36:
2111 4182 2339 4248 »Appius
2363 4180 2615 4234 Claudius

349 4250 588 4317 ejusdem
609 4250 814 4317 generis
834 4250 1122 4301 maximam
1143 4249 1417 4302 scientiam
1441 4249 1643 4301 habuit.
1681 4250 1782 4302 Hic
1804 4222 2211 4301 Centemmanus
2229 4248 2613 4317 (Centimanus)

349 4317 646 4394 appellatus
693 4321 814 4371 ests<
941 4318 964 4349 ὅ
999 4318 1060 4369 In
1096 4318 1196 4370 den
1241 4318 1507 4395 Digesten
1636 4320 1655 4349 ⁷
1690 4318 2031 4384 Dig.L‚13,
2075 4320 2118 4369 1.
2248 4319 2269 4350 ⁸
2302 4317 2615 4369 Franciscus

349 4385 656 4450 AccursiuS,
693 4386 961 4439 Glossator
995 4386 1087 4437 der
1120 4385 1321 4437 Rechte
1358 4387 1430 4437 im
1472 4387 1550 4437 13.
1587 4384 1620 4436 J
1622 4386 1673 4437 h

411 4490 680 4530 zeitschrift
709 4490 764 4530 N.
791 4492 843 4530 F.
871 4490 1026 4537 Suppl.
1052 4491 1134 4530 rx.
2124 4473 2200 4534 11
