3084 4895
1070 373 1075 378 ι
1155 406 1368 459 Mutian
1403 420 1474 458 an
1510 404 1834 459 Hartmann.
2504 400 2632 465 505

385 578 614 661 „Venit
643 578 724 642 ad
758 600 854 641 me
901 577 1234 660 religiosus
1274 576 1528 659 juvenis
1573 577 2045 659 compresbyter
2092 580 2307 640 noster
2352 575 2635 652 OrosiuS,

377 663 534 745 vigil
601 664 882 744 ingenio,
949 667 1214 728 ornatus
1292 662 1567 745 eloquio,
1641 664 1919 743 flagrans
1992 662 2205 725 studio
2275 667 2338 724 et
2404 666 2631 726 cetera.

369 749 573 813 Docui
656 750 824 832 quod
898 749 1099 831 potui,
1168 750 1336 831 quod
1404 753 1621 812 autem
1688 770 1817 812 non
1890 750 2091 831 potui,
2158 748 2327 810 unde
2394 746 2633 811 discere

371 835 630 913 valeret,
685 834 1007 899 admonui.
1097 834 1322 915 Itaque
1377 839 1450 897 ut
1509 835 1590 897 ad
1647 838 1712 897 te
1755 834 2274 917 proficisceretur,
2340 831 2635 896 hortatus

277 989 280 991 ,
366 918 602 985 sum.“¹
697 920 868 985 Utile
915 919 1034 983 hoc
1081 924 1178 983 est
1224 919 1603 1003 exemplum.
1698 920 1902 996 Disce,
1957 919 2067 983 sed
2113 941 2151 981 a
2196 918 2421 994 doctiS,
2481 938 2632 981 con-

369 1006 580 1069 silium
653 1010 817 1088 pete,
889 1005 997 1068 sed
1067 1028 1105 1069 a
1171 1006 1499 1071 consultis.
1616 1004 1722 1067 Sic
1790 1026 1956 1087 papa
2021 1002 2247 1068 Sixtus
2312 1003 2637 1067 consuluit

371 1091 688 1155 «Ioannem
733 1090 1217 1171 Monteregium.
1311 1090 1409 1153 An
1453 1096 1665 1154 autem
1712 1090 2067 1153 Germanus
2125 1090 2231 1153 ille
2292 1086 2635 1153 correxerit

365 1176 665 1259 paschale
736 1176 1025 1257 Dionysii
1089 1181 1482 1259 computum,
1556 1198 1654 1239 me
1719 1174 1925 1239 latet.²
2036 1175 2164 1239 Leo
2226 1174 2302 1237 X.
2354 1174 2634 1239 consulit

366 1262 703 1344 gymnasia
769 1266 1007 1325 nostra.
1096 1261 1167 1323 In
1217 1262 1451 1344 quibus
1497 1261 1683 1324 multi
1732 1260 2000 1336 Eudoxi,
2050 1260 2231 1324 multi
2271 1258 2635 1340 Sosigenes,

366 1348 478 1429 qui
527 1347 623 1410 vel
668 1346 995 1410 Julianum
1049 1368 1286 1411 annum
1351 1350 1787 1411 renormarent
1831 1346 1929 1410 vel
1976 1367 2235 1410 aureum
2304 1367 2631 1409 numerum

372 1433 786 1514 corrigerent.
878 1432 1050 1495 Haec
1095 1436 1194 1495 est
1239 1431 1581 1513 singularis
1628 1432 1829 1515 gloria
1874 1437 2238 1497 nostrorum
2284 1430 2637 1506 hominum,

368 1517 449 1580 ad
498 1539 659 1598 quos
727 1524 988 1581 senatus
1052 1518 1502 1582 Lateranensis
1565 1518 1817 1581 concilii
1862 1518 1929 1581 in
1974 1540 2039 1581 re
2084 1517 2636 1599 praestantissima

368 1604 646 1686 respicit.
739 1602 903 1679 Quid
950 1603 1117 1666 enim
1180 1605 1633 1685 praestantiuS,
1690 1624 1880 1686 quam
1945 1604 2079 1686 ejus
2136 1602 2511 1667 cerimonias
2566 1603 2632 1666 in

364 1689 652 1752 ordinem
720 1688 1051 1764 adducere,
1112 1690 1224 1770 qui
1269 1690 1450 1753 dicit:
1513 1698 1663 1754 Ὃκ)
1702 1699 1807 1754 ΠΨ
1843 1689 2078 1775 ἾΨΊῬ“
2167 1687 2334 1765 Vale,
2381 1689 2635 1771 sapien-

364 1775 614 1838 tissime
678 1774 1055 1857 principum,
1101 1778 1166 1837 et
1210 1773 1597 1855 legationem
1644 1774 1820 1837 illam
1889 1778 2063 1838 tuam
2132 1773 2401 1837 felicit-er
2467 1794 2631 1854 gere.

369 1860 506 1940 Ego
569 1881 698 1924 non
759 1860 965 1923 solum
1035 1858 1481 1924 Defensionem
1554 1858 1921 1942 Capnionis‚
1990 1860 2102 1923 sed
2167 1860 2360 1923 etiam
2424 1862 2634 1924 totum

367 1946 696 2028 negotium
768 1946 847 2009 ad
915 1949 982 2009 te
1049 1945 1323 2025 mittam,
1389 1947 1446 2010 si
1510 1946 1763 2026 legendi
1831 1947 2019 2010 datur
2084 1945 2307 2010 otium}
2397 1945 2677 2009 Iterum.

373 2032 536 2110 vale,
583 2031 806 2095 doctor
848 2031 1106 2113 optime.

681 2131 806 2186 eod.
842 2131 977 2185 Frcf.
1011 2130 1131 2185 444.

507 2333 536 2361 α
562 2316 728 2371 Ninus
763 2317 949 2371 lesbar.
1023 2318 1129 2371 Der
1166 2318 1299 2372 Satx
1330 2318 1456 2384 fehlt
1493 2318 1578 2371 bei
1613 2318 1761 2373 stnx.

367 2405 456 2544 ἓέξῗ
489 2404 2639 2545 ἔξωΨῧῑὲῑῑκέἳὲῃἓέξέθῗξθὲεέιῗέἕῐέἓὲθὲἓζὲἒῆἕὲὶὦῖἶὲὲἓμηιωὲἓέέ

367 2543 778 2614 Regiomontans
812 2543 964 2597 nicht
997 2559 1066 2598 zu
1101 2542 1312 2598 Stando.
