3084 4895
424 319 509 404 80
1188 320 1361 391 Briefe
1399 353 1499 392 von
1542 339 1892 404 1505—1508.

433 509 662 581 (eotha.)
1496 515 1596 578 74.
2488 515 2683 587 (1507.)

1166 622 1457 692 Mutian
1502 645 1602 694 an
1645 625 1922 696 Urban.

958 732 1183 799 (Frende
1219 735 1335 786 und
1366 735 1525 788 Dank
1558 736 1652 804 fiir
1698 737 1905 790 Urbane
1949 737 2158 804 Gunst.)

1169 831 1247 882 Η.
1284 833 1541 882 Urbano
1577 833 1664 883 M.
1703 833 1923 884 Rufus·

616 923 700 985 .S.
766 923 1037 998 Urbane,
1088 925 1334 987 laetitia.
1372 949 1491 988 non
1530 928 1686 990 sinit
1732 951 1828 989 me
1871 928 2047 1010 plura
2094 927 2384 990 scribere.
2486 929 2678 1006 Agam

426 1008 585 1072 alias
640 1011 757 1072 tibi
828 1007 1083 1090 gratias.
1195 1009 1287 1074 Tu
1336 1035 1400 1073 es
1445 1021 1668 1075 auctor
1713 1021 1776 1076 et
1822 1015 1947 1077 dux
1998 1020 2250 1078 nostrae
2298 1013 2678 1091 dignitatis}

344 1176 347 1180 ι
429 1094 748 1178 Spalatini
814 1119 1065 1159 causam
1128 1099 1393 1178 suscipe.
1488 1099 1687 1164 Tot-us
1733 1101 1886 1162 ordo
1935 1102 2258 1162 doctorum
2308 1099 2527 1162 laudat.
2573 1120 2682 1180 pa—

424 1182 761 1245 trocinium
795 1186 995 1245 tuum.
1061 1183 1194 1263 Ego
1230 1206 1481 1248 manum
1518 1192 1581 1248 et
1615 1187 1896 1250 chartam
1929 1198 1955 1225 ¹²
1999 1187 2221 1249 habeO.
2271 1184 2684 1248 Testificabor

432 1268 738 1332 beneficia
787 1270 849 1330 in
898 1269 1167 1332 saecula.
1265 1270 1430 1348 Vale,
1478 1273 1667 1336 salve.

739 1369 861 1423 Cod.
899 1370 1031 1423 Frcf.
1068 1369 1150 1424 81.

430 1555 658 1626 motha.)
1494 1545 1592 1608 75.
2163 1560 2341 1628 (Ma-z,
2377 1576 2473 1613 vor
2511 1561 2679 1629 1508.)

1115 1675 1122 1684 '
1183 1664 1470 1733 Mutian
1517 1685 1613 1734 an
1662 1661 1941 1734 Urban.

422 1756 729 1847 ¹(Vorhaben
775 1781 915 1834 eines
966 1782 1219 1836 Besuehes
1270 1782 1332 1836 ἄη
1371 1784 1632 1838 Sehb'w'au.
1709 1784 1884 1837 Satira
1920 1784 2028 1850 auf
2054 1783 2238 1836 Morus
2273 1784 2388 1836 mul
2431 1783 2681 1850 Volscus.)

1172 1891 1253 1940 H.
1269 1891 1547 1940 =Urbano
1582 1891 1670 1940 M.
1707 1890 1928 1942 Rufus·

632 1989 696 2054 S.
789 1990 899 2053 His
963 1992 1196 2074 tepidis
1244 1997 1308 2056 et
1370 1993 1664 2056 insolatis
1731 1993 1955 2056 diebus
2019 1991 2346 2054 Mutianus
2415 1991 2678 2054 hiberno

427 2079 685 2158 torpens
745 2078 875 2140 otio
942 2080 1278 2142 constituit
1338 2081 1505 2142 inter
1569 2101 1788 2161 vepres
1833 2085 1897 2142 et
1941 2079 2133 2142 rubos
2179 2075 2486 2158 Belprati²
2536 2099 2676 2140 cum

428 2161 684 2226 Urbano
732 2186 846 2226 suo
894 2165 1318 2243 deambulare,
1366 2167 1486 2229 nisi
1536 2167 1705 2229 hunc
1750 2166 2126 2249 pertinentis
2157 2165 2234 2226 ad
2269 2187 2335 2226 se
2367 2164 2454 2226 rei
2490 2185 2680 2226 causa

427 2270 551 2311 non
601 2250 881 2331 patiatur
926 2251 1139 2331 egredi
1182 2253 1378 2316 Vallis
1424 2254 1748 2316 terminos
1842 2253 1957 2314 Est
2003 2251 2166 2313 enim
2217 2251 2443 2332 optimi
2487 2250 2678 2312 moris

426 2345 488 2398 et
534 2336 867 2417 praecipue
934 2338 1318 2401 eruditorum
1388 2340 1582 2400 animi
1649 2339 1934 2401 remissio
1996 2343 2058 2400 et
2113 2337 2462 2398 ambulatio
2534 2358 2673 2398 cum

429 2422 649 2503 puerili
686 2430 748 2485 et
779 2423 940 2487 festa
973 2425 1243 2506 quadam
1282 2425 1676 2489 exultatione
1713 2425 2077 2507 praesertim
2105 2423 2185 2487 ab
2216 2424 2619 2503 aequinoctio
2648 2423 2675 2461 ¹³

426 2530 636 2583 vern0,
683 2530 871 2589 quom
931 2512 1143 2573 anima
1188 2512 1343 2575 coeli
1392 2513 1449 2574 h.
1500 2536 1550 2575 e.
1600 2513 1848 2593 liquens
1894 2512 2268 2573 elementum
2323 2510 2568 2572 renidet
2613 2515 2677 2571 et

426 2596 669 2657 animat
730 2598 983 2676 singula
1042 2598 1218 2660 vitali
1272 2599 1517 2680 spiritu.
1610 2598 1770 2661 Nam
1818 2598 1938 2661 sub
1983 2598 2147 2659 idem
2197 2603 2448 2677 tempus
2496 2600 2675 2677 pater

424 2680 749 2744 hominum
807 2684 1193 2764 deorumque
1240 2684 1347 2747 Sol
1403 2684 1785 2766 spiraculum
1844 2685 2012 2747 vitae
2071 2683 2326 2763 largit-er
2387 2682 2672 2755 effundit,

425 2790 609 2830 verus
656 2770 853 2831 totius
886 2781 909 2807 ‘³
958 2771 1177 2831 mundi
1227 2774 1497 2845 animus,
1550 2772 1893 2853 principale
1962 2781 2224 2831 naturae
2275 2769 2551 2848 regimen
2599 2790 2674 2831 ac

422 2876 654 2916 numen
705 2856 879 2930 coeli,
928 2857 1253 2918 tristitiam
1288 2868 1312 2895 0
1360 2858 1707 2921 discutiens
1741 2865 1814 2919 et'
1837 2855 2056 2919 nubila
2091 2854 2317 2917 mentis
2365 2856 2675 2916 humanae

423 2962 738 3003 serenans.
854 2942 1035 3005 Nunc
1083 2943 1369 3005 diutinus
1414 2949 1633 3026 torpor
1680 2950 1742 3007 et
1791 2942 2126 3022 languidae
2173 2942 2405 3022 quietis
2452 2940 2674 3020 rubigo

423 3028 729 3106 tergenda
761 3032 874 3089 est.
948 3028 1128 3091 Sicut
1172 3030 1335 3091 enim
1380 3030 1754 3111 „ignavum“
1798 3035 1891 3104 (ut
1927 3029 2138 3109 inquit.
2169 3027 2458 3102 Ovidius)
2499 3048 2671 3107 „cor-

422 3120 727 3194 rumpunt
772 3115 903 3175 otia
950 3114 1266 3195 corpus“,³
1315 3117 1403 3178 ita
1451 3125 1672 3180 contra
1705 3116 2014 3178 subdialis
2045 3136 2211 3175 error
2251 3119 2573 3175 veternum
2610 3120 2673 3174 et

426 3200 704 3261 desidiae
750 3200 1171 3263 tabitudinem
1224 3203 1577 3280 submovet,
1628 3210 1692 3264 et
1734 3209 1901 3264 recte
1947 3202 2143 3262 sentit
2190 3199 2382 3261 Silius
2413 3199 2671 3261 Italicus

424 3286 515 3347 sic
561 3286 874 3348 scribens:
957 3288 1356 3368 „blandoque
1432 3311 1674 3353 veneno
1743 3289 2033 3352 Desidiae
2099 3289 2296 3348 virtus
2362 3284 2667 3367 paulatim

426 3373 630 3434 evicta
676 3372 1041 3435 senescit.““
1133 3375 1265 3437 Hac
1310 3377 1630 3438 sententia
1662 3376 1791 3437 tuis
1826 3374 2155 3437 desidiosis
2188 3373 2285 3435 dei
2321 3372 2670 3435 cultoribus

426 3467 489 3521 et
536 3458 687 3520 mihi
722 3460 1048 3522 consulere
1082 3461 1345 3537 videtur,
1396 3466 1466 3523 ut
1499 3465 1782 3525 incessus
1816 3462 2293 3543 opportunitate
2323 3459 2350 3495 ‘¹
2383 3458 2674 3521 sedenta-

423 3546 577 3607 riam
650 3546 966 3624 ignaviam
1040 3547 1472 3610 discutiamus
1592 3548 1685 3610 Ex
1731 3570 1856 3629 qua
1903 3547 2092 3609 robur
2161 3546 2424 3627 corpori,
2498 3545 2675 3624 vigor

427 3632 683 3711 ingenio
729 3632 1027 3695 redditur.
1120 3632 1378 3696 Scribas
1439 3636 1652 3715 igitur,
1713 3656 1838 3714 quo
1887 3635 1984 3696 die
2047 3654 2268 3694 vacare
2341 3632 2512 3693 velis,
2607 3632 2672 3692 ld

424 3719 865 3797 requirendum
919 3721 1273 3782 necessario
1322 3720 1461 3782 fuit..
1553 3721 1736 3795 Nam,
1785 3726 1858 3783 ut
1923 3742 1988 3781 es
2035 3719 2304 3797 diligens
2377 3718 2674 3797 magister

426 3805 760 3878 redituum,
822 3806 1011 3867 officii
1076 3807 1167 3868 tui
1215 3808 1433 3869 munia
1480 3808 1833 3887 diligenter,
1882 3804 2100 3867 sedulo
2147 3806 2508 3885 exsequeris
2542 3815 2566 3842 0
2611 3810 2674 3865 et.

425 3892 897 3971 procurationes
950 3892 1067 3954 tibi
1126 3893 1396 3955 creditas
1456 3895 1702 3956 cunctis
1759 3894 2098 3955 amicorum
2175 3892 2421 3951 solatiis
2490 3897 2670 3951 ante-

560 4040 586 4067 a
614 3997 864 4104 cart—hain.
974 4031 999 4069 b
1029 4028 1217 4095 equino
1258 4070 1267 4081 .
1310 4071 1319 4082 .
1363 4070 1372 4081 .
1412 4027 1640 4093 (Lic'clce.)
1749 4042 1772 4067 ο
1803 4026 1849 4078 ci
1885 4031 1947 4077 st.
1986 4026 2040 4080 ti.
2149 4028 2174 4067 d
2205 4025 2566 4093 opmtunitatc.

422 4112 445 4139 e
473 4112 817 4217 exeplffiiltsian
860 4166 1001 4217 hatte-
1040 4166 1202 4217 durch
1243 4166 1450 4217 Urbans
1486 4164 1813 4242 Fiirspraclie
1851 4165 1966 4242 eine
2004 4164 2232 4236 Pfrtinde
2270 4164 2360 4215 des
2395 4163 2674 4239 ‚Geor-genj

424 4234 594 4287 thaler
641 4234 875 4286 Klosters
925 4234 1173 4286 erhalteu.
1255 4234 1358 4286 Um
1412 4234 1641 4285 dieselbe
1693 4234 1806 4285 Ze1t
1854 4232 2042 4285 erhielt
2084 4232 2317 4299 Spalatin
2355 4233 2438 4283 die
2476 4232 2670 4283 Pfarrci

425 4303 843 4356 Hohenkirchen.
918 4304 1002 4355 ΒΓ.
1042 4304 1121 4356 56.
1160 4303 1239 4357 58.
1281 4305 1359 4356 76.
1573 4305 1592 4333 2
1628 4302 1885 4356 SchonaU.
1957 4302 2042 4354 Br.
2083 4302 2149 4352 ‘24
2184 4303 2216 4353 f.
2419 4302 2438 4331 ³
2475 4301 2564 4367 Ep.
2607 4315 2670 4350 ex

422 4374 569 4426 Pont.
609 4374 649 4437 I,
686 4374 765 4425 55.
910 4375 929 4403 ⁴
964 4372 1059 4437 III,
1097 4372 1202 4424 580
1238 4388 1312 4438 sq.
