3084 4895
832 437 1045 503 Μαί-,1811
1080 465 1149 503 an
1185 436 1444 504 Hei-bord.
1517 447 1729 503 Mutian
1766 465 1834 503 an
1871 439 2069 504 Urban.
2449 445 2575 516 387

337 629 405 690 et
447 619 780 690 nobiscum
826 628 892 688 te
937 623 1089 688 colit
1133 628 1198 688 et
1241 627 1414 689 amat
1449 624 1757 706 juventus
1799 625 2078 689 literaria
2129 625 2331 688 totius
2386 623 2576 706 hujus

324 713 662 794 gymnasii,
736 712 928 776 etiam
998 711 1202 774 invito
1270 709 1516 792 Sergio¹
1580 716 1645 775 et
1702 710 1969 776 Baccho.
2061 710 2226 774 Vale.
2316 709 2414 773 Ex
2466 709 2578 775 Er-

323 799 617 882 phurdia.
706 797 925 861 Natali
967 795 1346 878 Vergiliano
2020 821 2030 824 ·

631 898 752 952 Οοᾶ..
789 896 927 951 Frcf.
969 896 1083 951 162.

321 1067 556 1138 (coum)
1379 1050 1504 1114 316
2152 1067 2230 1120 15.
2270 1064 2386 1120 okt.
2427 1067 2575 1120 1513.

1033 1176 1324 1250 Mutian
1368 1198 1465 1248 an
1509 1177 1879 1248 Herbord.

325 1306 454 1374 (Die
507 1305 760 1373 Erfurter
813 1306 1002 1360 Schule
1053 1309 1244 1378 spaltet
1297 1307 1415 1360 sich.
1471 1309 1534 1360 m
1593 1306 2011 1360 Arnobardisten
2060 1308 2176 1360 und
2234 1307 2579 1376 Oapnobaten.

322 1375 567 1429 Harbord
599 1375 682 1428 als
727 1375 999 1444 Oapno'bat
1031 1378 1132 1430 soll
1165 1394 1242 1431 an
1276 1377 1539 1430 Reuchlin
1572 1377 1851 1440 schreiben,
1888 1377 2013 1429 dass
2047 1376 2131 1429 ᾰκίε
2162 1376 2403 1430 Juristm
2433 1377 2581 1435 nieht

906 1446 1011 1498 mit
1044 1447 1143 1500 den
1181 1447 1458 1513 Theoloqen
1487 1446 1756 1514 yest‘c'm‘mt
1788 1445 1990 1513 haben.)

569 1558 674 1609 Ad
699 1558 1303 1621 jurisperitissimum
1339 1560 1772 1611 Herebordum
1807 1557 1919 1612 M!
1953 1557 2061 1624 (M.
2096 1556 2340 1627 Rufus).

535 1667 599 1736 S.
689 1670 1093 1737 Periclitatur
1137 1674 1380 1738 amicus
1424 1677 1642 1736 noster
1695 1671 1897 1736 Janus
1950 1671 2283 1752 Reuchlin,
2337 1672 2481 1736 non'
2510 1672 2576 1734 in

324 1755 638 1835 doctrina,
687 1779 816 1841 qua
843 1760 1002 1823 satis
1034 1761 1314 1842 undique
1345 1759 1633 1826 munitus
1666 1763 1783 1837 est,
1818 1759 1925 1822 sed
1958 1759 2025 1822 in
2056 1758 2578 1823 altercationibus

323 1842 930 1910 Arnobardistarum
957 1843 1001 1926 3³
1045 1847 1139 1910 ita
1166 1847 1327 1911 libet
1370 1846 1687 1927 appellare
1733 1844 2105 1910 Colonarios
2150 1845 2470 1929 sophistas
2501 1845 2579 1909 de

325 1927 506 1994 faece
553 1929 935 2009 haurienteS‚
985 1933 1154 2014 quod
1204 1933 1426 1996 ducem
1475 1932 1757 2000 habeant
1802 1932 2065 1996 bardum
2098 1954 2352 2015 agnum,
2388 1931 2576 2016 vulgo
2674 1963 2679 1969 ·

323 2014 696 2082 Arnoldum.
787 2017 904 2081 Est
971 2019 1136 2083 enim
1205 2018 1667 2087 Arnobardista
1726 2037 1827 2095 ton
1872 2017 2161 2098 sthufsnnt.
2256 2017 2581 2081 Scinditur

321 2101 390 2164 in
443 2107 654 2182 partes
699 2103 852 2168 ordo
899 2104 1235 2168 liter-arius
1325 2103 1541 2186 Aliqui
1584 2102 1819 2181 bardiS‚
1850 2102 2052 2184 aliqui
2083 2103 2301 2168 favent
2332 2103 2579 2187 Capno-

324 2187 548 2252 batis!
634 2188 727 2252 Tu
781 2191 836 2252 si
879 2190 1142 2272 gloriam
1178 2212 1372 2267 amaa,
1407 2191 1599 2254 sicuti
1631 2211 1807 2254 amas
1842 2189 2015 2271 (novi
2045 2189 2211 2254 enim
2244 2195 2307 2254 te
2340 2187 2579 2272 probe),

327 2271 708 2356 Capnobata
768 2277 874 2353 sie,
943 2298 1069 2340 non
1119 2277 1596 2340 Arnobardista.
1687 2275 1944 2339 Scribas
2011 2275 2366 2354 confestim,
2433 2277 2582 2358 quia

322 2359 734 2426 tabellarium
824 2361 1063 2426 habent
1151 2362 1407 2427 Crotus⁵
1483 2368 1547 2426 et
1623 2362 1917 2426 Urbanus
1990 2367 2245 2428 nostrae
2320 2361 2583 2426 deliciae

325 2468 718 2513 communes.
807 2447 1062 2513 Excusa
1106 2454 1282 2514 tuam
1332 2449 1675 2528 cohortem,
1734 2453 1797 2513 et
1851 2449 2020 2531 quod
2080 2471 2209 2513 non
2264 2450 2583 2535 subscrip-

324 2533 529 2597 serint
598 2535 1020 2616 theologistiS,
1079 2534 1288 2600 refer.⁶
1377 2535 1493 2599 Dic
1563 2540 1629 2599 te
1694 2556 1901 2613 nosse,
1971 2541 2251 2617 quantus
2317 2536 2415 2599 vir
2476 2536 2579 2599 sit.

326 2618 504 2684 Offer
576 2626 752 2686 tuam
821 2622 1122 2703 pietatem
1189 2626 1254 2685 et
1318 2621 1617 2686 officium.
1730 2620 1877 2686 Scio
1952 2621 2375 2704 respondebit.
2483 2622 2583 2687 Ita

325 2704 656 2771 officiosus
723 2712 786 2771 et
854 2706 1172 2772 humanus
1240 2713 1336 2772 est
1400 2706 1593 2772 homo
1656 2707 1939 2771 Joannes
1984 2706 2313 2773 Reuchlin.
2406 2708 2579 2773 Haec

331 2793 486 2855 boni
531 2793 793 2863 consule
837 2816 1065 2876 meque
1109 2795 1300 2877 dilige
1347 2794 1592 2868 saltem,
1642 2796 1697 2857 si
1740 2815 1949 2857 amare
1994 2799 2246 2863 tantum
2293 2794 2581 2859 dominas

327 2877 516 2941 soles,
604 2879 836 2943 Audivi
905 2880 1148 2962 aliquid
1209 2882 1286 2943 de
1351 2878 1637 2962 sponsa.⁷
1728 2878 1893 2943 Cave
1960 2879 2175 2945 futuas
2234 2881 2299 2944 in
2364 2880 2579 2945 matri-

325 2965 561 3028 monio.
655 2965 1008 3030 Contentus
1064 2967 1150 3030 sis
1219 2966 1537 3029 fututione
1599 2966 2115 3030 extraordinaria.
2209 2966 2455 3031 Cursim
2501 2967 2580 3030 ad

327 3071 536 3113 meum
603 3056 667 3115 et
723 3051 984 3133 Vergilii
1046 3048 1373 3117 natalem.⁸
1462 3051 1648 3115 Anno
1714 3046 2187 3135 supputationis
2250 3052 2582 3135 religiosae

329 3135 618 3201 MDXIII.

640 3237 767 3293 cod.
803 3238 935 3293 Frof.
976 3238 1090 3295 125.

332 3408 564 3479 (Gotha.)
1381 3395 1524 3461 317.
1862 3368 1865 3373 ¹
2173 3408 2220 3461 2.
2256 3408 2391 3462 Nov.
2432 3410 2579 3463 1513.

1076 3503 1363 3575 Mutian
1413 3526 1512 3575 an
1558 3503 1835 3575 Urban.

335 3614 634 3681 (Schalbus’
681 3615 952 3679 Gesekenk,
990 3616 1081 3669 ein
1125 3616 1279 3670 Werk
1309 3618 1397 3669 des
1433 3618 1716 3680 Erasmus,
1756 3618 1848 3670 hat
1884 3616 1981 3668 ‘Ilm
2010 3614 2224 3683 yefreut.
2294 3615 2582 3669 Beuehlins

379 3684 548 3737 Sacke
580 3684 712 3738 steht
739 3688 971 3753 yumtiy.
1055 3685 1182 3739 Was
1226 3686 1517 3755 Campeyus
1552 3704 1653 3739 von
1686 3687 1777 3739 der
1810 3685 1977 3739 Messe
2008 3684 2349 3754 mityebraelet
2381 3686 2474 3738 hat
2482 3686 2527 3754 ἓ)

412 3782 669 3834 Urbano
703 3784 937 3843 nostro,
972 3783 1108 3833 viro
1144 3785 1378 3845 optimo
1414 3787 1478 3835 et
1511 3785 1813 3846 imprimis
1849 3783 2078 3834 diserto
2117 3779 2226 3850 (M.
2260 3780 2505 3851 Rufus).

542 3875 606 3941 S.
695 3875 837 3941 Non
899 3880 1029 3941 tam
1091 3877 1227 3941 heri
1288 3878 1489 3945 festus
1557 3879 1714 3943 mihi
1779 3880 2033 3943 deorum
2101 3878 2383 3941 omnium
2448 3879 2583 3943 dies

475 4012 492 4043 ¹
527 4011 738 4079 Sergius
792 4028 900 4065 war
955 4014 1047 4065 der
1098 4013 1229 4066 Tite-l
1283 4014 1426 4067 einer
1478 4014 1733 4069 Komodic
1807 4011 2107 4066 ReuchlinS.
2201 4011 2301 4065 Ein
2372 4012 2583 4065 frccher

335 4079 650 4143 Schwiitzer‚
707 4081 792 4133 ein
843 4081 1182 4147 entlaufencr‚
1236 4084 1573 4152 abtriinniger
1618 4084 1825 4149 Μό11011,
1875 4083 1967 4134 der
2002 4080 2078 4134 als
2114 4080 2584 4134 Muhammedaner

339 4166 405 4203 zu
437 4148 618 4203 Macht
653 4150 802 4218 golan
883 4152 979 4203 'die
1014 4150 1292 4205 Frommcn
1328 4154 1567 4220 verfolgt,
1604 4154 1688 4205 die
1724 4152 2054 4205 Schlemmor
2088 4149 2228 4203 liobt.
2286 4148 2414 4202 Hier
2430 4150 2581 4203 nebst

338 4217 583 4271 Bacchus
636 4220 751 4271 eine
851 4220 1230 4275 ersonifikation
1286 4222 1378 4273 der
1429 4222 1905 4274 Rcuchlinsfoindo⁰
2005 4284 2009 4291 ι
2067 4221 2086 4251 ²
2122 4240 2188 4256 -ἠ
2224 4218 2579 4287 Margaritum.

342 4288 362 4318 ³
394 4287 680 4355 Wortspicl
728 4289 830 4340 mit
881 4288 1031 4351 «ἰρνοέ
1079 4290 1186 4341 un‘d
1236 4290 1426 4343 bardus
1474 4292 1566 4343 auf
1610 4290 1803 4343 Arnold
1862 4306 1960 4341 von
2014 4289 2265 4353 Tungern.
2406 4290 2428 4319 ⁴
2462 4288 2578 4356 Vgl.

340 4356 618 4413 denselbcn
677 4358 949 4409 Ausdruck
1002 4358 1056 4409 in
1109 4358 1194 4411 ΒΓ.
1252 4360 1366 4411 315.
1508 4364 1528 4391 ⁵
1563 4360 1826 4412 Hiernach
1883 4359 2086 4410 scheint
2143 4360 2327 4409 Crotus
2382 4357 2583 4410 damals

343 4440 439 4477 von
495 4424 664 4478 Fulda
721 4427 810 4478 aus
857 4430 1016 4479 kurze
1069 4428 1181 4480 Zeit
1234 4428 1366 4479 nach
1416 4428 1593 4481 Erfurt
1642 4430 1949 4495 gokommcn
2006 4444 2072 4477 zu
2124 4427 2251 4477 scin.
2328 4425 2442 4493 Vgl.
2494 4426 2579 4479 Br.

341 4494 454 4549 314.
596 4496 618 4527 θ
654 4493 769 4563 vgl.
818 4512 925 4549 vor.
963 4494 1048 4548 ΒΓ.
1193 4498 1211 4529 ⁷
1251 4497 1370 4565 Vgl.
1408 4496 1492 4549 Br.
1532 4499 1645 4549 294.
1788 4498 1809 4528 ⁸
1843 4496 2070 4628 Einzigc2
2077 4494 2277 4629 5820110,
2324 4494 2407 4547 die
2453 4496 2585 4547 iiber
