3084 4895
1260 405 1469 460 Mutian
1509 421 1576 458 an
1614 403 1812 457 Urban.
2572 399 2658 462 43

403 607 596 670 nymo
643 584 886 648 scribae
933 583 1140 646 ducali
1184 580 1483 645 indultas.
1579 578 1700 640 Alii
1744 575 2129 658 praefectum
2178 575 2435 638 castello
2476 573 2649 672 Wal-

407 672 737 745 tershusen
807 671 1176 752 impetrasse
1242 667 1372 730 filio
1433 669 1711 728 narrant.
1818 662 2171 743 Utcunque,
2234 683 2348 724 nos
2393 661 2543 724 laeti
2592 663 2654 724 et

403 760 570 825 salvi
617 779 851 822 sumus
941 755 1090 818 Vale
1137 776 1275 818 curn
1327 751 1837 814 mansuetissimo
1884 748 2134 812 abbate.

715 858 836 912 Cod.
873 855 1007 910 Frcf.
1045 855 1128 909 40.

412 1045 642 1121 (Gotha.)
753 1099 764 1109 ,
1475 1029 1575 1094 36.
2290 1041 2445 1111 (Nov.
2488 1038 2660 1108 1505.)

1166 1176 1456 1250 Mutian
1502 1196 1598 1243 an
1641 1174 1919 1244 Urban.

530 1327 953 1396 (Aufforderuny
987 1342 1062 1376 an
1106 1323 1289 1376 Urban
1323 1323 1439 1375 und
1473 1323 1725 1390 Spalatz'n
1758 1321 1871 1373 sich
1902 1317 2212 1388 yeqenseitv'y
2247 1333 2559 1384 anxureyen.

841 1393 1049 1448 Urbans
1095 1392 1642 1461 Weihnacktsprediyl.
1714 1389 1892 1456 Briefe
1926 1406 2001 1442 an
2036 1387 2241 1454 Aldus.)

487 1530 571 1580 Η.
608 1529 863 1579 Urbano
899 1539 1232 1578 oeconomo
1268 1525 1797 1577 luculentissimae
1830 1522 2100 1574 familiae
2138 1520 2267 1570 divi
2300 1516 2607 1570 Bernardi

1368 1614 1457 1664 M.
1491 1612 1714 1665 Rufus-

623 1734 686 1798 S.
777 1735 964 1799 Modo
1027 1736 1152 1817 legi
1205 1740 1380 1799 tuam
1444 1736 1794 1818 epistolam.
1903 1735 2109 1800 Salem
2172 1738 2235 1798 et
2280 1733 2550 1815 leporem
2600 1729 2661 1794 in

417 1845 490 1884 ea
537 1822 813 1903 suspicio
843 1834 870 1861 ὃ
903 1823 1060 1902 citra
1091 1845 1293 1887 rerum
1342 1823 1665 1886 lasciviam
1716 1829 1777 1885 et
1822 1822 2053 1886 faecem
2109 1821 2458 1885 verborum.
2552 1819 2667 1883 Or-

419 1908 640 1971 dinata
685 1913 856 1986 sunt,
904 1930 1028 1971 non
1066 1909 1346 1984 confusa,
1383 1932 1544 1991 quae
1577 1910 1817 1973 scribis.
1908 1911 2067 1974 Nam
2108 1909 2325 1972 abdita
2358 1913 2421 1970 et
2450 1911 2669 1989 operta

417 1995 514 2058 tui
559 1996 832 2076 pectoris
889 1996 1295 2059 urbanissimi
1357 1997 1716 2059 narratione
1780 1996 2145 2060 doctissima
2192 1995 2431 2076 detegis
2466 1996 2668 2074 'atque

420 2081 513 2144 ita.
559 2081 819 2144 comiter
863 2083 1103 2164 gratias
1148 2084 1286 2164 agis
1332 2089 1398 2145 et
1445 2083 1710 2146 Venetas
1758 2105 1993 2146 merces
2040 2083 2102 2144 in
2152 2082 2510 2146 memoriam
2580 2101 2673 2142 re-

417 2167 600 2232 ducis
647 2167 822 2245 mihi,
869 2175 941 2231 ut
975 2169 1280 2233 bonorum
1315 2170 1790 2234 amantissimus
1836 2174 1900 2233 et
1940 2169 2209 2233 Mutiani
2258 2166 2353 2230 vel
2404 2167 2671 2230 eximius

417 2255 662 2318 amicus
707 2278 844 2318 esse
892 2255 1157 2334 videare,
1207 2257 1371 2322 sicut
1417 2279 1499 2318 eS.
1580 2256 1757 2333 Quod
1809 2263 2019 2320 autem
2070 2255 2404 2320 Sermones
2443 2253 2671 2317 Leonis

418 2343 481 2404 in
532 2342 826 2405 manibus
890 2341 1104 2417 habeS‚
1167 2349 1262 2407 est
1324 2343 1477 2406 mihi
1541 2365 1920 2425 permagnae
1989 2342 2317 2425 voluptati.
2432 2341 2670 2404 Doctus

420 2426 524 2493 ille
571 2427 857 2509 pontifex
908 2428 1030 2493 fuit
1076 2435 1140 2493 et
1185 2430 1438 2512 scripsit
1495 2452 1727 2511 magna
1784 2454 1949 2507 cura,
2014 2435 2085 2493 ut
2128 2429 2378 2513 pondus
2424 2433 2487 2493 et
2530 2450 2674 2510 gra-

417 2516 681 2578 vitatem
751 2538 1056 2599 nequeam
1117 2519 1273 2581 satis
1333 2517 1648 2587 admirari.
1756 2518 1992 2582 Beatus
2052 2540 2118 2581 es
2164 2521 2227 2580 et
2271 2516 2439 2590 felix,
2503 2515 2671 2597 quod

416 2602 616 2665 otium
649 2604 678 2641 b
731 2607 794 2666 et
825 2603 1198 2668 indust-riam
1243 2609 1417 2667 tuam
1460 2604 1538 2667 ad
1572 2608 1743 2669 recta
1776 2605 1989 2668 studia
2020 2603 2365 2668 contulisti.
2455 2602 2671 2667 Nunc-

423 2711 502 2751 ne
533 2700 558 2729 0
603 2690 822 2760 sentis,
888 2697 1129 2772 quanta
1175 2691 1260 2753 sit
1309 2692 1469 2753 inter
1514 2695 1799 2755 recentes
1845 2696 1909 2755 et
1955 2692 2192 2773 priscos
2237 2690 2380 2754 illos
2425 2689 2674 2754 latinis-

419 2775 614 2839 simos
647 2776 978 2857 theologos
1013 2777 1368 2841 distantia?
1397 2779 1426 2817 b
1481 2776 1791 2842 Exacuite
1836 2800 1947 2842 vos
1981 2778 2267 2855 invicem,
2314 2782 2385 2841 tu
2419 2781 2480 2841 et
2515 2776 2672 2858 Spa-

417 2862 678 2941 latinus,
748 2864 986 2927 mutuis
1033 2863 1589 2928 exhortationibus
1616 2866 1661 2927 ¹³.
1755 2866 1918 2929 Nam
1980 2865 2237 2928 omnino
2301 2886 2508 2928 rarum
2558 2868 2673 2940 est,

419 2949 592 3029 quod
638 2949 792 3013 mihi
841 2951 915 3013 de
950 2951 1130 3013 vobis
1181 2951 1494 3031 polliceor.
1588 2952 1678 3015 Ea
1710 2953 1904 3029 scitiS,
1955 2973 2117 3033 quae
2149 2950 2330 3015 multi
2363 2951 2674 3014 nesciunt.

420 3035 688 3099 Valeant
733 3035 992 3117 gloriosi
1039 3059 1180 3100 cum
1227 3038 1417 3119 nugis
1465 3042 1527 3101 et
1559 3038 1589 3077 ἃ
1634 3038 2121 3101 ostentamentis
2168 3038 2317 3100 suis,
2409 3037 2533 3101 Vos
2574 3060 2675 3101 sa-

420 3122 573 3204 pitis
620 3123 802 3205 pleno
853 3131 1120 3205 pectore.
1211 3123 1334 3186 Vos
1380 3125 1592 3187 laurea
1640 3124 1835 3205 digni,
1882 3129 1947 3187 et
1994 3125 2045 3187 si
2078 3125 2236 3189 tales
2272 3124 2461 3188 duces
2498 3123 2677 3205 sequi

422 3230 546 3271 non
611 3209 960 3284 cessabitiS,
1024 3210 1150 3292 jam
1219 3212 1530 3273 vaticinor
1587 3212 1766 3275 vobis
1815 3234 1925 3275 vos
1969 3212 2512 3275 immortalitatem
2557 3210 2679 3273 Le-

421 3296 560 3358 onis
607 3300 669 3359 et
713 3296 1133 3379 Hieronymie
1203 3303 1669 3360 consecuturos.
1783 3299 1944 3374 Quin
2016 3302 2078 3361 et
2148 3302 2538 3379 praesentem
2601 3320 2679 3360 ex

423 3382 652 3445 studiis
699 3383 962 3463 gloriam
1001 3384 1428 3465 reportabitis
1521 3384 1724 3446 Lucro
1760 3386 2062 3448 studeant
2098 3383 2352 3447 vulturii
2386 3389 2448 3448 et
2479 3384 2679 3465 inepti

422 3468 726 3531 homines
821 3470 1024 3532 Dicite
1096 3492 1238 3533 vos:
1323 3470 1719 3551 „Dominusf
1775 3471 1975 3552 pascit
2036 3493 2132 3533 me
2198 3475 2261 3533 et
2317 3470 2474 3533 nihil
2522 3469 2679 3536 mihi

422 3554 710 3617 deerit.“¹
806 3555 1022 3619 Sermo
1069 3560 1238 3630 tuuS,
1309 3556 1458 3639 quia
1520 3554 1845 3619 Leonem²
1912 3556 2128 3632 habeS,
2200 3556 2422 3619 confici
2470 3561 2680 3639 potest

421 3642 558 3703 sine
601 3664 740 3704 mea
800 3642 984 3720 lima;
1054 3648 1117 3705 et
1172 3643 1291 3705 hoc
1363 3642 1607 3718 meliuS,
1676 3649 1747 3706 ut
1806 3644 1939 3723 ipse
1999 3643 2115 3705 tibi
2180 3644 2570 3725 praescribas
2617 3648 2680 3706 et

420 3748 706 3809 pressum
755 3728 931 3792 illum
979 3728 1198 3791 stilum
1251 3730 1534 3792 imiteris.
1628 3729 1786 3791 Nam
1823 3730 2111 3809 vulgares
2156 3731 2316 3792 istae
2352 3731 2680 3793 contiones

421 3813 496 3875 de
544 3814 742 3877 natali
808 3813 1168 3878 Christiano
1231 3828 1418 3878 notae
1480 3820 1631 3877 sunt
1690 3824 1751 3878 et
1798 3818 2117 3898 protritae.
2212 3816 2396 3879 Solus
2442 3818 2568 3881 Leo
2616 3817 2680 3879 in

421 3899 691 3963 obscuro
760 3902 966 3977 latuit,
1025 3902 1227 3983 jacuit
1288 3902 1547 3981 ignotus
1605 3900 1935 3965 Germanis
1992 3902 2375 3965 doctoribus.
2470 3902 2680 3984 Scrip-

423 3990 604 4049 turus
651 4010 800 4069 ergo
847 4009 1036 4061 eram,
1099 3987 1206 4051 sed
1255 3990 1404 4050 tuus
1452 3991 1719 4051 conatus
1768 3989 1968 4069 magis
2014 3989 2240 4070 placet,
2308 3990 2677 4071 praesertim

426 4074 595 4154 quod
649 4072 1050 4155 Spalatinuni
1098 4074 1354 4136 habeas.
1448 4073 1586 4137 Non
1638 4077 1928 4155 putaram
1980 4076 2301 4138 effluxisse
2350 4078 2683 4158 spa†iumb

421 4160 686 4221 duarum
737 4160 1222 4223 hebdomadum.
1317 4160 1567 4223 Mittam
1601 4182 1719 4241 ego
1754 4184 1891 4223 cras
1923 4161 1998 4223 ad
2036 4168 2098 4223 te
2130 4161 2345 4225 literas
2379 4162 2680 4245 apertaS,³

416 4274 512 4280 -μ-
522 4275 531 4278 -
561 4274 829 4281 *ης-*-

559 4327 586 4354 a
618 4313 853 4380 suspitio.
927 4318 954 4354 b
983 4314 1032 4365 ci
1067 4318 1128 4364 st.
1165 4313 1221 4364 ti.
1295 4327 1318 4353 ο
1346 4328 1483 4364 nunc
1521 4329 1602 4365 nc.
1676 4316 1705 4354 d
1734 4315 1828 4366 est.
1892 4326 1915 4354 0
1942 4312 2247 4367 Hieronimi.
2316 4319 2338 4356 f
2363 4316 2507 4369 Deus
2533 4316 2677 4368 Tem.

562 4384 580 4414 ¹
620 4381 706 4437 Ps.
749 4382 832 4447 23,
873 4384 916 4435 1.
1057 4383 1076 4413 ‘²
1115 4381 1214 4434 Die
1258 4381 1536 4435 Sermones
1584 4382 1689 4435 Leo
1739 4384 1830 4436 des
1879 4382 2118 4437 Grossen.
2263 4385 2283 4415 ³
2317 4374 2433 4453 Vgl.
2488 4385 2573 4438 Br.
2614 4386 2678 4441 23

408 4449 660 4511 Sohluss.
745 4452 919 4506 Weist
952 4452 1136 4506 darauf
1165 4450 1274 4515 hin,
1313 4451 1434 4505 dass
1468 4450 1537 4505 M.
1578 4468 1700 4505 zum
1736 4452 1955 4507 zweiten
1993 4452 2131 4508 Male
2168 4453 2390 4508 schrieb.
