3084 4895
827 413 1012 489 'Urban
1049 449 1119 486 an
1155 417 1476 486 Hartmann.
1551 420 1757 483 Mutiau
1796 442 1864 481 an
1901 422 2158 486 Herbord.
2490 431 2615 496 303

367 610 622 670 tuorum
691 606 851 669 bene
927 604 1183 683 credita,
1260 605 1498 668 nullam
1573 602 1863 666 bellicam
1937 602 2326 681 vastitatem,
2403 602 2610 666 nullos

370 691 635 755 hostiles
708 692 1018 767 incursae,
1097 690 1334 754 nullam
1409 689 1683 771 denique
1757 689 2114 753 molestiam
2187 691 2253 753 te
2327 688 2615 771 praeside

370 800 652 853 sensura,
698 777 808 840 sed
853 780 1226 859 perpetuum
1272 776 1597 839 felicitatis
1641 779 1926 838 tenorem
1970 778 2297 837 retentura
2338 778 2614 855 putatur.

370 864 788 940 Quamobrem
837 863 950 925 tibi
997 862 1296 941 gratulor,
1353 861 1622 924 illustris
1653 862 1943 943 princeps
1977 864 2041 923 et
2072 861 2322 924 domine
2355 861 2618 924 summis

373 950 562 1030 digne
611 949 868 1013 laudum
915 947 1288 1030 praeconiiS‚
1336 948 1504 1030 quod
1577 948 1910 1009 monastici
1980 946 2254 1009 nominis
2320 947 2619 1029 amplitu-

372 1036 578 1098 dinem
631 1035 709 1097 ad
755 1038 1008 1098 tantum
1056 1032 1314 1096 honoris
1362 1032 1687 1113 fastigium
1737 1032 2081 1096 subvectus
2114 1036 2177 1094 et
2206 1033 2368 1095 tueri
2416 1033 2620 1115 possis

371 1126 437 1184 et
468 1122 684 1201 augeri
730 1119 904 1183 velis,
998 1119 1298 1182 Gratulor
1329 1125 1394 1181 et
1425 1118 1658 1181 scholis
1692 1118 2078 1181 eruditorum
2116 1118 2219 1199 (de
2248 1117 2349 1181 his
2379 1118 2620 1199 loquor,

373 1209 482 1287 qui
555 1209 706 1269 sunt
774 1205 1138 1285 eloquentia
1205 1204 1581 1277 nitidiores),
1651 1204 1762 1286 qui
1830 1226 2050 1267 omnes
2094 1207 2159 1267 te
2204 1207 2493 1286 patrone,
2559 1210 2623 1267 te

371 1291 737 1356 Maecenate
804 1292 1005 1354 bonas
1079 1290 1294 1354 literas
1361 1290 1654 1353 alacriter
1698 1312 1736 1352 a
1781 1290 1909 1353 situ
1976 1290 2282 1371 recipient
2350 1294 2414 1353 et
2480 1310 2621 1352 cum

374 1377 662 1441 barbaris
709 1382 820 1441 tuo
863 1375 1006 1439 freti
1040 1377 1353 1459 praesidio
1387 1375 1800 1439 dimicabunt.
1878 1376 2113 1439 Ductor
2146 1375 2309 1438 enim
2344 1374 2623 1437 cohortis

381 1464 695 1527 literariae
753 1463 1078 1525 Mutianus
1132 1483 1260 1524 non
1318 1462 1551 1525 desinit
1596 1482 1711 1524 nos
1757 1460 1989 1525 milites
2036 1482 2183 1524 suos
2230 1461 2487 1537 hortari,
2550 1464 2623 1524 ut

380 1572 718 1631 sequamur
781 1552 1072 1611 auctores
1115 1547 1578 1611 illustrissimos
1623 1552 1812 1629 teque
1857 1548 2045 1611 sortis
2092 1548 2627 1610 eminentissimae

385 1636 710 1699 custodem
757 1638 820 1698 et
864 1638 1370 1697 conservatorem
1418 1637 1704 1696 nostrum
1738 1632 2085 1696 salutemus
2130 1637 2195 1695 et
2242 1655 2623 1697 veneremur.

379 1721 577 1803 quue
622 1743 764 1784 cum
811 1719 968 1783 alias
1013 1723 1146 1782 tum
1197 1741 1395 1801 nuper
1441 1719 1717 1781 carmine
1778 1719 1981 1798 nobiS,
2040 1718 2209 1801 quod
2252 1722 2317 1781 te
2362 1719 2623 1799 dignum

381 1812 496 1884 est,
542 1806 872 1888 persuasit.
969 1804 1134 1882 Vale,
1182 1805 1372 1869 decus
1418 1803 1765 1867 literarum.
2319 1819 2324 1825 ·

687 1906 808 1960 Cod.
846 1905 976 1959 Frcf.
1020 1905 1132 1959 191.

389 2094 615 2163 (Gotha.)
1427 2078 1571 2143 246.
2170 2092 2251 2145 22.
2288 2092 2392 2145 Mai
2432 2092 2628 2162 (1513).

1079 2203 1368 2295 Mutian
1412 2225 1509 2274 an
1554 2203 1948 2274 Herbord.¹

383 2337 409 2400 (
420 2333 690 2400 Voruffirfe
741 2350 910 2401 weyen
959 2333 1128 2385 semes
1176 2331 1446 2401 Anqriffes
1494 2334 1605 2401 auf
1639 2334 1737 2385 den
1785 2333 1973 2385 Rektor
2018 2330 2109 2382 der
2166 2330 2501 2394 Universitc'it,
2550 2331 2635 2383 als

382 2402 482 2456 ‘e'lm
520 2403 663 2456 aeine
695 2401 938 2470 Kolleyen
973 2419 1047 2455 cm
1081 2401 1165 2454 die
1198 2402 1548 2472 Philosophen
1584 2403 1901 2471 ahyeordnet,
1937 2416 2035 2453 wm
2068 2398 2162 2466 Γᾶν
2194 2400 2279 2453 die
2307 2400 2633 2455 Bakularien

721 2473 808 2524 des
843 2473 1031 2524 Rechts
1062 2488 1161 2524 um
1193 2472 1349 2524 einen
1384 2473 1714 2540 offentlichen
1749 2471 1968 2540 Aufzuy
2003 2485 2076 2521 zu
2109 2469 2305 2538 bium.)

919 2587 1283 2639 Herebordo
1318 2588 1663 2649 Margarito
1701 2584 1809 2655 (Μ.
1844 2586 2087 2657 Rufus).

593 2695 656 2760 S.
747 2697 901 2762 Post
945 2699 1132 2762 deum
1201 2721 1384 2762 suum
1454 2701 1681 2782 cuique
1746 2701 2022 2765 animum
2092 2697 2421 2764 colendum
2494 2717 2630 2758 esse

383 2804 508 2845 non
553 2784 824 2864 ignoras,
915 2785 1126 2848 Animi
1173 2790 1382 2849 autem
1431 2787 1639 2849 cultus
1672 2792 1767 2850 est
1799 2786 2227 2850 multiformis.
2317 2782 2627 2863 Theologi

379 2869 622 2932 habent
666 2891 780 2932 sua
825 2871 1265 2946 instrumenta,
1313 2871 1546 2954 quibus
1590 2895 1725 2936 sese
1771 2872 2012 2936 faciant
2058 2871 2365 2936 meliores,
2441 2867 2623 2932 Jure-

381 2956 672 3019 consulto
738 2957 894 3018 satis
939 2963 1035 3020 est
1079 2979 1151 3020 ea
1196 2958 1458 3032 cultura,
1529 2980 1691 3039 quae
1756 2964 2089 3040 praecepta
2158 2958 2363 3039 legum
2415 2960 2478 3018 et
2522 2955 2621 3016 in-

382 3042 613 3104 stituta
686 3041 931 3123 longo³
1003 3049 1282 3127 tempore
1357 3045 1766 3124 comprobata
1840 3046 2141 3107 continet.
2234 3043 2304 3106 In
2369 3039 2619 3121 legibus

382 3133 592 3190 autem
670 3128 797 3192 tuis
869 3150 1316 3209 saepenumero
1393 3131 1626 3210 legitur
1694 3132 1758 3193 et
1826 3131 2095 3193 civiliter
2168 3129 2483 3211 agendum
2558 3130 2622 3188 et

387 3213 800 3277 humanitatis
869 3214 1224 3280 habendam
1290 3237 1424 3278 esse
1489 3216 1820 3279 rationem.
1934 3216 2115 3292 Quod
2186 3235 2329 3278 cum
2398 3213 2491 3276 ita
2556 3233 2623 3274 se

383 3299 614 3362 habere
673 3300 1010 3381 intelligaS‚
1069 3301 1257 3365 redde
1300 3303 1629 3379 rationem,
1678 3323 1788 3365 cur
1832 3307 2154 3379 rectorem,
2226 3301 2429 3364 virum
2502 3299 2629 3379 pri-

385 3386 648 3449 marium
719 3391 780 3448 et
845 3386 1150 3468 imprimis
1217 3385 1580 3460 eruditum‚²
1649 3387 1841 3451 verbo
1904 3386 2224 3470 presseris.
2341 3385 2436 3448 An
2504 3384 2625 3447 tibi

382 3493 577 3553 parva
623 3472 870 3535 videtur
914 3473 1240 3554 impressio
1288 3495 1365 3537 ne
1411 3473 1615 3536 dicam
1659 3473 1907 3556 injuria,
1954 3475 2045 3538 sic
2098 3471 2349 3556 publice
2388 3471 2625 3546 bonum

386 3558 754 3638 magistrum
829 3558 1238 3622 confundere:
1296 3559 1605 3642 „Perdat
1670 3563 1735 3624 te
1802 3559 1974 3637 deuS‚
2050 3562 2253 3623 rector
2326 3555 2603 3620 inclite.“

384 3642 678 3706 Imitatus
725 3665 789 3706 es
834 3645 1103 3708 arbitror
1162 3645 1376 3709 divum
1437 3645 1724 3723 Paulum,
1786 3647 1896 3725 qui
1959 3645 2371 3710 consimiliter
2436 3643 2629 3706 male-

387 3729 553 3792 dixit
627 3729 835 3792 nescio
912 3751 1096 3810 quem
1170 3731 1547 3813 objurgans:
1624 3732 1979 3813 „percutiet
2045 3737 2108 3794 te
2178 3732 2351 3804 deuS,
2424 3729 2628 3810 paries

388 3813 770 3878 dealbate.“³
869 3816 1166 3880 Putaram
1232 3839 1342 3881 vos
1397 3818 1701 3898 singulari
1769 3822 2114 3900 mutuaque
2183 3815 2626 3879 benevolentia

390 3901 736 3964 devinctos
827 3900 1170 3966 Credebam
1206 3909 1266 3966 te
1292 3904 1581 3984 justitiae
1614 3904 1891 3984 regulam
1927 3925 2129 3966 nosse.
2207 3901 2371 3965 Proh
2406 3906 2625 3964 sancte

388 3987 664 4069 Jupiter!
736 3987 1177 4069 Praeceptores
1209 3999 1536 4070 protervus
1570 3989 1915 4071 discipulus
1953 3989 2309 4053 contristat.
2388 3987 2633 4068 Legant

391 4076 454 4135 te
518 4072 794 4154 collegae
859 4075 954 4137 tui
1023 4075 1102 4137 ad
1170 4075 1595 4157 philosophos.
1713 4076 2095 4139 Persuadere
2163 4074 2489 4152 debuerim,
2564 4078 2635 4135 ut

527 4260 751 4381 flllgilgss
786 4330 846 4382 A.
888 4330 932 4380 1.
1076 4330 1096 4362 ²
1132 4327 1325 4381 Rektor
1360 4329 1452 4380 der
1487 4327 1812 4382 Universitz'it
1848 4343 1950 4379 von
1986 4327 2092 4379 Mai
2127 4327 2208 4379 bis
2246 4326 2472 4380 Oktober
2510 4329 2641 4380 1513

400 4410 508 4448 war
545 4398 782 4451 Andreas
830 4397 995 4451 Schill
1051 4399 1114 4450 de
1152 4398 1336 4455 Ilmen,
1395 4413 1661 4448 sacrariim
1712 4397 1933 4448 chartar.
1971 4395 2143 4448 licent.
2182 4395 2643 4463 philosophiaeque

409 4467 704 4534 encyclicae
743 4467 834 4536 (112,
865 4467 1094 4520 canonic,
1135 4467 1310 4519 Sevcr.
1365 4465 1488 4536 (Erf.
1526 4466 1700 4535 Matr.)
1844 4467 1864 4496 ³
1887 4465 2275 4531 Apostclgcsch.
2315 4465 2395 4532 23,
2432 4467 2478 4516 3.
