3084 4895
487 360 614 426 206
1257 365 1434 421 Briefe
1467 383 1572 423 von
1612 366 1970 426 1509-1511.

497 536 721 600 Evasit
749 535 926 599 exilii
957 534 1282 599 molest-ias
1311 538 1378 599 et
1408 536 1715 617 quicquid
1744 537 2145 607 formidabile
2172 542 2423 609 civibus
2442 544 2749 613 imminet.

493 622 618 687 Sed
667 620 820 704 quia
883 620 1102 683 subito
1171 619 1462 698 decessit,
1529 622 1707 685 nullo
1776 623 2075 689 ecclesiae
2142 627 2377 693 viatico
2442 633 2748 711 munitus,

497 708 858 772 sacerdotes
902 706 1222 785 legatione
1267 705 1559 769 frustrati
1608 708 2079 775 calumniantur
2109 718 2174 776 et
2205 720 2499 779 mussant
2534 718 2747 782 nescio

494 793 669 875 quid,
717 792 900 873 quasi
929 803 957 831 ⁵
1003 811 1148 853 vero
1195 790 1375 854 nefas
1421 792 1506 855 sit
1553 793 1730 871 mori,
1788 795 1911 857 nisi
1956 796 2066 860 des
2110 796 2277 862 clero
2336 804 2745 881 quaestuario

488 878 589 941 vel
672 876 1006 959 pecuniam
1075 875 1172 938 vel
1239 877 1518 958 praedia.
1622 878 1723 941 Ita
1788 880 1999 961 coepit
2060 902 2201 946 esse
2267 885 2415 948 cleri
2478 888 2746 951 avaritia

489 962 815 1026 notabilia.
907 960 1077 1037 Fuit,
1143 966 1220 1023 ut
1285 962 1349 1023 in
1409 961 1647 1025 fabulis
1709 961 2000 1043 legimus,
2066 968 2178 1048 qui
2245 968 2553 1033 blandum
2620 972 2745 1037 sibi

489 1048 787 1111 catellum
831 1045 1090 1128 publico
1135 1046 1499 1109 coemiterio
1542 1045 1823 1111 inferret.
1898 1048 2253 1134 Episcopus
2296 1048 2562 1119 multam
2611 1057 2743 1119 viro

485 1133 669 1196 dixit.
762 1131 845 1194 At
888 1131 984 1193 uti
1028 1130 1276 1211 legasse
1306 1130 1432 1195 sibi
1459 1152 1681 1194 canem
1730 1130 1781 1194 L
1826 1134 1886 1196 fl.
1916 1135 1946 1173 ¹²
1990 1136 2327 1216 intellexit,
2372 1140 2735 1221 „quiescat“

483 1218 698 1301 inquit
761 1218 864 1297 „in
919 1214 1131 1297 pace.“
1226 1214 1296 1279 Si
1342 1236 1504 1279 uxor
1569 1216 1856 1282 defuncti
1920 1219 2191 1301 fingeret
2256 1223 2535 1305 legatum
2600 1246 2743 1290 esse

483 1302 725 1383 aliquid
771 1301 1027 1375 nostris,
1074 1320 1203 1364 non
1247 1301 1716 1378 cavillarentur‚
1764 1308 1830 1366 et
1858 1309 2017 1385 puto
2048 1306 2144 1370 ita
2173 1306 2504 1372 facturam.
2582 1310 2740 1391 Ego,

479 1388 566 1451 mi
629 1386 900 1463 Urbane,
970 1389 1271 1449 converto
1337 1386 1629 1450 nonnihil
1684 1387 1761 1450 de
1822 1389 2051 1454 Latino
2122 1393 2187 1454 in
2254 1392 2739 1460 Teutonismum

483 1473 726 1555 ingenii
771 1471 1105 1535 exercendi
1152 1492 1362 1535 causa.
1452 1470 1685 1535 Errant
1728 1473 1971 1538 indocti
2017 1478 2277 1541 verbum
2326 1500 2360 1542 e
2404 1480 2597 1543 verbo
2630 1502 2739 1544 ex-

480 1558 846 1641 primentes,
958 1556 1100 1620 Non
1175 1561 1390 1637 potest
1454 1556 1517 1619 id
1586 1577 1714 1621 non
1791 1562 1931 1623 ess'e
2002 1562 2334 1628 insulsum.
2448 1565 2741 1649 Exempli

483 1644 720 1725 gratia:
790 1641 987 1705 Actor
1049 1644 1354 1722 sequatur
1419 1641 1623 1705 forum
1682 1642 1802 1722 rei3
1862 1645 2119 1710 dicunt:
2165 1654 2261 1709 ber
2300 1652 2608 1730 aspredm·
2654 1656 2739 1713 ul

477 1731 663 1810 fulgen
705 1734 822 1787 nrm
869 1727 1064 1788 1111111111
1105 1732 1199 1786 Dte
1245 1728 1557 1801 hetlegtenf
1600 1733 1909 1809 tanquam
1940 1730 2149 1795 forum
2180 1733 2503 1815 significet
2532 1736 2739 1799 solum

479 1832 580 1891 cuju
625 1815 793 1875 mardi
839 1816 904 1874 et
948 1832 1075 1876 non
1138 1810 1330 1874 etiam
1399 1811 1684 1875 tribunal
1745 1836 1855 1877 seu
1917 1818 2385 1882 consistorium.
2476 1819 2739 1884 Trottus

479 1897 720 1961 noster'
794 1896 946 1959 olim
993 1896 1160 1959 dixit
1203 1896 1284 1959 ad
1331 1896 1913 1978 Engelmannumz²
1967 1901 2167 1981 „Date
2228 1904 2415 1968 nobis
2470 1904 2548 1967 de
2592 1905 2733 1968 oleo

481 1980 747 2047 vestr0.“
799 1980 1142 2044 Pecuniam
1190 1982 1559 2061 postulavit,
1608 2004 1763 2045 usus
1808 1986 2240 2051 ecclesiastica
2285 1989 2724 2070 perplexitate.

476 2066 768 2131 Nummis
814 2066 1063 2147 egebat,
1108 2087 1237 2129 non
1277 2066 1434 2129 oleo,
1526 2066 1702 2144 Quae
1733 2072 1992 2134 vesania
2032 2076 2135 2135 est
2178 2094 2306 2137 non
2340 2074 2433 2137 uti
2466 2076 2734 2157 propriis

475 2150 871 2217 vocabulisl³
959 2150 1129 2215 Vale.

610 2244 616 2249 ’
783 2250 909 2305 Cod.
943 2250 1078 2305 Frcf.
1113 2249 1198 2304 88.

473 2436 704 2508 (soffia.)
1533 2424 1677 2490 158.
2136 2503 2143 2508 ,
2230 2441 2313 2497 24.
2347 2442 2477 2498 Juni
2513 2444 2726 2516 (151152)

923 2549 1214 2619 Mutian
1257 2570 1356 2619 an
1402 2550 1660 2620 Urban
1704 2551 1861 2622 und
1904 2552 2275 2653 Herbord.

692 2678 969 2746 (Spalatin
1001 2677 1095 2732 hat
1129 2679 1228 2732 das
1263 2678 1610 2748 Altenlmrqer
1642 2679 1951 2734 Καποηΰαιέ
1984 2681 2132 2735 nicht
2164 2681 2499 2750 bekmnmen.)

606 2793 929 2854 Magistris
961 2793 1314 2854 insignibus
1346 2794 1544 2844 Henr.
1575 2794 1832 2846 Urbano
1869 2799 1933 2846 et
1967 2795 2334 2846 Herebordo
2362 2797 2726 2858 margarito,

765 2878 1052 2930 doctrina
1087 2881 1150 2929 et
1186 2879 1486 2940 religione
1519 2881 1992 2940 praestantibus
2027 2878 2137 2949 (Μ.
2171 2878 2418 2948 Rufus).

678 2987 742 3054 S.
834 2989 1018 3064 Quod
1081 2989 1264 3053 vobis
1328 2990 1593 3054 insuave
1656 2991 1881 3054 auditu
1928 2996 1993 3054 et
2038 3013 2175 3055 esse
2233 2996 2298 3055 et
2354 2990 2488 3056 fore
2556 2996 2721 3056 certo

471 3074 636 3138 scio:
705 3075 1111 3138 contionator
1181 3076 1551 3158 paedagogo
1627 3077 1948 3157 praelatus
2014 3083 2113 3142 est
2173 3082 2237 3141 et
2304 3077 2720 3160 Altenburgio

601 3288 629 3318 α
656 3290 832 3343 quare.
890 3274 1038 3329 Dmx.
1054 3293 1072 3326 :
1109 3275 1277 3343 quasi.
1485 3277 1515 3318 b
1541 3292 1710 3329 unum
1744 3275 2002 3330 florenum
2040 3276 2190 3330 Tem.
2302 3291 2311 3301 ’

469 3343 745 3398 Hersbach
799 3343 871 3396 ist
917 3343 1003 3395 ein
1058 3343 1298 3412 ‘iingerer
1350 3343 1710 3412 Vei-wandter,
1763 3344 2055 3413 gleichfalls
2107 3360 2212 3398 von
2262 3343 2597 3398 Falkenstein
2644 3343 2719 3397 als

465 3411 651 3464 Junior
686 3414 842 3464 unter
876 3413 980 3464 den
1067 3413 1350 3466 erbannten
1387 3413 1700 3480 ausgeffihrt.
1845 3415 1862 3445 ¹
1898 3413 2056 3466 Sonst
2104 3411 2421 3466 unbekannt.
2564 3414 2585 3444 ²
2618 3411 2720 3464 Der

463 3479 699 3533 Erfurter
732 3479 1177 3533 Kiichenmeister
1208 3480 1465 3534 Nikolaus
1499 3481 1843 3548 Engelmann,
1881 3482 1935 3533 111
1971 3482 2073 3534 den
2107 3482 2315 3548 spatern
2350 3479 2561 3532 Briefen
2593 3480 2721 3532 efter

462 3548 543 3600 als
596 3548 805 3601 Freund
858 3549 1106 3602 erwahnt.
1178 3551 1263 3600 An
1307 3549 1401 3601 der
1443 3549 1549 3601 Eirf.
1606 3549 1764 3602 Univ.
1810 3548 2092 3601 immatrik.
2147 3549 2281 3602 1504
2327 3547 2549 3601 Herbst:
2587 3548 2718 3600 »Dus

464 3615 719 3670 Nicolaus
778 3617 1105 3684 Engelmann
1161 3617 1228 3669 de
1279 3617 1622 3670 Nowendorff
1674 3633 1811 3686 mag.
1864 3617 2087 3684 coquine
2140 3617 2286 3670 curie
2339 3615 2716 3684 archiepiscopi

464 3683 800 3752 Moguntini.«
853 3685 1348 3752 (Weissenborn,
1383 3686 1557 3738 Akten
1595 3687 1643 3739 d.
1678 3685 1747 3739 U.
1782 3685 1841 3738 Ε.
1878 3685 1947 3752 Π,
1984 3684 2123 3754 237).
2176 3684 2381 3738 Mutian
2416 3685 2601 3737 riihmt
2626 3685 2715 3736 ihn

462 3751 549 3806 Br.
586 3753 690 3804 472
726 3755 819 3806 des
855 3754 977 3807 Cod.
1016 3754 1094 3807 als
1129 3753 1528 3806 Reuchlinisten
1563 3755 1673 3807 und
1705 3756 1870 3806 nennt
1902 3754 1996 3805 11111
2021 3753 2173 3806 6111611
2196 3752 2716 3820 unvergleichlichen

464 3819 639 3887 Manu,
689 3822 888 3875 sowohl
923 3821 1267 3874 hinsichtlich
1305 3821 1478 3875 seines
1512 3822 1728 3875 biedern
1764 3821 2078 3875 Charakters
2113 3821 2192 3874 als
2226 3821 2400 3874 seiner
2453 3821 2714 3874 Umsicht.

461 3889 618 3942 Auch
662 3891 762 3943 mit
808 3891 905 3943 den
952 3891 1188 3943 Erfurter
1237 3890 1436 3943 Poeten
1490 3891 1755 3943 erscheint
1791 3906 1849 3942 er
1880 3890 1933 3941 in
1970 3889 2380 3942 vertraulichem
2431 3889 2712 3941 Verkehre.

461 3957 727 4016 Krause,
765 3959 823 4011 Ε.
861 3959 1013 4011 Η688.
1051 3959 1092 4022 I,
1132 3959 1247 4012 246.
1317 3959 1493 4011 Wenn
1548 3958 1751 4011 Mutian
1804 3958 1858 4010 in
1913 3957 2000 4012 ΒΓ.
2060 3955 2161 4011 358
2214 3957 2308 4010 des
2358 3956 2483 4011 Cod.
2540 3957 2713 4008 seincn

465 4025 674 4078 Brudcr
706 4027 1150 4080 Kiichenmeister
1185 4027 1262 4080 als
1296 4026 1416 4080 ι1611.
1454 4026 1800 4094 Engelmanni
1824 4029 2121 4079 antecessor
2144 4025 2465 4088 bezeichnet,
2495 4040 2555 4077 so
2572 4039 2715 4075 muss

467 4095 639 4146 dieser
672 4096 790 4149 Joh.
828 4096 885 4147 E.
925 4096 1190 4147 entweder
1225 4095 1312 4147 ein
1348 4096 1583 4163 anderer,
1618 4097 1757 4147 etwa
1791 4095 1885 4146 der
1918 4095 2219 4162 Vorgangor
2254 4095 2347 4146 des
2366 4093 2481 4146 Nic.
2508 4093 2567 4145 Ε
2588 4093 2713 4156 sein,

460 4163 585 4214 oder
620 4179 677 4224 cs
711 4165 783 4216 ist
817 4164 934 4216 Nic.
972 4163 1317 4232 Engelmanni
1355 4179 1422 4215 zu
1456 4162 1617 4216 lesen.
1689 4162 1843 4216 Nach
1898 4163 2144 4230 Thuring.
2202 4177 2351 4215 sacra
2387 4178 2434 4228 p.
2473 4161 2575 4213 285
2612 4176 2716 4212 war

459 4230 628 4283 Nicol.
667 4232 989 4299 Engelmann
1029 4232 1269 4300 zugleich
1307 4231 1551 4284 Vicarius
1587 4231 1767 4284 altaris
1802 4231 1857 4281 in
1891 4231 2088 4298 templo
2119 4229 2403 4298 parochiali
2421 4229 2712 4283 Friderich-

460 4301 570 4352 rod.
719 4303 740 4332 ²¹
772 4301 1005 4352 Mutians
1057 4300 1458 4368 Bemerkungen
1494 4301 1614 4353 sind
1647 4300 1885 4352 treffend.
1956 4299 2044 4352 Sie
2097 4298 2359 4350 beweisen
2410 4299 2551 4350 auch
2602 4296 2713 4349 sein

461 4367 724 4421 Interesse
758 4369 844 4421 fiir
879 4369 964 4420 die
1000 4368 1254 4422 deutsche
1281 4367 1530 4437 Sprache,
1558 4369 1651 4421 das
1686 4367 1772 4421 bei
1808 4367 1982 4421 vielen
2003 4367 2355 4420 Humanisten
2372 4367 2464 4419 ein
2486 4367 2715 4420 §usserat

2922 4677 2983 4862 bx
2972 4203 2983 4666 .-φ-,ξ
