3084 4895
1280 428 1493 482 Mutian
1534 445 1606 480 an
1643 427 1848 482 Urban.
2560 421 2686 489 475

423 599 615 664 nobis
659 597 953 662 Duronii¹
1008 598 1186 662 favor
1228 598 1295 662 in
1338 603 1541 676 tuam,
1593 596 1862 674 Urbane,
1925 595 2195 679 gratiam
2257 597 2685 677 praeparetur.

424 685 580 749 Heri
626 683 718 748 fui
763 684 829 747 in
876 684 1229 748 ambitione
1276 690 1339 748 et
1384 685 1484 766 egi
1532 705 1672 746 cum
1721 688 1962 750 senatu‘
1996 682 2186 764 hujus
2233 680 2428 749 urbis.
2520 678 2686 746 Con-

424 772 737 834 venerant
782 771 1230 851 competitores
1274 791 1534 833 numero
1570 771 1872 851 quinque.
1949 767 2082 850 Ego
2115 789 2323 830 meum
2359 766 2686 846 negotium

422 855 660 920 curavi.
778 855 1012 918 Restiti
1079 855 1239 931 aliis,
1308 857 1415 918 sed
1494 853 1911 937 Brengbirus²
1981 853 2136 917 mihi
2205 852 2328 915 fuit
2391 851 2685 928 infestUS,

422 941 598 1004 haud
645 940 837 1005 dubie
887 950 1225 1023 persuasus
1272 964 1310 1004 a
1353 939 1662 1005 Lotianis.
1757 940 1912 1003 Nam
1962 945 2024 1003 et
2071 941 2204 1020 ipse
2250 943 2314 1001 et
2358 939 2459 1001 sui
2490 935 2686 1002 habe·

425 1028 587 1090 bant
632 1026 947 1098 clientem,
998 1049 1035 1088 a
1081 1048 1208 1107 quo
1257 1030 1439 1090 erant
1486 1025 1752 1108 pecunia
1786 1023 2138 1091 subornati.
2217 1024 2365 1087 Ideo
2399 1023 2688 1086 acerbius

425 1113 751 1194 urgebam.
845 1110 1075 1175 Vellem
1157 1113 1445 1176 audisses
1521 1113 1928 1194 asperitatem
2007 1133 2227 1174 meam.
2317 1109 2466 1172 Misi
2540 1112 2688 1172 ante

420 1197 786 1262 contionem
836 1196 1191 1263 Fabianum
1239 1197 1410 1260 hunc
1456 1201 1877 1279 quaestorem,
1930 1197 2129 1260 virum
2176 1195 2571 1277 prudentem,
2605 1194 2687 1257 ad

422 1281 867 1362 Brengbirum,
944 1287 1016 1345 ut
1082 1282 1309 1346 leniret
1375 1283 1650 1346 hominis
1726 1283 2256 1346 malevolentiam.
2349 1280 2474 1343 Sed
2545 1301 2684 1342 cum

424 1367 849 1432 animadverti
898 1389 1021 1432 non
1068 1389 1256 1450 posse
1304 1389 1442 1430 eum
1491 1369 1680 1446 flecti,
1730 1369 1930 1432 sumsi
1984 1367 2313 1430 audaciam
2363 1369 2426 1428 et
2472 1387 2686 1446 preces

420 1477 599 1518 meas
644 1453 887 1516 tuebar.
984 1453 1149 1529 Quid
1206 1453 1477 1516 multis?
1568 1452 1844 1517 Senatus
1889 1454 2106 1536 rejecit
2151 1451 2684 1532 Brengbirianum

424 1541 761 1623 petitorem
832 1545 896 1600 et
962 1538 1238 1603 contulit
1311 1538 1690 1603 beneficium
1758 1541 1821 1602 in
1901 1560 2242 1621 pauperem
2313 1543 2378 1600 et
2449 1537 2684 1600 bonum

425 1625 721 1689 clericum
768 1624 1051 1705 mihique
1096 1625 1285 1687 fidem
1350 1625 1526 1687 dedit
1588 1630 1957 1689 vacaturum
2027 1624 2158 1688 fore
2229 1645 2454 1686 meum.
2548 1622 2691 1686 Tuli

423 1732 565 1773 eam
612 1711 998 1774 sententiam
1047 1732 1250 1792 aequo
1297 1711 1529 1788 anim0‚
1568 1713 1860 1792 quamvis
1891 1711 2132 1792 gratias
2166 1731 2292 1774 non
2329 1709 2446 1788 egi.
2525 1708 2688 1772 Nam

423 1797 550 1860 etsi
617 1817 917 1878 praesens
984 1795 1197 1859 futuro
1268 1796 1511 1872 meliUS,
1581 1797 1732 1880 quia
1793 1797 2046 1874 certiuS,
2109 1800 2324 1860 tamen
2379 1794 2543 1858 ratio
2592 1816 2689 1857 me

426 1883 646 1956 movit,
682 1882 850 1966 quod
879 1893 907 1922 ὃ
951 1880 1330 1946 beneficium
1369 1903 1568 1964 nuper
1599 1887 1734 1945 erat
1766 1883 2102 1946 fundatum
2138 1905 2176 1945 a
2206 1901 2421 1945 socero
2455 1879 2691 1962 Breng-

424 1969 566 2032 biri.
604 1967 849 2030 .Habes
882 1967 1353 2031 contentionem
1389 1990 1612 2030 meam.
1684 1968 2067 2050 Exspectavi
2099 1967 2226 2030 fere
2258 1972 2402 2031 octo
2431 1967 2460 2005 ¹³
2505 1967 2692 2031 annis

424 2058 490 2117 et
524 2053 736 2118 adhuc
780 2062 1101 2135 exspecto.
1195 2051 1263 2116 Si
1309 2054 1560 2130 moriar,
1609 2053 1768 2118 satis
1817 2053 2029 2118 habui.
2123 2052 2192 2116 Si
2241 2054 2546 2118 moriatur
2592 2053 2691 2116 vel

426 2135 835 2220 Henningus³
880 2138 978 2202 vel
1012 2136 1301 2216 Lotiusst
1360 2146 1565 2203 νοΐ-,οο
1622 2141 1844 2220 potiar.
1937 2139 2160 2221 Neque
2219 2140 2388 2202 enim
2445 2142 2692 2202 mutare

423 2225 684 2308 poterit,
714 2224 743 2262 ‘1
782 2224 1153 2290 consulatus
1188 2245 1330 2288 cum
1363 2226 1698 2290 universus
1727 2237 1751 2264 0
1783 2227 2145 2292 assenserit.
2221 2225 2413 2289 Pater
2443 2223 2688 2289 noster⁶

426 2311 611 2395 (quid
682 2313 861 2391 pater
928 2309 1187 2374 noster?
1261 2312 1355 2376 ita
1428 2311 1804 2394 appellatur,
1867 2315 1940 2380 ‚et
2003 2315 2184 2376 tenes
2257 2308 2437 2394 rem),
2512 2315 2692 2390 pater

420 2399 647 2463 noster
709 2396 970 2479 inquam
1042 2395 1287 2463 nullum
1354 2396 1459 2461 hic
1524 2397 1762 2475 venale,
1837 2397 2006 2482 quod
2075 2399 2338 2481 placeat.
2457 2393 2524 2459 Si
2591 2418 2690 2461 me

424 2505 623 2559 amaS,
691 2504 827 2545 eme
874 2482 1059 2546 nobis
1112 2482 1325 2564 isthic,
1372 2487 1445 2549 ut
1488 2482 1797 2547 amuleto⁶
1857 2484 2210 2549 cohaereat.
2302 2482 2507 2547 ‘wunf
2570 2485 2694 2545 heiu

430 2588 621 2645 atoue
686 2570 872 2629 huteln
932 2570 1239 2645 norbanum
1285 2572 1422 2643 uin,
1469 2590 1529 2631 su
1579 2571 1758 2650 kenfet
1797 2574 2000 2646 marte
2055 2572 2275 2648 &athen
2329 2571 2490 2633 stein.
2581 2562 2690 2650 βά)

424 2657 521 2717 mil
566 2673 697 2729 gttn
744 2654 896 2715 tinen
943 2656 1142 2727 authen
1200 2656 1380 2727 geben.
1472 2654 1626 2719 Sine
1695 2654 2001 2721 dilatione
2067 2655 2452 2719 mittendum
2521 2676 2690 2719 cura.

436 2736 864 2803 Satisfaciam.
954 2737 1109 2803 Volo
1143 2740 1309 2803 enim
1359 2740 1596 2805 donare
1641 2744 1706 2804 et
1750 2742 1938 2806 simul
1975 2764 2012 2805 a
2043 2740 2464 2823 Degenhardo
2495 2762 2695 2805 novas

433 2824 655 2889 literas
700 2824 781 2922 ad
826 2828 1121 2889 senatum
1168 2824 1525 2909 impetrare,
1574 2830 1647 2891 ut
1693 2827 1891 2891 velint
1935 2826 2148 2893 nolint
2180 2831 2492 2909 cogantur
2523 2830 2694 2893 stare

425 2931 773 2993 promlssrs.

637 2995 831 3058 Venio
878 2995 958 3059 ad
1006 2996 1239 3059 studia.
1331 2995 1527 3061 Miror
1571 3002 1682 3062 cu'r
1727 2998 2133 3063 Herebordus
2180 2998 2421 3064 oblitus
2466 2998 2552 3063 sit
2582 3001 2697 3062 aut

428 3080 729 3145 oblivisci
758 3081 962 3161 possit
994 3079 1263 3159 Eobani‚
1296 3087 1628 3164 poetarum
1663 3084 1984 3166 principis.
2077 3083 2280 3160 DiceS,
2313 3081 2693 3166 hospitium⁷

428 3189 567 3229 esse
613 3168 678 3231 in
737 3188 947 3229 causa.
1038 3164 1165 3229 Sed
1226 3190 1434 3249 neque
1494 3168 1748 3233 affinem
1817 3170 2074 3233 deberet
2129 3170 2453 3251 aspernari
2505 3170 2694 3251 juxta

426 3252 613 3317 illud:
670 3251 801 3330 „Ne
846 3251 1009 3315 nulli
1052 3253 1325 3335 placeaS,
1375 3254 1521 3317 dum
1573 3255 1670 3317 vis
1711 3259 2113 3319 contemnere
2181 3252 2474 3319 multOS.“
2571 3254 2693 3319 Re-

434 3338 621 3401 mitte
668 3337 887 3401 literas
934 3338 1169 3419 Petreji
1213 3343 1277 3401 et
1324 3339 1548 3403 Annae
1579 3338 1836 3405 viduae⁸
1871 3345 1936 3405 et
1966 3340 2385 3423 Triumphum
2415 3338 2696 3404 Neobii.⁹

424 3420 873 3488 Nithardum¹⁰
930 3423 1016 3487 dii
1075 3425 1363 3506 perdant.
1456 3425 1526 3491 Si
1573 3425 1875 3491 Russus¹¹
1940 3426 2299 3505 decesserit,
2362 3424 2691 3494 dubitabo.

564 3708 594 3739 a
624 3694 749 3763 quia
790 3693 938 3748 Tenx.
1080 3698 1109 3737 b
1138 3695 1254 3749 octo
1290 3696 1399 3747 fere
1439 3694 1594 3747 Tem..
1736 3709 1761 3737 ο
1790 3697 1928 3751 votis
1979 3696 2128 3749 Tem.
2271 3700 2301 3738 d
2328 3696 2498 3765 potuit
2545 3695 2695 3750 Tenx.

425 3776 449 3805 ο
475 3762 743 3817 universis
784 3762 930 3814 Tem..
1076 3766 1098 3804 f
1124 3762 1245 3814 Wn.

567 3832 585 3863 ²
621 3831 743 3883 Abt.
817 3830 871 3884 S.
911 3830 1011 3883 108
1048 3832 1109 3883 A.
1153 3832 1197 3884 1.
1343 3831 1362 3862 ²
1400 3830 1748 3885 Gothaischer
1782 3832 2050 3887 Ratsherr.
2124 3833 2174 3887 S.
2214 3832 2316 3886 222
2351 3834 2412 3887 A.
2451 3833 2499 3885 4.
2553 3822 2700 3886 siber

424 3898 511 3952 die
546 3898 799 3965 an'inde,
837 3914 935 3951 um
972 3898 1059 3952 die
1094 3898 1211 3953 sich
1245 3898 1447 3951 Mutian
1486 3900 1715 3967 bewarb,
1751 3901 1856 3968 vgl.
1895 3901 1947 3955 S.
1985 3902 2086 3955 469
2121 3904 2184 3955 Α.
2227 3904 2305 3956 15.
2449 3904 2470 3934 ³
2505 3901 2695 3956 Goede.

426 3967 548 4020 Von
582 3966 817 4020 Mutians
854 3966 1185 4035 Bewerbung
1218 3984 1313 4020 um
1350 3968 1535 4021 dessen
1577 3968 1823 4021 Pfriinde.
1880 3969 1930 4023 S.
1959 3970 2060 4022 222
2095 3972 2158 4022 A.
2183 3970 2232 4023 8.
2343 3971 2363 4001 ⁴
2399 3970 2448 4024 S.
2471 3969 2536 4024 38
2558 3972 2620 4023 A.
2644 3972 2695 4022 4.

497 4038 519 4069 ⁵
552 4058 621 4075 --=
656 4035 1007 4091 Rosenkranz.
1064 4036 1355 4101 Halskette,
1410 4054 1532 4089 zum
1581 4037 1890 4091 Geschenke
1943 4040 2029 4091 fi‘u·
2077 4038 2357 4105 Pfeffinger
2405 4038 2694 4105 bestimmt,

424 4120 526 4158 aus
560 4104 757 4157 Anlass
792 4120 897 4157 von
934 4105 1122 4157 dessen
1156 4104 1430 4157 Hochzeit.
1504 4105 1554 4158 S.
1591 4106 1696 4157 472
1730 4108 1792 4160 A.
1833 4107 1879 4158 2.
2021 4108 2042 4139 ⁶
2076 4107 2162 4161 ΒΓ.
2202 4107 2318 4161 382.
2463 4108 2484 4139 ⁷
2517 4106 2696 4161 Eoban

424 4189 536 4241 war
594 4172 676 4225 bei
718 4172 791 4225 H.
838 4172 1129 4235 Eberbach,
1183 4173 1450 4227 Hel-bords
1504 4173 1873 4236 Verwandten,
1929 4176 2248 4243 eingekehrt.
2321 4176 2371 4229 S.
2409 4174 2512 4229 462
2546 4181 2607 4227 A.
2645 4174 2694 4227 8.

424 4232 573 4295 Uber
629 4241 723 4293 das
781 4241 1052 4295 schlechte
1108 4241 1537 4294 Einvernehmen
1598 4243 1862 4296 zwischen
1921 4244 2197 4297 Eberbach
2264 4245 2375 4296 und
2439 4240 2692 4296 Herbord.

419 4309 477 4364 S.
517 4309 622 4363 304
659 4311 721 4363 A.
760 4310 807 4363 3.
950 4311 972 4341 ⁸
1004 4309 1057 4363 S.
1094 4310 1197 4363 472
1234 4313 1294 4363 A.
1333 4310 1381 4362 3.
1522 4312 1546 4343 ⁹
1579 4310 1630 4364 S.
1669 4312 1768 4365 461
1807 4316 1868 4365 A.
1909 4313 1956 4365 3.
2101 4314 2144 4344 ¹⁰
2178 4312 2228 4367 S.
2267 4312 2369 4365 268
2404 4314 2466 4365 A.
2505 4314 2554 4364 3.
2625 4311 2698 4364 Er

425 4377 879 4446 vemachlassigte
944 4377 1207 4445 Spalatins
1271 4378 1532 4433 Interesse
1591 4380 1762 4433 durch
1820 4380 2194 4449 Verzbgerung
2251 4381 2343 4435 des
2400 4379 2694 4435 Pfriinden-

424 4446 667 4515 diploms.
741 4445 793 4500 S.
829 4446 933 4501 429
970 4449 1031 4502 Α.
1070 4448 1117 4503 3.
1265 4449 1305 4481 ¹¹
1341 4446 1392 4501 S.
1430 4448 1533 4502 463
1569 4449 1630 4503 A.
1671 4449 1720 4502 7.
