3084 4895
430 403 515 468 44
1201 399 1376 454 Briefe
1413 415 1513 454 von
1555 398 1907 455 1505—1508.

432 579 541 640 sed
604 599 740 639 meo
796 577 1010 657 aliquo
1062 576 1449 659 subrepticio
1494 577 1698 656 signo.
1761 576 1928 638 sicut
1983 595 2182 655 nuper
2233 577 2368 636 erat
2421 572 2679 648 factum,

430 665 694 728 delicate
754 663 1239 744 consignandas,
1354 662 1542 726 Libet
1587 667 1651 726 et
1694 662 1842 725 licet
1887 660 2067 724 vobis
2113 681 2364 742 quoque
2409 660 2680 723 scribere

427 750 690 814 materia
734 771 811 811 ex
856 750 1113 830 ingenio
1177 752 1386 812 vestro
1480 749 1866 832 deprompta.
1990 745 2160 821 Seio,
2243 766 2368 809 non
2436 745 2682 828 pigebit

435 859 636 919 neque
685 835 1037 916 poenitebit
1081 857 1194 898 vos
1239 835 1582 898 amicitiam
1632 856 1772 897 cum
1823 833 1980 896 Aldo
2027 831 2466 896 contraxisse.¹
2564 833 2678 894 As-

436 921 701 1004 signabo
769 943 1003 1003 paucos
1062 922 1277 996 libros,
1345 926 1408 985 et
1466 926 1806 1002 antequam
1865 920 1942 982 ad
1991 941 2090 982 me
2135 918 2435 991 ferantur,
2497 918 2679 981 vobis

435 1011 699 1092 pretium
751 1008 1195 1072 denumerabO.
1288 1008 1377 1070 De
1425 1008 1522 1071 his
1569 1007 1896 1081 hactenus,
1945 1027 2022 1068 ne
2069 1005 2224 1068 mihi
2272 1005 2446 1087 prius
2491 1005 2682 1068 abeat

435 1096 659 1173 scriba,
707 1115 895 1175 quam
946 1094 1106 1157 v010.
1198 1093 1402 1157 Jubeo
1451 1115 1561 1158 vos
1606 1093 1844 1176 optime
1889 1091 2112 1155 valere.

734 1195 855 1249 Cod.
892 1195 1025 1250 Frcf.
1062 1195 1146 1250 43.

432 1401 661 1475 (Gotha.)
1498 1385 1598 1450 37.
2168 1397 2306 1466 (Ans.
2343 1397 2468 1451 Dez.
2510 1397 2680 1465 1505.)

1141 1531 1430 1601 Mutian
1474 1551 1571 1601 an
1618 1529 1982 1616 spalatin.

567 1677 807 1747 (Mutian
840 1678 932 1730 hat
966 1677 1159 1746 ‘ecem'ye
1192 1677 1397 1732 Biicher
1431 1695 1536 1732 zur
1572 1677 1868 1745 Bestelluny
1903 1675 1987 1729 bei
2019 1676 2189 1729 Aldus
2225 1673 2558 1742 anyenwrkt.)

541 1783 544 1789 ⁶
806 1811 1072 1870 Georgio
1110 1811 1431 1870 spalatino
1468 1812 1666 1862 amico
1703 1811 1925 1860 eximio
1961 1810 2049 1858 M.
2084 1807 2306 1859 Rufus.

639 1940 699 2004 S.
795 1939 1116 2004 Annotavi
1162 1962 1414 2022 pauco-5,
1465 1941 1655 2022 idque
1700 1940 1935 2004 factum
1985 1943 2084 2002 est
2128 1959 2252 2001 non
2301 1935 2438 2000 sine
2471 1957 2680 1998 causa.

431 2026 589 2090 Nam
640 2027 910 2109 experiri
956 2026 1118 2104 volo,
1166 2027 1318 2109 quid
1366 2027 1786 2108 benignitatis
1826 2027 1912 2090 sit
1961 2025 2128 2107 apud
2177 2023 2402 2086 Aldum
2438 2027 2501 2086 et
2532 2022 2683 2086 item

433 2113 913 2192 Focchariorum
949 2113 1170 2178 socios,
1202 2126 1229 2154 ⁸
1319 2113 1504 2176 Vivat
1535 2113 1849 2190 UrbanuS‚
1886 2113 2072 2196 hujus
2105 2115 2323 2176 auctor
2350 2112 2378 2150 b
2435 2108 2683 2173 honesti

433 2201 817 2264 commercii!
850 2213 874 2240 0
942 2201 1009 2264 Si
1056 2201 1281 2282 placet,
1326 2200 1497 2264 hunc
1528 2201 1798 2264 indicem
1836 2198 2239 2263 transscribe.
2271 2198 2301 2237 ἃ
2378 2197 2537 2261 Nam
2573 2201 2684 2258 tua

432 2288 743 2373 scriptura
789 2286 1045 2369 politior
1090 2292 1203 2351 est.
1298 2285 1497 2351 Vale.²

740 2389 863 2443 Cod.
900 2388 1035 2442 Frof.
1073 2388 1156 2444 45.

435 2578 663 2648 (Gom)
1492 2581 1592 2645 38.
1745 2588 1749 2593 ·
2091 2610 2094 2614 ν
2305 2574 2472 2644 (Eudo
2515 2574 2686 2643 1505.)

898 2715 1187 2786 Mutian
1235 2736 1331 2786 an
1376 2715 1631 2786 Urban
1675 2713 1829 2785 und
1875 2713 2238 2801 Spalatin.

482 2865 912 2935 (Aufforderuny,
948 2865 1046 2917 das
1080 2864 1251 2917 Leben
1295 2864 1628 2986 Chri-scm
1638 2862 1904 3001 schj‘eiben
1936 2863 2051 2915 und
2081 2879 2134 2915 es
2167 2862 2284 2914 dem
2316 2860 2640 2928 Kurfia'rsten

1375 2951 1451 2987 zu
1628 2950 1724 2986 zen.

495 3068 578 3119 Η.
614 3067 869 3119 Urbano
905 3066 1226 3119 historico⁸
1260 3070 1324 3117 et
1358 3067 1434 3117 G.
1472 3066 1795 3127 spalatino
1830 3064 2028 3114 latino
2064 3065 2376 3124 theologo,
2411 3062 2630 3113 amicis

1184 3154 1557 3213 praecipuis,
1592 3153 1680 3202 Μ.
1714 3150 1936 3202 Rufus.

642 3282 913 3346 Salvet-e.
1006 3282 1167 3359 Quia
1222 3282 1504 3346 Leonem
1553 3280 1782 3363 legitis,
1852 3278 2044 3342 facite
2089 3300 2325 3359 quaeso
2374 3282 2444 3341 ut
2493 3278 2686 3341 vitam

438 3367 672 3433 Christi
721 3368 991 3432 breviter
1038 3370 1453 3450 componatis
1547 3368 1702 3430 Rem
1749 3369 1814 3429 et
1855 3366 2048 3429 verba
2094 3366 2200 3427 det
2245 3364 2370 3429 Leo
2417 3368 2480 3426 et
2527 3364 2687 3446 Spa-

438 3456 674 3519 latinus
735 3479 812 3517 ex
872 3454 1235 3519 enchiridiis
1296 3456 1445 3519 suis,
1556 3454 1852 3518 Urbanus
1907 3452 2110 3515 stabit
2153 3451 2218 3513 in
2265 3450 2472 3514 titulo.
2569 3449 2690 3513 Ubi

442 3541 845 3623 perfeceritiS,
899 3542 1175 3608 mittatis
1220 3542 1298 3605 ad
1346 3564 1445 3605 me
1492 3545 1556 3603 et
1603 3540 1852 3604 donabo
1899 3560 2060 3620 opus
2107 3538 2154 3601 F
2161 3536 2483 3615 ederich03
2540 3557 2690 3599 nam

575 3830 601 3857 a
630 3814 801 3867 sociis„
944 3818 971 3855 b
1003 3814 1205 3867 author.
1348 3829 1373 3856 ο
1402 3813 1708 3867 commertii.
1851 3816 1880 3853 d
1908 3812 2209 3865 transcribe.

579 3903 593 3931 ¹
629 3901 747 3968 Vgl.
786 3902 836 3953 S.
878 3902 945 3951 42
981 3902 1043 3953 A.
1087 3902 1129 3953 1.
1191 3902 1326 3953 Dass
1352 3900 1628 3952 dieserBr.
1657 3899 1803 3952 nicht
1836 3901 2016 3951 friiher
2051 3902 2251 3967 gesetzt
2287 3899 2501 3950 werden
2536 3897 2690 3960 kann,

444 3970 584 4038 zeigt
621 3970 705 4021 die
740 3969 1073 4037 Bemerkung
1109 3970 1241 4022 iiber
1276 3970 1358 4021 (lie
1395 3970 1465 4019 W
1470 3969 1951 4036 eilmachtspredigt
1989 3969 2207 4021 Urbans.
2351 3970 2370 3999 ²
2405 3966 2536 4019 Eine
2561 3970 2692 4018 Ant-

440 4044 572 4092 wort
620 4038 881 4105 Spalatins
930 4040 1022 4091 auf
1066 4038 1243 4091 diesen
1295 4039 1439 4091 Brief
1472 4039 1539 4105 (7.
1579 4039 1703 4091 Dez.
1748 4040 1897 4105 1505)
1951 4037 2095 4104 giebt
2139 4037 2374 4089 Tenzel
2421 4034 2692 4104 Reliquiae

443 4126 555 4175 epp.
597 4108 721 4161 Eob.
760 4108 940 4175 elogiis
966 4108 1163 4159 mixtae
1191 4108 1393 4175 (Sagitt.
1432 4109 1611 4161 histor.
1651 4108 1824 4175 (ioth.)
1864 4124 1909 4173 p.
1954 4106 2050 4160 108
2086 4124 2179 4173 sq„
2217 4106 2313 4159 Nr.
2352 4108 2454 4159 560
2479 4120 2694 4158 unserer

442 4176 765 4244 Sammlung.
840 4178 1079 4229 Dar-nach
1118 4194 1227 4230 war
1264 4178 1441 4231 Urban
1481 4178 1610 4229 zwei
1646 4176 1779 4243 Tage
1818 4192 1978 4227 zuvor
2013 4176 2150 4227 nach
2186 4176 2436 4227 Arnstadt
2487 4174 2690 4242 gereist.

442 4246 675 4313 spalatin
731 4248 1006 4299 xviinschte
1062 4247 1200 4298 auch
1252 4249 1351 4299 den
1403 4246 1609 4299 Plinius
1659 4247 1752 4297 des
1797 4244 2110 4297 Hermolaus
2157 4243 2420 4295 Barbarus
2469 4244 2560 4295 auf
2593 4243 2692 4293 den

440 4316 606 4367 Index
644 4318 855 4383 gesetzt.
927 4316 1193 4367 »Iudicem
1234 4358 1243 4369 .
1284 4357 1295 4368 .
1335 4358 1346 4370 .
1385 4332 1487 4369 non
1523 4316 1660 4383 quod
1698 4314 1976 4380 scriptione
2002 4316 2095 4365 tua
2117 4328 2236 4364 mea
2260 4312 2330 4364 sit
2353 4312 2542 4364 cultior
2578 4354 2588 4364 .
2628 4352 2638 4365 .
2680 4352 2690 4363 .

440 4386 531 4437 sod
568 4384 706 4451 quod
742 4384 817 4435 ita
850 4384 945 4436 tibi
982 4384 1161 4437 visum
1204 4386 1287 4453 sit,
1329 4386 1667 4438 exscribam«
1807 4385 1828 4415 ³
1861 4382 1980 4449 Vgl.
2019 4382 2104 4437 ΒΓ.
2145 4381 2242 4436 22;
2278 4380 2442 4437 »Olim
2479 4380 2693 4453 promisi

440 4458 493 4506 te
531 4454 767 4506 futurum
803 4453 1155 4507 historicum.»

3055 3990 3057 3999 i

3055 4016 3057 4025 ι

3055 4050 3057 4059 ι

3054 4204 3058 4211 .
