3084 4895
454 404 581 479 644
1146 406 1251 468 Der
1285 400 1581 483 gedruckte
1624 399 2008 468 Briefwechsel.

460 608 646 651 onem
692 604 1059 669 quanquam
1107 588 1184 651 de
1229 587 1389 651 facie
1432 588 1832 670 incognitum
1895 609 2108 651 amore
2180 587 2599 669 prosequitur..
2649 592 2725 650 ut-

460 674 804 737 maximam
839 674 1126 738 laborum
1165 682 1401 756 partem
1439 675 1612 739 solus
1636 674 1845 750 obeat,
1871 672 2062 756 idque
2088 674 2283 754 (quod
2307 676 2370 736 in
2399 674 2722 737 causidico

459 766 595 823 tum
669 761 1004 841 praecipue
1076 761 1463 823 Romanensi
1532 761 1918 823 rarissimum
1987 767 2108 839 est)
2153 761 2453 841 gratuitO.
2547 760 2721 835 Quo-

458 848 623 909 circa
670 845 781 908 ubi
826 853 901 907 ut
945 868 1127 928 spero
1174 846 1461 929 Capnion
1509 847 1947 927 triumphabit,
2021 846 2190 909 hand
2251 846 2452 909 multo
2512 848 2721 909 minus

460 932 925 1013 Vanderviggio
991 932 1249 995 debebit
1316 954 1503 1013 quam
1575 931 1815 995 Theseo
1885 932 2201 994 Hercules,
2297 932 2497 1013 Hujus
2567 954 2719 995 con-

461 1018 810 1081 tubernalis
882 1017 1190 1081 Martinus
1260 1019 1644 1100 Groning11S‚
1709 1027 1772 1080 et
1827 1019 1962 1099 ipse
2023 1018 2540 1101 jurisconsultus,
2607 1019 2716 1081 sed

460 1124 720 1185 graecae
789 1104 1225 1186 politiorisque
1271 1104 1868 1184 literaturaelonge
1915 1105 2176 1181 doctior,
2243 1105 2510 1168 Oculare
2559 1102 2718 1185 Spe-

456 1190 670 1252 culum
734 1190 1113 1253 latinitate⁸
1173 1192 1453 1264 donavit,
1511 1192 1704 1272 idque
1751 1213 1824 1251 ea
1869 1190 1948 1253 de
1993 1212 2234 1253 caussa.
2299 1189 2482 1253 ‘Cum
2555 1190 2720 1253 forte

457 1275 715 1338 fortuna
758 1275 1188 1357 theologistici
1250 1290 1690 1359 procuratores
1737 1278 1818 1339 ab
1863 1276 2154 1339 auditore
2225 1277 2560 1339 cardinalis
2622 1278 2720 1339 in-

456 1362 848 1425 stantissime
895 1364 1275 1426 sententiam
1345 1369 1651 1444 peterent,
1719 1362 2096 1425 obtulerunt
2166 1368 2455 1426 cacatum
2522 1364 2717 1425 istum

458 1446 933 1511 Coloniensium
978 1448 1262 1512 libellum
1336 1448 1849 1532 propositionum
1911 1454 1980 1511 ut
2035 1449 2156 1529 ipsi
2217 1448 2399 1546 ajunt
2463 1449 2538 1511 de
2594 1449 2718 1511 fide

456 1541 890 1615 suspectarum
926 1539 991 1597 et
1026 1534 1183 1597 male
1231 1539 1598 1599 sonantium
1633 1536 1695 1598 in
1731 1533 2003 1615 Speculo
2050 1534 2207 1597 Ocul
2214 1557 2326 1605 211
2373 1556 2559 1616 super
2589 1557 2717 1616 quo

456 1621 774 1683 sententia
821 1619 1102 1683 ferretur.
1200 1622 1724 1703 VanderviggiuS,
1759 1621 1869 1701 qui
1901 1623 2082 1718 quasi
2106 1621 2322 1683 oculis
2354 1631 2654 1690 cerneret..
2689 1622 2718 1659 b

452 1706 508 1769 si
554 1706 615 1767 id
661 1707 855 1781 fieret,
904 1729 982 1769 ne
1016 1706 1301 1770 Salutem
1348 1708 1600 1788 quidem
1648 1708 1869 1789 ipsam,
1901 1718 1926 1745 ⁰
1975 1708 2028 1769 si
2074 1706 2284 1783 vellet,
2321 1729 2469 1769 suas
2504 1714 2716 1788 partes

454 1814 699 1855 servare
769 1812 972 1873 posse,
1042 1795 1293 1875 excepit
1358 1801 1650 1876 oportere
1720 1794 1796 1855 de
1859 1794 2181 1856 volumine
2248 1793 2716 1857 Reuchliniano

454 1882 613 1951 toto,
676 1898 801 1941 non
864 1879 929 1942 in
991 1877 1195 1941 frusta
1240 1887 1453 1943 secato
1518 1880 1730 1960 (quasi
1795 1878 2022 1960 Pelops
2080 1884 2245 1942 esset
2303 1886 2416 1942 aut
2472 1879 2716 1962 Hippo-

455 1965 622 2045 lytus
652 1964 704 2043 d)
774 1965 1192 2045 pronunciari.
1299 1964 1507 2048 Atque
1579 1966 1659 2029 ad
1729 1987 1916 2027 unam
1987 1966 2203 2028 hanc⁰
2272 1967 2712 2046 exceptionem

455 2060 762 2131 tanquam
787 2050 865 2113 ad
894 2072 1133 2114 sacram
1170 2050 1509 2114 anchoram
1548 2059 1680 2115 tum
1718 2052 2211 2131 confugiendum
2247 2056 2398 2115 erat.
2463 2051 2716 2115 Placuit

456 2136 520 2198 id
566 2136 841 2200 auditori
887 2141 950 2199 et
996 2136 1086 2200 ita
1130 2136 1265 2199 fieri
1313 2139 1606 2201 decrevit.
1699 2137 1888 2200 Solus
1921 2143 2074 2201 tunc
2106 2139 2327 2201 aderat
2373 2138 2712 2207 Martinus,

457 2222 566 2305 qui
634 2224 1177 2305 interpretationis
1244 2245 1406 2287 onus
1474 2228 1854 2305 acceptaret.
1975 2224 2054 2287 Et
2122 2225 2378 2287 tametsi
2449 2224 2713 2287 Bremae

459 2316 668 2381 natus
716 2308 826 2371 ubi
874 2308 1177 2373 dialectos
1212 2309 1233 2347 f
1275 2310 1741 2373 Reuchliniana
1787 2331 2007 2391 parum
2070 2311 2223 2373 trita
2285 2318 2398 2386 est,
2462 2312 2712 2391 egregie

458 2395 698 2458 muneri
738 2416 860 2460 suo
907 2395 1232 2460 satisfecit.
1322 2394 1630 2460 Jacobum
1693 2396 2240 2478 Questenbergum
2306 2398 2712 2478 persuasissi-

460 2504 627 2546 mum
699 2480 901 2545 habeo
969 2483 1064 2546 vel
1134 2482 1302 2546 fama
1366 2483 1487 2546 tibi
1555 2484 1900 2564 cognitum
1994 2483 2369 2546 Diutissime
2435 2505 2711 2565 namque

457 2567 696 2631 Romae
760 2573 1047 2635 versatus
1114 2590 1185 2631 eo
1254 2570 1658 2632 auctoritatis
1724 2572 2029 2651 pervenit,
2092 2575 2162 2632 ut
2223 2570 2284 2631 in
2360 2571 2704 2632 scribarum

462 2655 875 2735 diplomatum
968 2655 1487 2736 pontificaliumss
1562 2656 1801 2730 ordine,
1880 2676 2062 2736 quem
2147 2656 2705 2718 honoratissimum

458 2763 593 2803 esse
640 2757 763 2803 non
812 2741 1086 2821 ignora-3,
1135 2763 1342 2822 parem
1393 2744 1497 2804 vix
1547 2742 1799 2814 habeat,
1867 2743 2394 2822 quemadmodum
2447 2747 2510 2805 et
2554 2743 2714 2805 Ger-

458 2848 677 2889 manos
722 2827 947 2901 omnia,
975 2828 1007 2866 ¹²
1053 2833 1371 2909 quotquot
1412 2827 1653 2891 Romae
1698 2833 1868 2901 sunt,
1925 2827 2279 2891 eruditione
2340 2827 2713 2908 longissime

455 2912 795 2975 antecellit.
901 2912 1263 2994 Stephanus
1328 2919 1536 2977 autem
1615 2915 1912 2990 Rosinus,
1978 2920 2049 2977 ut
2119 2915 2409 2977 Caesaris
2475 2914 2716 2978 sollici-

455 3003 720 3061 tatorem
766 2999 962 3069 decet.
1008 3001 1070 3061 in
1120 3023 1351 3082 magna
1397 3003 1564 3081 apud
1614 3005 1938 3062 senatores
2001 3001 2266 3064 omnish
2331 3007 2714 3083 purpuratos

455 3086 945 3160 existimatione,
994 3087 1198 3164 gratia
1246 3087 1505 3149 mirifice
1571 3087 1782 3166 pollet.
1876 3086 2216 3149 Galatinus
2285 3090 2486 3168 patria
2555 3088 2712 3168 Dyr-

453 3171 817 3240 rhachinus
846 3173 861 3209 ¹
919 3173 1173 3235 natione
1219 3173 1501 3254 Epirota,
1552 3174 1764 3249 latine,
1827 3194 2065 3252 graece,
2129 3173 2478 3236 hebraicek
2537 3174 2712 3236 chal-

454 3258 759 3339 daiceque
826 3259 1311 3336 <rud1t1ssimus,
1340 3281 1481 3340 Jam
1550 3268 1705 3331 tum,
1777 3280 1914 3320 cum
1993 3281 2108 3340 ego
2185 3261 2392 3322 adhuc
2471 3259 2709 3322 Romae

456 3366 676 3417 essem,
723 3345 786 3406 in
838 3345 1264 3407 defensionem
1312 3347 1658 3427 Gapnionis
1707 3345 2023 3407 scribere
2008 3369 2149 3408 lnce
2156 3353 2332 3428 perat
2365 3347 2710 3425 conarique

458 3396 905 3501 demonstrare
960 3433 1173 3493 omnia
1222 3435 1416 3494 nostri
1466 3433 1784 3512 dogmatis
1823 3435 2115 3512 mysteria
2161 3436 2221 3494 in
2273 3431 2710 3495 Thalmudicis

456 3516 886 3580 voluminibus
933 3516 1194 3580 haberi.'
1298 3519 1581 3598 Dumque
1629 3540 1744 3596 ego
1793 3519 2192 3590 discederem,
2257 3520 2468 3580 decem
2531 3519 2711 3580 volu-

458 3603 631 3666 mina
676 3603 968 3665 absoluta
1014 3610 1193 3665 erant
1240 3605 1616 3686 dicebatque
1663 3627 1989 3684 superesse
2037 3605 2379 3667 faciunda1
2437 3606 2524 3685 (ni
2575 3628 2705 3666 me-

454 3690 653 3754 moria
715 3690 898 3752 labor
923 3697 989 3764 111)
1056 3691 1264 3752 adhuc
1324 3697 1485 3754 octo,
1580 3691 1692 3752 His
1737 3692 2010 3772 itaque¹¹
2076 3693 2456 3772 Argonautis
2521 3712 2705 3772 spero

592 3907 619 3934 a
646 3892 890 3945 latinitati
938 3891 1137 3959 Geiyevu
1243 3896 1271 3933 b
1300 3895 1511 3946 caneret
1553 3893 1750 3960 Geiyer.
1859 3909 1882 3934 0
1911 3893 2085 3960 ipsum
2127 3894 2326 3960 Gevyer.
2431 3897 2460 3934 d
2488 3892 2708 3960 Hyppo-

454 3961 580 4014 litus
616 3961 835 4027 Autoqr.
877 3967 969 4014 aut
1002 3961 1321 4028 Hyppolitus
1361 3965 1500 4014 esset
1523 3963 1716 4028 Apoqr.
1823 3977 1846 4004 e
1877 3963 2010 4015 hanc
2048 3979 2206 4016 unam
2243 3965 2433 4030 Apoyr.
2547 3965 2568 4002 f
2592 3963 2706 4014 dia-

454 4030 623 4082 lectus
666 4030 864 4096 θεόθεν.
971 4044 1000 4081 8
1028 4031 1423 4098 pontificialium
1469 4031 1792 4097 Gema-,11
1821 4048 2002 4084 omnes
2037 4033 2231 4099 Apoyr.
2329 4031 2707 4098 {Dyraehinus

456 4101 648 4166 Apoyr.
788 4099 1050 4151 kebraice
1107 4101 1299 4166 Apoqr.
1449 4101 1733 4153 lfacienda
1781 4117 2053 4168 superesse
2104 4103 2294 4168 Apoyr.
2435 4115 2475 4141 m
2504 4100 2556 4151 ni
2593 4116 2706 4151 me-

456 4169 620 4219 moria
654 4167 799 4218 labor
836 4167 961 4233 fehlt
997 4168 1079 4220 bei
1120 4169 1318 4234 Geiyer.
1458 4184 1489 4210 n
1518 4170 1676 4236 igitur
1713 4169 1903 4237 Apoyr.

597 4239 611 4266 ¹
650 4235 793 4302 Opus
839 4237 934 4289 toti
982 4237 1296 4290 christianae
1344 4238 1563 4304 reipubl.
1621 4241 1851 4290 maxime
1888 4238 2018 4290 utile
2053 4240 2118 4290 de
2155 4239 2358 4291 arcanis
2411 4238 2703 4291 catholicae

455 4304 695 4356 veritatis
750 4309 848 4357 etc
924 4307 1185 4358 Orthonae
1242 4307 1399 4358 maris
1460 4306 1608 4360 1518.
1682 4309 1832 4359 Nach
1872 4309 2116 4375 Geiger
2151 4309 2198 4362 S.
2239 4309 2354 4360 309.
2427 4307 2706 4359 Vollendet

456 4373 634 4424 wurdo
671 4390 727 4424 es
762 4376 809 4426 4.
848 4374 986 4441 Sept.
1030 4377 1174 4428 1516
1248 4375 1394 4428 Doch
1434 4375 1503 4427 ist
1544 4376 1659 4428 eine
1699 4381 1855 4444 Ausg.
1904 4377 2077 4429 dieses
2130 4377 2316 4430 Jahies
2369 4394 2446 4428 zu
2451 4376 2704 4428 eifelhaft.

456 4440 756 4508 Bocking
795 4441 923 4509 Opp.
961 4443 1108 4497 Hutt.
1148 4443 1325 4511 Suppl.
1364 4445 1431 4512 11,
1468 4445 1552 4498 91.
