3084 4895
1164 410 1376 474 Mation
1409 425 1481 475 an
1515 409 1719 478 Urbsn.
2436 413 2563 488 403

317 599 548 677 (eutha.)
1368 591 1512 657 331.
1720 691 1724 698 .
2011 605 2081 674 (n.
2117 606 2167 660 8.
2204 606 2351 661 Febr.
2391 608 2563 679 1514.)

1055 716 1346 788 Mutian
1389 737 1488 790 an
1529 718 1808 789 Urban.

529 844 718 914 (maye
747 845 877 899 uber
909 845 1008 898 den
1048 845 1152 900 ‘sod
1181 847 1270 900 des
1305 845 1645 914 Erwssawfs
1692 845 1841 900 σφω
1871 863 1916 899 v.
1962 845 2343 914 amimea.)

449 959 704 1021 semper
735 960 888 1010 mihi
920 959 1275 1012 venerando
1310 961 1478 1023 patri
1512 960 1787 1019 Urbano,
1822 961 1959 1010 viro
1994 960 2435 1014 humanissimo

997 1048 1062 1098 et
1094 1047 1512 1108 integerrimo,
1548 1047 1636 1097 Μ.
1670 1044 1891 1097 Rufus.
1922 1091 1927 1098 .

523 1155 589 1222 S.
679 1154 761 1220 Et
804 1177 922 1220 nos
967 1157 1183 1222 eadem
1229 1157 1403 1235 hora,
1468 1180 1597 1241 qua
1663 1161 1807 1222 tuas
1873 1157 2091 1222 literas
2156 1155 2561 1239 adspicimus»,

323 1247 576 1307 nostras
641 1241 830 1306 hasce
903 1241 1337 1325 obsignamus.
1448 1242 1587 1308 Heu
1656 1243 1865 1308 dolor!
1938 1243 2095 1326 proh
2161 1241 2372 1308 nefas!
2448 1264 2563 1305 vae

318 1329 564 1393 miseris
625 1327 852 1392 ovibus
912 1335 1133 1394 enecto
1189 1330 1465 1412 pastore!
1480 1329 1492 1361 ¹
1590 1329 1813 1395 Testor
1874 1334 2006 1408 tua,
2076 1329 2324 1394 Christe
2388 1328 2561 1405 JeSU,

319 1418 654 1492 tormenta,
727 1414 1094 1481 luctuosam·
1149 1415 1306 1480 mihi
1372 1414 1567 1480 fuisse
1613 1421 1677 1480 et
1729 1437 1865 1480 esse
1930 1417 2331 1480 immaturam
2398 1416 2565 1478 tanti

319 1500 580 1566 luminis
625 1500 1134 1565 exstinctionem.
1229 1501 1282 1566 O
1349 1501 1587 1566 fluxam
1654 1502 1864 1584 spem!
1955 1502 2008 1567 O
2074 1499 2391 1566 infirmum
2468 1501 2563 1564 vel

319 1586 774 1669 sapientissimi
832 1585 1105 1652 hominis
1164 1587 1530 1651 consilium!
1622 1587 1775 1664 Quis
1819 1587 1943 1652 sibi
1989 1588 2335 1652 crastinum
2378 1586 2562 1671 polli-

319 1671 582 1738 ceatur?
670 1670 918 1736 Siccine
985 1673 1306 1756 subjectos
1369 1674 1651 1752 tuebare,
1718 1677 1791 1738 ut
1841 1673 1964 1737 tibi
2022 1673 2364 1738 novissima
2429 1673 2563 1736 fata

321 1780 450 1826 non
512 1758 914 1840 provideres?
1003 1759 1121 1824 Hei
1182 1760 1332 1837 tuis,
1393 1758 1498 1822 hei
1558 1759 1720 1824 tuis¹
1813 1758 1866 1823 O
1920 1759 2113 1832 dolor,
2171 1760 2377 1828 dolor!
2468 1757 2563 1824 Τιι

320 1849 644 1910 aeternum
694 1844 833 1908 vale
879 1849 944 1909 et
984 1845 1051 1908 in
1097 1866 1252 1926 pace
1311 1845 1587 1927 quiesce,
1640 1845 1850 1927 quoad
1904 1867 2024 1910 nos
2074 1850 2305 1925 tecum,
2366 1849 2564 1929 pater,

323 1931 406 1995 ad
451 1929 734 1994 tribunal
771 1929 932 2012 justi
969 1930 1202 2012 judicis
1247 1931 1670 1996 evocabimur.
1762 1929 1907 1994 Tibi
1950 1930 2065 1995 has
2110 1931 2417 2010 lacrimaS,
2450 1931 2565 1996 hos

321 2017 597 2098 gemitus
661 2015 934 2080 effunde.
1046 2015 1198 2080 Tuis
1266 2015 1558 2082 manibus
1626 2037 1905 2081 moerore
1970 2016 2283 2082 sacrifico:
2353 2017 2564 2082 forsan

321 2101 768 2185 imprudenter,
843 2107 1056 2167 tamen
1125 2103 1350 2168 devote
1409 2108 1472 2168 et
1532 2103 1639 2185 pia
1704 2102 2149 2168 sollicitudine.
2236 2102 2567 2168 Miraberis

323 2189 416 2252 ita
475 2199 574 2252 me
601 2199 629 2228 ⁸
682 2209 865 2269 agere
927 2188 1135 2255 virum
1202 2211 1488 2252 severum
1535 2194 1603 2253 et
1644 2210 1797 2252 sane
1850 2189 1913 2252 in
1972 2189 2253 2254 adversis
2323 2191 2564 2255 fortem

323 2273 553 2340 Fateor
599 2296 696 2338 me
751 2274 1045 2338 victun1¹>
1107 2277 1371 2339 naturae
1433 2275 1741 2358 potentia,
1802 2276 2255 2353 recordantem,
2315 2297 2440 2358 quo
2500 2275 2562 2338 in

321 2364 499 2424 statu
541 2361 807 2424 fluctuet
851 2360 1194 2424 multorum
1237 2361 1409 2424 salus
1453 2364 1518 2426 et
1563 2359 1881 2425 libertas·
1933 2359 2097 2426 Olim
2139 2361 2205 2424 in
2236 2361 2567 2444 gymnasio

323 2446 766 2513 Daventriensi
823 2446 1040 2513 audito
1100 2447 1382 2531 parentis
1441 2447 1624 2511 obitu
1678 2447 1841 2517 flevi.
1930 2446 2085 2513 Erat
2127 2442 2319 2531 Julian
2365 2450 2567 2527 ,munt

327 2534 582 2597 decurio
627 2532 828 2597 nostri
873 2534 1088 2615 oppidi
1132 2534 1484 2617 primarius,
1531 2534 1626 2597 vir
1670 2534 1866 2599 comis
1899 2536 2006 2599 et
1991 2556 2313 2613 innocens,
2346 2541 2565 2617 gratus

207 2634 210 2637 ’
323 2620 456 2686 suis
510 2620 776 2695 civihmz,
845 2624 1148 2700 patronus
1215 2641 1579 2702 pauperum.
1680 2619 1922 2684 Habuit
1988 2642 2245 2685 uxorem
2317 2623 2565 2685 Annam

326 2724 432 2768 ιωιι
477 2708 800 2786 Ωῖῑιιὴφιιιῃὴ
845 2727 923 2767 ex
970 2706 1078 2770 illa
1120 2705 1319 2769 nobili
1361 2705 1602 2769 familia
1647 2707 1933 2786 equitum
1963 2712 2055 2767 het
2089 2726 2190 2769 nnn
2222 2708 2563 2788 Qttntputgk.

324 2791 496 2855 Haec
555 2796 846 2854 matrona
891 2813 1215 2874 nunquam
1270 2793 1428 2856 satis
1487 2792 1747 2856 laudata
1792 2814 1891 2857 me
1933 2793 2172 2873 genuit.
2261 2792 2331 2855 ln
2388 2792 2566 2872 cujus

323 2876 497 2941 vitae
543 2877 719 2940 exitu
765 2876 1012 2941 flebam.
1103 2876 1334 2942 Postea
1381 2878 1645 2942 moritur
1700 2876 1844 2941 Joh.
1908 2876 2327 2959 Engelmanni
2388 2880 2566 2942 ante-

325 2983 556 3039 cessor,
607 2984 780 3025 meus
824 2961 1033 3027 fr.ater
1043 2961 1064 2995 ²
1154 2961 1312 3027 Tum
1358 2964 1509 3027 item
1556 2964 1803 3027 flebam.
1895 2964 2156 3028 Demum
2218 2964 2380 3027 alter
2425 2985 2565 3045 ger-

329 3044 585 3113 manus³
631 3049 764 3112 vita
795 3050 1095 3113 excessit.
1143 3070 1270 3113 non
1305 3050 1592 3114 continui
1625 3048 1949 3130 ejulatum.
2026 3052 2190 3113 Ante
2220 3050 2282 3113 id
2317 3054 2566 3132 tempus

324 3134 364 3198 i.
413 3157 464 3198 e.
512 3139 660 3198 ante
691 3134 1014 3198 decessum
1048 3135 1246 3218 patris
1290 3139 1352 3198 et
1399 3140 1542 3217 post
1587 3136 1649 3197 in
1698 3134 1867 3198 hunc
1898 3136 2059 3199 diem
2097 3156 2225 3199 non
2256 3135 2567 3199 memini⁰

324 3220 593 3284 flevisse.
681 3219 866 3284 Nunc
927 3221 1149 3284 deflevi
1203 3220 1404 3285 fatum
1461 3222 1859 3303 repentinum
1919 3222 2237 3303 pontificis
2292 3221 2565 3303 pruden-

323 3306 557 3371 tissimi
600 3309 763 3370 teste
808 3306 1166 3388 pannicuIO,
1214 3328 1340 3395 quo
1387 3307 1710 3389 tergebam
1760 3306 1873 3369 hos
1919 3307 2156 3371 oculos

633 3405 756 3459 Cod.
791 3405 924 3461 Frcf.
962 3405 1078 3460 358.

325 3502 557 3631 (Gotha.)
1367 3544 1510 3610 332.
2192 3560 2353 3630 (Msrz
2393 3561 2565 3631 1514.)

1069 3672 1356 3743 Mutian
1400 3692 1496 3743 an
1551 3672 1825 3743 Urban.

327 3802 640 3871 (Spdttiscke
674 3800 1064 3871 Bemerkunycn
1095 3800 1223 3855 u‘her
1243 3800 1341 3855 das
1361 3801 1583 3925 gocilo&
1644 3790 1777 3939 U)ber
1798 3800 2085 3855 Reuchlim
2107 3800 2341 3854 deutsche
2365 3800 2566 3869 Subrisi

1170 3888 1328 3940 yeqen
1397 3888 1446 3923 w
1531 3890 1561 3924 0
1580 3888 1677 3925 ner

756 3985 839 4037 Η.
875 3986 1131 4037 Urbano
1165 3987 1361 4037 amico
1398 3986 1701 4048 singulari
1734 3982 1842 4053 (M.
1878 3982 2123 4052 Rufus).
2432 4058 2435 4060 Δ

534 4095 599 4161 S.
689 4096 860 4161 More
907 4097 1075 4163 docti
1119 4120 1508 4163 maceramus
1554 4119 1669 4163 nos
1715 4097 1943 4162 inedia.
2034 4096 2244 4161 Vincit
2272 4100 2564 4190 naturam

465 4266 494 4294 a.
521 4267 606 4303 me
646 4251 722 4303 ita
759 4250 905 4304 Tem.
1043 4255 1072 4294 b
1097 4252 1292 4307 fictum.
1433 4252 1636 4305 eme.
1671 4251 1788 4319 vayt
1823 4267 1908 4303 me
1942 4250 2044 4303 ein.

473 4322 488 4353 ¹
525 4320 634 4373 Der
667 4320 816 4375 E1·.zb
854 4320 1001 4374 Uriel
1037 4337 1140 4375 von
1176 4321 1346 4374 Mainz
1372 4322 1513 4377 starb
1547 4321 1597 4374 8.
1633 4320 1781 4374 Febr.
1810 4321 1957 4373 1514.
2070 4322 2089 4353 ²
2122 4320 2229 4371 Der
2244 4318 2565 4372 Mainzische

325 4382 783 4444 Kuchenmeister.
841 4389 890 4444 S.
921 4390 984 4443 13
1006 4394 1069 4445 A.
1109 4393 1155 4444 1.
1209 4390 1255 4442 V
1260 4390 1326 4459 g.l
1365 4388 1415 4444 S.
1453 4391 1555 4445 206
1589 4393 1651 4445 A.
1688 4390 1735 4443 2.
1844 4391 1865 4422 ⁸
1896 4384 2003 4443 De‘r
2022 4388 2306 4442 Hessische
2325 4387 2565 4456 Kanzler,

325 4461 367 4524 †
405 4458 555 4513 1504.
627 4447 774 4512 Uber
805 4456 1035 4513 Mutians
1068 4407 1293 4513 Briiderg
1303 4458 1406 4527 vgl.
1443 4458 1576 4513 Einl.
2020 4529 2102 4593 26
2124 4527 2157 4565 *
