3084 4895
411 339 494 402 24
1045 406 1052 411 ἱ
1095 335 1266 388 Bnefe
1304 331 1386 387 bis
1423 351 1536 388 zum
1577 334 1779 390 Herbst
1818 336 1964 390 1505.

413 511 769 576 consultum
806 510 1075 588 videtur,
1120 513 1194 572 ut
1223 509 1410 574 simul
1444 509 1810 593 patrimonii
1842 512 2005 574 vires
2052 512 2435 577 exhauriam.
2512 514 2659 578 Vale

415 603 476 661 et
522 620 663 660 ama
723 601 788 660 te
851 601 1188 659 amantem.
1294 595 1458 659 Olim
1519 597 1779 679 promisi
1834 603 1895 659 te
1940 596 2221 662 futurum
2270 599 2658 663 historicum.

409 685 631 764 Itaque
701 683 968 746 libenter
1037 703 1310 764 agnosce
1370 681 1626 745 titulum
1690 682 1877 764 hujus
1924 686 2241 764 epistolae.
2334 685 2425 749 Tu
2471 687 2657 763 enim,

415 771 466 832 si
515 792 612 832 me
645 768 908 841 amabiS,
959 791 1175 831 omnes
1219 767 1679 832 ecclesiasticas
1712 770 2009 832 historias
2041 772 2288 834 tenebis
2320 778 2391 834 ut
2425 773 2660 854 digitos

411 861 574 918 tuos,
670 855 923 918 Utinam
993 854 1256 917 haberes
1318 854 1583 917 Paulum
1632 854 1939 928 Orosium,
1992 856 2327 920 Eusebium
2376 859 2451 921 de
2498 864 2659 920 tem-

413 941 694 1022 poribUS,
729 941 1044 1003 Platinam
1075 953 1120 1016 ⁸,
1169 941 1479 1003 Blondum
1501 940 1540 1015 ¹,
1591 945 1653 1004 et
1700 965 1778 1003 ex
1812 941 2090 1022 profanis
2122 943 2469 1022 Justinum,
2503 943 2658 1008 Cur-

413 1029 593 1102 tium,
629 1027 874 1090 Livium
927 1030 990 1088 et
1032 1031 1273 1090 ceteros
1305 1030 1369 1088 et
1394 1027 1755 1108 praesertim
1782 1025 2079 1091 Severum
2108 1034 2171 1092 et
2193 1029 2660 1094 Justinianum²

414 1119 476 1176 et
537 1112 844 1194 ejusmodi
912 1112 1116 1175 cultos
1177 1113 1530 1193 scriptores.
1638 1112 1929 1176 Monachi
1987 1116 2429 1180 mendicabula
2484 1138 2661 1198 spar-

414 1205 595 1280 gunt,
645 1220 846 1260 meras
893 1219 1114 1278 nugae.
1204 1198 1326 1260 Vos
1359 1198 1599 1280 copiosi
1630 1198 2024 1262 frumentarii
2060 1223 2183 1265 non
2220 1202 2461 1266 debetis
2502 1202 2661 1268 istos

414 1285 670 1362 imitari,
721 1305 909 1366 quom
956 1284 1098 1346 sitis
1142 1305 1210 1348 re
1253 1290 1318 1348 et
1361 1284 1661 1366 opinione
1709 1284 1991 1370 majores.
2084 1287 2335 1374 Raptim
2391 1311 2427 1354 a
2480 1311 2655 1356 cena.

721 1385 844 1438 Cod.
881 1383 1015 1440 Frof.
1055 1385 1134 1439 14.

416 1609 647 1679 (Gotha.)
1488 1612 1588 1678 23,
1862 1687 1871 1696 ι
2002 1612 2158 1682 (Aug.
2194 1613 2275 1672 od.
2312 1612 2451 1684 Sept.
2491 1615 2662 1682 1505.)

1118 1747 1404 1817 Mutian
1452 1767 1548 1816 an
1595 1746 1953 1834 Spalatin.

962 1884 1202 1952 (Mutian
1235 1886 1327 1938 hat
1362 1885 1508 1938 mehr
1544 1885 1753 1938 Biiclwr
1786 1886 2118 1953 anqemerlct.)

620 1984 924 2070 Magistro
979 2008 1246 2069 Georgio
1300 2007 1623 2068 spalatino
1675 2008 1945 2060 melioris
1991 2009 2338 2070 theologiae
2375 2010 2662 2064 consulto

1471 2095 1561 2144 Μ.
1597 2093 1812 2148 Rufus.

625 2203 688 2268 S.
780 2205 879 2268 Dii
943 2206 1170 2268 summi
1219 2208 1282 2268 et
1325 2205 1636 2288 patellarii
1682 2205 1946 2288 perdant
1992 2206 2183 2270 istum
2232 2206 2483 2272 tardum
2530 2213 2663 2273 sto-

417 2291 742 2373 lidumque
790 2291 1082 2355 nuntium
1113 2292 1158 2353 ¹³.
1250 2291 1320 2353 In
1369 2292 1733 2374 crepusculo
1782 2292 1981 2355 rediit.
2082 2293 2207 2355 Vah
2255 2294 2477 2356 barde!
2541 2294 2662 2358 vah

415 2377 651 2441 morio!
747 2379 910 2441 Vade
956 2378 1021 2440 in
1069 2378 1406 2440 maximam
1455 2379 1683 2441 malam
1732 2378 2009 2442 crucem!
2104 2379 2171 2442 Si
2237 2381 2425 2443 citius
2487 2402 2663 2443 reve-

426 2467 644 2538 nisset,
692 2466 1072 2529 cucurrisset
1117 2463 1390 2528 Paulus³
1437 2465 1513 2528 ad
1565 2464 1911 2541 Urbanum,
1960 2488 2037 2528 ne
2083 2466 2347 2530 honesto
2405 2469 2660 2549 negotio

425 2552 601 2614 fieret
630 2562 653 2591 0
697 2572 958 2615 remora.
1065 2552 1188 2615 Vos
1243 2552 1329 2615 dii
1393 2551 1731 2629 maledicti,
1794 2573 1904 2615 vos
1950 2553 2100 2615 deae
2146 2552 2507 2629 vilissimae,
2555 2577 2665 2618 cur

418 2638 742 2719 opponitis
787 2637 1167 2702 obstacula?
1255 2638 1487 2701 Valete.
1579 2638 1808 2701 Invoco
1863 2644 1945 2713 te,
2014 2638 2100 2701 fili
2165 2638 2283 2713 dei,
2352 2640 2663 2705 subventa

420 2731 568 2787 voto
631 2730 694 2786 et
755 2746 1048 2805 promove
1101 2730 1353 2807 coepta..
1456 2723 1804 2806 Spalatine,
1868 2724 1955 2788 sic
2002 2724 2194 2787 habet
2240 2731 2429 2808 caput
2471 2728 2665 2791 ratio-

428 2811 766 2874 cinationis
812 2833 1003 2874 meae.
1085 2811 1362 2873 Primum
1411 2811 1621 2892 cogito
1670 2832 1795 2873 rem
1830 2811 2017 2873 istam
2054 2810 2307 2875 Urbano
2351 2836 2487 2877 esse
2530 2835 2663 2878 mo-

417 2898 660 2961 lestam.
754 2898 992 2961 Deinde
1060 2905 1270 2961 metuo
1337 2897 1655 2960 fraudem:
1735 2918 1810 2958 ne
1884 2897 2155 2960 Venetiis
2203 2897 2503 2962 indicatio
2550 2899 2664 2963 fiat

426 2984 642 3065 major,
709 3005 896 3065 quam
967 2989 1038 3046 ut
1104 3006 1214 3066 par
1260 2985 1361 3047 sit.
1451 2982 1613 3046 Nam
1661 2983 1837 3063 cujus
1885 3005 2057 3046 merx
2103 2988 2218 3059 est,
2266 2991 2519 3068 propter
2565 3008 2663 3049 me

419 3070 577 3133 nihil
622 3071 921 3133 remittet.
992 3069 1346 3151 Utcunque,
1383 3069 1691 3132 concludo
1724 3070 1891 3150 apud
1928 3092 2023 3131 me
2056 3069 2259 3151 ipsum
2307 3072 2461 3134 velle
2504 3073 2665 3153 peri-

364 3223 369 3228 ,
421 3156 630 3220 culum
665 3156 887 3232 facere,
921 3157 982 3219 id
1017 3163 1112 3219 est
1145 3156 1430 3239 experiri.
1497 3155 1593 3219 Ob
1630 3156 1710 3230 id,
1746 3157 2032 3235 quamvis
2066 3156 2311 3219 modica
2354 3157 2661 3235 volebam,

428 3265 594 3307 nunc
643 3244 908 3325 plurima
963 3250 1190 3325 petam.
1284 3242 1351 3305 Si
1401 3243 1638 3304 interea
1685 3243 1930 3315 morior,
1978 3243 2097 3305 erit
2142 3243 2309 3305 unde
2354 3244 2662 3323 satisfiat3

420 3330 516 3391 sin
565 3330 698 3392 vita
742 3330 1042 3405 manebit,
1111 3330 1267 3391 fides
1335 3328 1535 3391 stabit
1604 3329 1995 3391 inconcussa.
2106 3330 2189 3390 At
2254 3330 2304 3391 si
2371 3329 2663 3395 Urbanus

423 3420 635 3479 noster
697 3417 878 3479 aliter
932 3416 1145 3492 sentit,
1204 3414 1358 3477 haec
1420 3416 1631 3477 omnia
1698 3413 1855 3476 nihil
1920 3422 2127 3476 sunt0.
2218 3415 2375 3479 Nam
2424 3416 2663 3499 absque

423 3501 900 3566 Focchariorum
951 3525 1140 3583 opera
1185 3500 1338 3565 nihil
1387 3522 1526 3581 agO.
1616 3500 1861 3563 Priores
1907 3501 2159 3565 chartae
2207 3501 2660 3583 discerpantur,

424 3587 677 3668 dempta
723 3588 802 3651 ad
851 3589 1076 3653 Aldum
1111 3587 1132 3619 ⁴
1179 3588 1465 3671 epistola,
1537 3608 1698 3669 quae
1745 3608 1883 3649 cum
1932 3585 2050 3649 hoc
2096 3587 2302 3651 indice
2351 3590 2659 3667 mittatur,

556 3903 583 3929 a
610 3889 901 3959 Platynam.
975 3900 1002 3936 b
1032 3896 1298 3949 nuncium.
1373 3910 1396 3937 0
1423 3897 1525 3948 fiet.
2207 3956 2214 3963 ,

570 3960 583 3987 ¹
621 3958 800 4014 Flavio
824 3963 1038 4030 Biondo,
1075 3965 1362 4018 romischer
1407 3964 1697 4017 Histoi-iker
1734 3963 1825 4015 des
1853 3966 1928 4016 15.
1949 3964 2129 4018 Jahrb.
2192 3956 2337 4017 Uber
2372 3964 2575 4018 Platina
2611 3964 2661 4019 S.

423 4024 456 4075 6
491 4026 552 4077 A.
597 4029 637 4079 1.
751 4034 799 4064 ·²
835 4032 930 4083 Ein
969 4034 1399 4090 Venetianischer
1435 4033 1717 4085 Gelehrter.
1795 4032 1912 4098 Vgl.
1952 4050 2019 4084 zu
2061 4032 2138 4087 ΒΓ.
2184 4034 2295 4087 183.
2366 4034 2534 4087 Unter
2569 4033 2660 4087 Se-

421 4108 586 4170 verus·
612 4095 681 4147 ist
723 4100 985 4166 Sulpicius
1023 4102 1071 4156 S.
1133 4120 1197 4155 zu
1241 4103 1504 4163 verstehn,
1555 4103 1740 4153 dessen
1787 4101 1908 4153 Vita
1956 4100 2166 4154 Martini
2206 4103 2321 4156 Tur.
2360 4102 2488 4155 Ven.
2531 4102 2656 4155 1501

422 4162 672 4239 erschien.
815 4172 834 4199 ³
870 4171 1066 4223 Paulus
1109 4173 1368 4239 AquiliUS,
1422 4171 1651 4223 Mutians
1683 4169 1869 4221 alterer
1887 4170 2094 4236 Bienor,
2132 4172 2521 4224 administrator
2540 4171 2660 4238 cibi,

413 4228 557 4281 -1512
605 4249 656 4309 in
711 4236 794 4287 ein
843 4238 1068 4291 Gothaer
1119 4240 1360 4308 Hospital
1401 4240 1719 4307 eingekauft.
1813 4238 1896 4291 ΒΓ.
1940 4239 2051 4291 194.
2212 4243 2231 4272 ‘¹
2266 4238 2543 4305 Schiick,
2598 4243 2660 4294 A.

422 4296 702 4356 Manutius,
774 4305 910 4359 Berl.
961 4308 1105 4362 1862.
1196 4310 1450 4379 Geiger,
1489 4314 1549 4362 A.
1589 4308 1657 4361 M.
1695 4325 1743 4360 11.
1783 4306 1831 4359 d.
1871 4308 2105 4363 (leutsch.
2148 4309 2304 4364 Hum.
2360 4309 2415 4361 in
2463 4308 2661 4366 Ztschr.

419 4365 451 4417 s.
493 4367 742 4425 deutsche
779 4373 1137 4446 Culturgesch.
1179 4378 1331 4447 1875,
1369 4377 1418 4432 S.
1457 4377 1742 4432 112—124.

3032 3676 3047 3713 ss
