3084 4895
458 385 579 462 112
1208 383 1383 450 Briefe
1419 412 1521 450 von
1563 397 1914 453 1508-1509.

457 637 688 706 (Gotha.)
1354 671 1364 680 ·
1527 625 1629 688 96.
1886 661 1891 666 ·
2230 641 2491 710 (Sommer
2530 638 2699 704 1508.)

1152 748 1436 818 Mutian
1483 769 1578 819 an
1624 750 1988 821 Her-bord.

459 875 717 954 (Warqtm
764 875 984 928 Mutian
1029 876 1204 929 niehts
1253 877 1348 945 fiir
1388 878 1473 931 die
1523 867 1903 946 (Jffentliehkeit
1943 878 2203 932 schreibt?
2283 879 2402 932 Wer
2434 879 2532 931 das
2566 877 2698 930 Pro·

451 944 730 1012 qnostzkon
752 945 842 996 der
872 944 1122 1024 Erfqaerter
1139 946 1545 1000 Matleematilcer
1560 949 1804 1002 stv'lesiert
1833 950 1923 1002 kat
1936 949 1964 1000 ,9
2032 949 2132 1000 Die
2158 947 2367 1001 Namen
2386 949 2477 1000 der
2500 946 2699 1013 Grafen

455 1031 557 1066 von
579 1013 889 1080 Hennebem,
926 1015 1010 1066 dw
1040 1015 1354 1069 Venatmdus
1373 1017 1750 1070 witerne-Met?
1818 1017 2161 1085 Aufzc‘ilduny
2184 1035 2283 1070 τοπ
2302 1017 2697 1070 Barbari-emen.

1070 1084 1177 1136 Lob
1210 1085 1301 1137 der
1342 1086 1733 1139 Ciceroni-seben
1786 1087 2089 1154 Wortfic'lle.)

645 1197 1009 1248 Herebordo
1046 1200 1408 1261 margarito,
1437 1201 1801 1262 jurisperito
1837 1203 2083 1264 egregio
2120 1199 2228 1268 (Μ.
2264 1197 2507 1264 Rufus).

663 1307 727 1373 S.
817 1307 887 1373 Si
944 1311 1277 1392 quisquam
1334 1311 1456 1376 fuit
1516 1334 1795 1394 unquam
1846 1318 2121 1376 remotus
2167 1312 2248 1376 ab
2294 1311 2469 1376 inani
2515 1311 2699 1374 laude

463 1399 527 1459 et
571 1395 835 1472 ambitu,
905 1418 1021 1476 ego
1078 1397 1358 1478 profecto
1404 1399 1458 1460 is
1504 1421 1663 1476 sum,
1734 1400 1843 1480 qui
1894 1407 2171 1463 secretus
2216 1422 2253 1463 a
2296 1398 2503 1462 turbis
2550 1396 2699 1460 mihi

460 1482 709 1545 demum
735 1481 923 1562 juxta
954 1482 1343 1546 Hismeniam
1377 1485 1583 1548 cano.¹
1676 1485 1811 1561 Qua
1843 1486 1906 1547 in
1950 1507 2015 1548 re
2062 1486 2273 1548 videor
2320 1483 2697 1565 quibusdam

459 1589 593 1630 esse
639 1568 827 1631 nimis
887 1575 1194 1634 austerus.
1297 1569 1538 1634 Putant
1583 1572 1747 1634 enim
1796 1572 1935 1635 ideo
1984 1593 2098 1634 nos
2142 1571 2461 1634 abstinere
2504 1592 2541 1632 a
2585 1590 2699 1650 pu-

457 1654 626 1717 blico
673 1659 737 1717 et
783 1655 964 1736 quasi
1025 1657 1159 1718 sine
1214 1662 1445 1720 conatu
1488 1657 1697 1739 jacere
1742 1679 1814 1720 ac
1867 1658 2141 1721 laborem
2200 1657 2700 1735 industriamque

461 1740 764 1821 refugere,
812 1741 978 1822 quod
1028 1742 1321 1818 nesciam,
1371 1765 1559 1824 quam
1608 1743 1835 1807 ardens
1868 1743 1974 1807 fax
2010 1745 2093 1806 sit
2124 1743 2342 1825 gloria,
2390 1747 2697 1823 quantum

459 1831 523 1889 et
568 1827 717 1908 quid
787 1826 1006 1889 amicis
1075 1835 1138 1890 et
1207 1831 1444 1910 patriae
1509 1836 1574 1892 et
1640 1830 1889 1893 saeculo
1959 1830 2279 1892 debeatur.
2398 1827 2580 1890 Caeci
2637 1831 2701 1889 et

459 1913 834 1994 praecipites
899 1912 1204 1991 feruntur,
1279 1916 1387 1996 qui
1441 1916 1753 1996 ejusmodi
1810 1916 2166 1978 rationibus
2228 1920 2447 1994 agunt.
2540 1913 2696 1975 Nam

459 1999 672 2061 omnia
739 2020 982 2062 mecum
1049 2006 1252 2063 ante⁸
1333 2003 1542 2082 peregi
1612 2007 1675 2064 et
1739 2006 1996 2084 paratus
2060 2023 2197 2065 sum
2268 2001 2429 2062 hane
2498 2020 2697 2060 meam

459 2106 740 2148 securam
809 2090 873 2148 et
943 2108 1082 2149 vere
1149 2087 1408 2150 Beatam
1483 2087 2031 2168 Tranquillitatem
2104 2087 2219 2164 vel,
2298 2093 2370 2148 ut
2437 2085 2545 2148 isti
2608 2085 2700 2146 lo-

459 2176 760 2252 quuntur,
827 2172 1142 2248 inertiam,
1211 2174 1535 2250 desidiam,
1611 2175 1927 2255 ignaviam
1994 2174 2072 2237 ab
2140 2174 2310 2236 omni
2388 2171 2702 2234 calumnia

460 2257 806 2321 defendere.
900 2257 1071 2322 Nihil
1144 2283 1348 2323 moror
1410 2261 1721 2357 gloriosos
1779 2258 2340 2332 nomodidascalos',
2416 2257 2702 2319 homines

458 2345 836 2427 philodoxos
868 2349 932 2407 et
962 2365 1485 2428 πομφαστικους,
1519 2347 1869 2410 studiorum
1904 2346 2145 2409 fructus
2176 2345 2252 2408 ad
2282 2345 2700 2414 honestatem,

458 2454 583 2495 non
650 2431 730 2495 ad
785 2434 1116 2514 quaestum
1182 2439 1244 2497 et
1288 2434 1781 2497 ostentationem
1828 2431 2123 2506 refer-ene,
2172 2453 2297 2495 non
2346 2429 2479 2493 sine
2524 2429 2704 2511 gravi

461 2518 744 2594 consilio,
777 2539 918 2581 cum
951 2519 1035 2581 sit
1066 2519 1202 2599 ipsa
1237 2520 1389 2584 mihi
1447 2520 1871 2600 „conscientia
1898 2520 1927 2558 b
1968 2540 2076 2600 pro
2122 2518 2291 2581 mille
2330 2512 2697 2592 testibus‚“²

461 2604 782 2686 popularis
855 2609 1066 2667 autem
1143 2605 1356 2686 opinio
1433 2606 1748 2687 litigiosos
1822 2606 2013 2669 faciat
2086 2609 2149 2667 et
2220 2602 2565 2665 insolentes
2638 2606 2703 2664 et

461 2697 790 2773 propterea
822 2690 1058 2753 multos
1090 2689 1326 2755 habeat
1371 2693 1848 2756 obtrectatores,
1916 2691 2119 2767 Quare
2152 2710 2431 2753 mussare
2458 2686 2701 2749 decrevi

458 2779 529 2841 in
574 2777 747 2840 omni
792 2777 941 2854 vita,
991 2776 1148 2840 nihil
1181 2778 1378 2854 edere,
1413 2801 1491 2841 ne
1521 2783 1635 2841 aut.
1666 2778 1863 2841 aleam
1897 2777 2109 2840 subire
2140 2781 2253 2839 aut
2285 2776 2346 2837 in
2380 2780 2701 2836 mustaceo

410 2925 414 2931 ,
459 2862 801 2926 laureolam
883 2883 1182 2943 quaerere
1266 2861 1638 2928 videamur.³
1757 2863 1972 2926 Habeo
2049 2861 2282 2943 quibus
2353 2881 2449 2922 me
2523 2865 2702 2922 tuear

465 2949 769 3031 exempla.
861 2948 1068 3013 Galba
1114 2950 1401 3013 tradente
1450 2949 1749 3013 Cicerone
1796 2950 1954 3013 nihil
1998 2948 2268 3030 scripsit,
2316 2946 2703 3025 cogit-atione

461 3036 596 3099 sola
641 3036 911 3117 insignis
957 3044 1184 3098 orator.
1277 3037 1440 3111 Quid
1472 3035 1785 3117 Socrates,
1833 3035 1984 3115 quid
2018 3033 2307 3097 Christus
2350 3030 2701 3111 scripsere?
2752 3045 2755 3046 ’

459 3121 653 3199 Nihil,
724 3121 893 3203 quod
956 3123 1169 3184 sciam.
1273 3122 1448 3186 Illius
1517 3123 1682 3183 enim
1745 3122 2093 3185 sententias
2161 3120 2340 3182 Plato
2407 3118 2701 3191 celebrat,

461 3208 648 3290 hujus
678 3207 1014 3291 parabolas
1047 3213 1319 3289 quatuor
1351 3207 1634 3271 historici
1668 3207 1911 3271 nobiles
1942 3206 2241 3269 ecclesiae
2272 3202 2699 3286 prodiderunt.

463 3297 546 3358 At
591 3316 736 3359 vero
781 3302 894 3358 tua
940 3316 1088 3375 erga
1120 3315 1236 3371 me,
1286 3316 1446 3375 quae
1479 3294 1820 3375 singularis
1864 3299 1980 3371 est,
2027 3290 2433 3356 observantia
2460 3288 2487 3326 b
2533 3288 2700 3362 fecit,

462 3386 534 3446 ut
581 3382 890 3464 quaedam
940 3382 1149 3461 capita
1197 3386 1553 3444 nostrarum
1589 3380 2120 3453 observationum,
2169 3398 2329 3457 quae
2363 3381 2473 3437 tua
2506 3375 2701 3436 inter-

460 3475 629 3544 sunt,
694 3490 818 3531 non
885 3469 1001 3531 sim
1065 3488 1288 3548 passus
1356 3473 1418 3530 te
1484 3468 1726 3530 diutius
1792 3465 2161 3527 desiderare.
2278 3462 2366 3525 Ea
2447 3460 2699 3541 quidem

459 3578 676 3637 nuper,
741 3575 935 3636 quum
997 3553 1232 3616 ist-hinc
1276 3554 1400 3627 huc
1443 3553 1522 3616 ad
1570 3575 1667 3615 me
1714 3552 2011 3628 venisseS,
2056 3551 2220 3612 inter
2264 3568 2595 3611 concessas
2641 3552 2704 3622 et

461 3642 683 3705 solitas
750 3647 942 3722 atque
1009 3640 1166 3703 adeo
1228 3639 1512 3702 literatas
1581 3638 2013 3702 cavillationes
2082 3635 2453 3716 impetrasti.
2560 3632 2698 3695 Non

459 3734 666 3791 totum
694 3728 984 3790 volumen
1010 3727 1616 3807 transscripsimus,0
1648 3724 1929 3787 contenti
1957 3721 2118 3785 hanc
2138 3722 2430 3783 vicariam
2451 3740 2698 3799 operam

461 3814 578 3877 tibi
644 3816 846 3877 amico
900 3817 963 3874 et
1008 3813 1292 3875 studioso
1361 3812 1698 3875 vetustatis
1753 3808 2162 3892 praestitisse.
2266 3806 2444 3881 Quod
2492 3806 2543 3866 si
2590 3805 2704 3866 has

597 4032 626 4060 a
652 4022 770 4070 ante
804 4017 928 4084 fehlt
964 4016 1048 4068 hei
1084 4017 1227 4069 Tem.
1302 4021 1329 4058 b
1358 4018 1405 4069 oi
1441 4022 1503 4069 st.
1541 4016 1598 4067 ti.
1672 4029 1696 4057 ο
1724 4013 2157 4081 transcripsimus
2652 4076 2661 4084 ο

604 4091 618 4119 ¹
657 4088 726 4141 M.
766 4088 905 4154 giobt
942 4088 1112 4155 selber
1149 4087 1459 4139 Aufsohluss
1495 4086 1626 4137 iiber·
1660 4084 1959 4137 Hismenias
1998 4084 2045 4133 in
2084 4081 2170 4132 Bi.
2205 4078 2287 4131 8‘2.
2430 4078 2449 4109 ²
2486 4075 2701 4153 Quintil.

463 4157 524 4214 V,
567 4159 643 4213 11,
679 4160 760 4209 41.
905 4158 925 4187 ³
960 4156 1104 4208 Uber
1139 4156 1367 4208 Mutians
1403 4155 1579 4207 Scheu
1626 4171 1721 4206 voi·
1769 4152 2093 4206 offontlicher
2136 4145 2553 4224 Schrii‘tstellerel
2600 4144 2701 4222 vgl.

463 4226 595 4279 Einl.
669 4226 783 4278 Nur
817 4227 898 4278 ein
938 4226 1097 4276 Werk
1135 4226 1268 4277 iiber
1301 4224 1550 4277 Rhetorik
1588 4240 1697 4275 war
1732 4223 1863 4275 nach
1901 4222 2096 4273 seinem
2122 4217 2257 4269 Tode
2282 4233 2355 4266 nn
2382 4214 2704 4279 Manusoript

465 4296 712 4348 erhalten.
785 4296 882 4348 Die
919 4296 1092 4361 capita
1129 4295 1567 4351 observationum,
1606 4309 1707 4345 von
1745 4294 1911 4344 denen
1948 4306 2005 4341 er
2040 4289 2112 4365 ini
2148 4285 2263 4349 folg.
2303 4284 2470 4348 einige
2502 4282 2703 4360 Probet}

461 4365 689 4428 mitteilt,
735 4369 919 4433 rn‘ogen
969 4365 1052 4415 ein
1111 4364 1389 4415 Abschnitt
1442 4378 1536 4414 aus
1588 4364 1784 4413 diesem
1822 4359 1985 4412 durch
2025 4357 2107 4407 dio
2146 4353 2581 4431 Boobaohtungen
2622 4352 2702 4402 bei

463 4434 555 4486 der
589 4434 813 4487 Lektiire
851 4432 1153 4486 allinahlich
1188 4433 1560 4484 entstandenen
1598 4431 1791 4481 XVorke
1827 4441 2062 4496 gcwesen
2101 4439 2227 4475 selu.
