3084 4895
421 413 550 478 476
1261 412 1437 466 Briefe
1473 410 1567 465 des
1602 412 1651 466 J.
1692 411 1839 466 1514.

425 585 614 650 Nosti
689 583 892 666 spurii
964 581 1266 648 hominis¹
1339 581 1671 647 infamiam
1740 585 1806 648 et
1870 587 2097 649 cetera.
2189 584 2359 649 Vale.
2403 585 2707 651 -Datum

421 670 579 734 hora
623 672 816 734 tertia
859 670 1262 733 antelucana.

729 769 852 824 Cod.
889 769 1024 822 Frcf.
1063 769 1180 822 389.

421 957 654 1026 (Gotha.)
1467 942 1615 1007 408.
2062 958 2180 1026 (vor
2217 960 2297 1013 13.
2334 957 2475 1026 Sept.
2516 959 2704 1029 1514.)

1177 1067 1471 1138 Mutian
1514 1088 1615 1138 an
1657 1067 1939 1138 Urban.

423 1196 620 1262 (Gen
653 1195 753 1248 den
785 1195 1072 1248 schleckten
1122 1195 1426 1258 Bao-tholus,
1481 1197 1583 1248 den
1624 1197 1914 1264 Giinstliny
1964 1197 2052 1249 des
2106 1195 2279 1249 Abtes
2350 1195 2555 1248 Mb‘ehte
2606 1194 2707 1247 ein

419 1264 633 1316 achimee
669 1265 899 1328 Amulet,
937 1263 1062 1327 aber
1095 1281 1147 1316 es
1181 1265 1306 1331 fehlt
1341 1281 1418 1316 an
1460 1265 1601 1318 Geld.
1662 1264 1909 1318 Dietmar
1931 1266 2047 1318 und
2070 1265 2249 1318 Schilo
2271 1263 2433 1316 sollen
2454 1263 2707 1329 schiirfer

417 1349 550 1385 xum
583 1332 784 1386 Zahlen
817 1349 892 1384 an
854 1316 1132 1384 nehalim
1165 1333 1380 1386 werden.
1467 1333 1650 1386 Urbem
1683 1333 1785 1386 soll
1817 1333 1955 1386 bevm
1990 1332 2120 1386 Abte
2153 1350 2238 1386 em
2230 1332 2449 1401 pfohlen
2471 1332 2703 1384 werden.

918 1400 1027 1452 lius
1063 1401 1207 1454 bittet
1241 1419 1339 1454 um
1375 1401 1538 1468 Hiclfe
1570 1418 1732 1469 yeqen
1770 1402 1955 1454 seine‘n
1992 1350 2312 1468 Stiefvater.)

555 1513 1103 1566 Praestantissimo
1138 1515 1437 1576 magistro
1473 1515 1556 1566 H.
1592 1515 1870 1576 Urbano,
1905 1515 2103 1566 amico
2139 1527 2267 1566 non
2299 1513 2568 1576 vulgari,

1383 1601 1475 1650 M.
1512 1599 1738 1652 Rufus.

630 1709 969 1774 Carissime
1011 1711 1101 1773 mi
1151 1714 1328 1792 pater
1375 1716 1440 1775 et
1484 1712 1890 1794 optatissime
1949 1713 2036 1775 mi
2084 1711 2356 1790 domine,
2427 1711 2691 1788 falleriS,

427 1797 478 1859 si
530 1795 932 1860 Bartholum²
980 1795 1241 1860 trioboli
1287 1796 1465 1861 facis
1555 1797 1699 1861 Non
1748 1801 1863 1874 est,
1910 1819 2239 1879 nunquam
2302 1798 2425 1861 fuit
2484 1819 2699 1879 neque

427 1883 546 1945 erit
591 1883 780 1945 tanti.
874 1881 989 1944 Est
1034 1882 1200 1946 enim
1249 1903 1432 1946 cassa
1475 1904 1639 1946 nuce
1685 1883 1868 1948 vilior
1916 1887 1981 1948 et
2024 1883 2252 1964 quavis
2294 1884 2443 1967 alga
2487 1884 2702 1947 omni-

423 1990 544 2049 que
607 1968 832 2031 subere
901 1967 1113 2031 levior.
1208 1968 1429 2032 Placet
1472 1975 1538 2032 et
1576 1969 1901 2050 jucundus
1950 1974 2047 2032 est
2091 1969 2241 2034 hero
2309 1969 2695 2034 stultissimo

421 2052 725 2131 stultiori,
772 2053 895 2116 etsi
927 2073 1055 2116 non
1090 2054 1368 2135 pessimo
1401 2053 1666 2118 homini.
1746 2055 1909 2132 Quid
1943 2055 2221 2118 mirum?
2292 2053 2437 2120 Non
2470 2075 2693 2118 omnes

423 2161 551 2203 uno
591 2139 731 2222 jure
777 2138 1194 2202 delectantur.
1289 2139 1517 2204 Sorbet
1562 2140 1727 2204 alius
1761 2141 2091 2214 fervidum,
2126 2140 2291 2206 alius
2324 2144 2693 2206 concretum

428 2225 679 2306 frigore.
768 2225 838 2287 In
887 2245 1013 2306 quo
1062 2223 1358 2289 Publius³
1407 2225 1680 2290 excellit.
1772 2225 1935 2290 Nam
1970 2247 2201 2310 pernas
2246 2230 2310 2290 et
2354 2231 2696 2309 petasones

425 2332 606 2376 croco
653 2311 854 2392 tingit
898 2314 962 2374 et
1007 2312 1259 2394 reponit
1302 2313 1366 2375 in
1416 2312 1701 2393 prandio,
1752 2317 1825 2376 ut
1864 2312 1969 2394 jus
2016 2311 2424 2395 congelatum
2464 2311 2697 2376 inferat

422 2399 489 2461 in
537 2418 788 2478 cenam3
835 2397 898 2462 id
946 2417 1064 2478 ego
1111 2418 1222 2479 per
1259 2397 1651 2481 jocationem
1715 2399 1963 2483 appello
2021 2403 2451 2467 commentum
2522 2398 2693 2462 Petri

423 2483 745 2567 Hispani.⁴
861 2482 1074 2558 Quis⁸
1135 2487 1208 2548 tu
1277 2484 1506 2548 sentis⁵
1578 2486 1730 2566 quid
1778 2485 1993 2568 sapis?
2093 2485 2220 2550 Sed
2284 2485 2399 2549 hic
2458 2484 2697 2548 absunt

426 2577 637 2635 sentes
683 2573 748 2632 et
795 2569 993 2645 deest,
1042 2570 1154 2651 qui
1198 2570 1341 2652 plus
1379 2570 1558 2652 justo
1606 2571 1833 2653 sapiat.
1928 2570 2148 2635 Valeat
2192 2572 2389 2655 igitur
2445 2570 2693 2634 fatuum

425 2656 530 2738 jus
575 2656 865 2719 istorum.
955 2654 1088 2718 Nos
1134 2660 1355 2719 nostro
1403 2655 1814 2739 gaudeamus,

631 2740 877 2805 Bellum
939 2743 1038 2803 est
1093 2739 1324 2805 habere
1388 2742 1623 2805 bellum
1687 2742 2055 2806 amuletum.
2150 2742 2278 2807 Sed
2337 2743 2481 2823 quis
2542 2740 2695 2804 mihi

426 2828 687 2891 credat?
779 2824 1043 2890 Profudi
1090 2831 1445 2925 argentum,
1493 2828 1665 2910 quod
1709 2828 1927 2905 habui,
1974 2828 2149 2892 solus
2182 2832 2471 2909 superest
2512 2848 2695 2891 aure-

426 2913 586 2978 01119.
679 2911 948 2990 Quando
999 2914 1386 3011 pecuniosus
1447 2935 1637 2989 eram,
1700 2935 1828 2978 non
1892 2918 2027 2977 erat
2085 2914 2457 2991 amuletum,
2527 2934 2697 2977 nunc

423 3000 704 3063 nummis
749 3000 1048 3079 expensis
1077 2998 1144 3062 in
1177 3020 1404 3063 manus
1435 3003 1583 3062 tuas
1615 3002 1807 3065 venit.
1902 3000 2029 3063 Aut
2060 3000 2257 3080 igitur
2290 3000 2510 3063 credas
2542 2998 2696 3062 mihi

424 3089 678 3166 oportet
743 3090 853 3148 aut
924 3085 1218 3148 retineas.
1333 3084 1549 3147 'litum
1624 3084 1895 3149 Marium
1977 3086 2266 3161 civiliter,
2332 3084 2694 3149 Schilonem

422 3171 712 3235 acerbius
759 3168 1058 3251 appella.⁶
1151 3169 1280 3231 wau
1329 3173 1426 3231 mit
1474 3190 1527 3231 ta
1578 3174 1696 3247 rud)
1745 3174 1987 3251 aetnam,
2034 3191 2094 3232 su
2143 3176 2228 3231 sal
2261 3172 2348 3232 hic
2381 3172 2549 3233 bestie
2578 3176 2693 3229 hcm

424 3254 834 3329 &ammistae
892 3260 993 3316 nub
1045 3258 1163 3331 eud)
1215 3260 1300 3315 ale
1349 3257 1558 3317 uitium
1620 3261 1888 3317 numalten
1934 3262 2035 3317 nub
2081 3262 2175 3316 het
2222 3258 2339 3330 sud)
2389 3256 2691 3327 netatcnhiq

424 3341 690 3419 ttdpmng
738 3344 919 3416 geben.
1013 3339 1287 3404 Consule
1333 3362 1591 3421 quaeso
1682 3341 1903 3423 Neque
1945 3341 2111 3404 enim
2146 3342 2343 3418 decet,
2393 3345 2467 3403 ut
2512 3339 2694 3403 malis

429 3447 786 3507 parcamuS,
834 3429 898 3489 et
965 3447 1064 3489 res
1131 3425 1465 3489 familiaris
1534 3425 1777 3508 aliquid
1846 3426 2182 3490 desiderat.
2287 3426 2446 3490 Item
2518 3425 2696 3489 novit

427 3511 669 3591 Schilo,
735 3516 1048 3593 quantum
1113 3533 1274 3576 uxor
1335 3510 1687 3593 Hartungi⁸
1748 3512 1906 3576 mihi
1953 3512 2199 3576 debeat..
2291 3511 2531 3575 Vellem
2587 3532 2695 3573 ex-

427 3600 754 3680 torqueret
801 3598 1028 3662 saltem
1074 3598 1332 3661 tertiam
1379 3601 1494 3662 aut
1541 3601 1835 3678 quartam
1881 3602 2145 3679 partem.
2234 3597 2457 3661 Essem
2506 3616 2695 3679 parvo

431 3687 792 3760 contentuS,
850 3682 1020 3764 'quia
1089 3682 1168 3745 lis
1237 3684 1472 3767 pendet
1536 3684 1708 3766 apud
1775 3682 2160 3763 Cotionem,⁹
2228 3703 2561 3764 nunquam
2623 3684 2698 3744 ut

431 3770 616 3833 credo
681 3769 980 3831 finienda.
1071 3767 1244 3833 Haec
1305 3773 1369 3833 et
1427 3768 1555 3832 alia
1600 3769 1681 3833 ad
1726 3790 1825 3831 me
1872 3768 2274 3850 pertinentia,
2346 3790 2512 3850 quae
2582 3770 2696 3831 tua

430 3854 591 3917 fides
663 3859 727 3917 et
793 3854 1184 3934 humanitaS,
1252 3854 1551 3937 expedire
1619 3854 1795 3918 velie.
1908 3853 2147 3933 Scribe,
2215 3874 2341 3936 quo
2408 3857 2692 3937 ternpore

572 4038 600 4066 a
631 4024 715 4076 So.
790 4022 930 4087 Quid
969 4023 1117 4075 Tene.

577 4092 696 4159 ¹Sp
700 4091 875 4145 alatin.
915 4092 964 4145 S.
985 4092 1089 4144 442
1108 4094 1169 4143 A.
1194 4091 1274 4145 10.
1384 4093 1402 4123 ²
1437 4090 1537 4143 Ein
1556 4091 1803 4144 Beamter
1822 4092 1915 4145 des
1934 4090 2379 4144 Nonnenklostem
2413 4089 2465 4143 S.
2504 4088 2698 4141 CruciS.

433 4160 482 4214 S.
506 4161 606 4213 275
627 4163 688 4213 A.
714 4161 760 4214 2.
871 4162 891 4192 ³
924 4160 1344 4215 1)191191·.8.407
1372 4162 1430 4213 A.
1457 4161 1502 4211 2.
1614 4162 1634 4192 ⁴
1666 4160 1775 4212 Der
1816 4160 2083 4213 Verfasser
2116 4160 2209 4211 der
2242 4158 2551 4212 Summulae
2572 4157 2701 4224 logi-

433 4245 541 4297 cae,
579 4230 665 4281 fiir
698 4228 864 4283 Pabst
896 4228 1106 4306 Johann
1153 4227 1306 4281 XXI.
1362 4228 1611 4296 gehalten
1646 4228 1749 4298 (13.
1787 4228 1899 4297 Jh.)
2043 4231 2064 4263 ὅ
2098 4227 2411 4281 Scherzhaft
2460 4225 2701 4293 zugleich

431 4297 509 4351 als
545 4298 731 4365 subst„
769 4296 934 4349 daher
969 4297 1104 4365 quie.
1177 4295 1296 4365 Vgl.
1346 4296 1440 4349 das
1487 4296 1658 4367 Folgs
1704 4296 1795 4349 hic
1832 4297 2025 4350 absunt
2060 4298 2251 4350 sentes.
2394 4296 2419 4328 ⁶
2450 4296 2572 4363 Vgl.
2609 4293 2695 4345 Br.

427 4366 548 4421 402.
585 4366 702 4420 404.
847 4367 864 4397 ⁷
899 4364 1072 4420 Nikol.
1109 4365 1451 4434 Engelmann.
1525 4365 1577 4419 S.
1617 4366 1717 4421 206
1752 4367 1813 4419 A.
1854 4366 1899 4419 2.
2043 4367 2064 4398 ⁸
2098 4364 2219 4434 Vgl.
2254 4364 2307 4419 S.
2344 4363 2448 4419 462
2482 4367 2545 4419 Α.
2580 4364 2629 4413 4.

495 4436 518 4467 ⁹
557 4434 900 4505 S'ommering.
973 4432 1024 4487 8.
1067 4433 1167 4489 239
1203 4437 1265 4489 A.
1306 4434 1360 4487 6.
