3084 4895
459 392 588 459 502
824 402 830 408 ”
1297 390 1474 444 Briefe
1509 388 1603 443 des
1639 388 1687 443 J.
1730 388 1876 441 1514.

461 566 535 627 ut
583 562 871 627 Cotioni¹
920 566 987 625 et
1031 558 1502 642 Engelmanno²
1551 582 1763 623 curam
1826 561 2127 643 delegem.
2219 560 2539 639 Facerem,
2612 562 2749 626 nisi

463 649 532 712 T.
579 646 848 713 Marius?
895 647 1040 731 plus
1084 647 1392 711 tribueret
1462 644 1725 710 Vulsco⁴
1789 667 1979 727 quam
2050 646 2193 709 illis.
2288 648 2475 711 Hunc
2532 648 2751 729 igitur

464 734 792 816 adjurabO.
915 724 1172 796 Sufficit
1260 731 1416 795 mihi
1503 726 1803 795 voluntas
1887 730 2312 813 Engelmanni
2387 736 2452 797 et
2523 732 2745 797 habeo

463 822 756 903 gratiam,
803 818 976 901 quod
1037 818 1376 901 propinare
1434 816 1659 881 voluit.
1752 816 2101 881 Schilonis⁶
2165 818 2544 901 improbitas
2606 818 2745 882 late

459 910 660 989 patet.
751 904 991 968 Multos
1058 925 1262 967 annos
1330 902 1612 982 litigavit
1674 924 1815 967 meo
1884 904 2141 966 nomine
2208 926 2351 967 cum
2415 904 2743 985 Hartungi

466 988 702 1055 uxore⁶.
767 994 832 1053 et
898 1011 1040 1053 cum
1106 989 1379 1071 quodam
1451 988 1843 1052 Holtmanno
1912 988 2330 1070 presbyter0.⁷
2448 989 2739 1053 Tandem

409 1076 623 1139 ·nihil
693 1075 964 1139 obtinui.
1069 1074 1218 1138 Ideo
1287 1078 1502 1136 autem
1569 1072 1871 1153 litigavit,
1940 1078 2014 1136 ut
2072 1074 2273 1157 judici
2340 1079 2407 1139 et
2478 1076 2741 1139 notario

462 1162 799 1244 pecuniam
861 1160 1116 1224 afferret
1158 1165 1222 1223 et
1269 1160 1359 1222 sic
1405 1158 1529 1221 sibi
1595 1157 1869 1222 favorem
1934 1163 2212 1223 servaret
2258 1161 2334 1223 de
2380 1182 2521 1224 mea
2580 1161 2743 1224 sub-

464 1247 723 1311 stantia.
839 1248 892 1311 O
962 1244 1248 1307 fraudem
1315 1243 1681 1325 capitalem!
1794 1244 1943 1320 emit
2012 1250 2173 1305 nubet
2238 1248 2419 1317 leuthe
2488 1250 2601 1320 adt
2662 1248 2743 1305 im

466 1334 718 1405 quantine
763 1331 950 1406 tithct
1009 1330 1240 1407 hnutfen.
1333 1330 1603 1391 Moritur
1662 1328 2111 1393 HoltmannuS.
2204 1328 2421 1393 Schilo
2485 1330 2743 1395 invadit

471 1416 605 1498 ejus
650 1416 821 1479 bona
865 1420 928 1477 et
975 1416 1188 1478 omnia
1234 1414 1462 1490 aufert,
1510 1435 1637 1477 non
1687 1414 1842 1477 mihi
1902 1414 2012 1477 sed
2074 1415 2217 1488 sibi,
2280 1420 2474 1498 atque
2518 1417 2614 1479 ita
2660 1416 2743 1479 de

461 1505 870 1584 procuratore
916 1500 1124 1563 factus
1170 1504 1270 1563 est
1313 1500 1628 1563 dominus
1719 1498 1861 1563 Non
1932 1504 2274 1564 contentus
2340 1502 2455 1565 tali
2522 1500 2738 1564 furto:

463 1588 546 1649 «ἔτ
591 1587 759 1661 beijitt
805 1586 927 1657 aud)
975 1592 1076 1645 bru
1123 1586 1404 1664 banacim
1452 1586 1510 1645 ἰιι
1554 1590 1649 1646 hrt
1692 1589 1865 1647 lamen
1910 1582 2133 1658 gnesen*
2180 1590 2247 1649 et
2290 1588 2485 1650 audet
2528 1586 2742 1651 dicere

466 1671 591 1736 sibi
635 1694 674 1735 a
718 1693 824 1734 me
871 1671 1110 1747 datum,
1158 1671 1328 1751 quod
1377 1668 1608 1733 falsum
1659 1676 1773 1733 est.
1868 1668 1997 1733 Sed
2042 1669 2205 1735 ferre
2248 1671 2407 1735 talia
2449 1693 2742 1755 possum,

465 1756 890 1822 contumelias
950 1756 1283 1820 verborum
1330 1756 1394 1819 in
1445 1755 1715 1837 epistola
1777 1754 2007 1838 ipsius⁹
2068 1757 2178 1819 vix
2239 1756 2397 1821 ferre
2452 1779 2738 1841 possum.

463 1842 667 1919 Quare
729 1841 1098 1906 exclamat?
1187 1840 1353 1916 Quid
1397 1862 1682 1921 unquam
1728 1840 1849 1904 feci
1896 1844 2009 1905 aut
2055 1842 2189 1906 dixi
2238 1844 2299 1905 in
2351 1864 2515 1921 eum,
2564 1844 2741 1925 quod

463 1933 633 1993 esset
702 1928 1053 1991 acerbum?
1160 1925 1388 1990 Nonne
1453 1927 1709 2009 saepius
1780 1926 1858 1989 ad
1928 1931 2001 2001 te,
2059 1928 2282 2010 scripsi
2353 1930 2741 2010 parcendum

465 2037 602 2079 esse
649 2012 845 2078 seni·⁰
879 2016 944 2076 et
975 2010 1405 2093 exspectanda
1451 2012 1750 2075 voluntas
1796 2012 2023 2075 ultima
2068 2012 2337 2077 fortasse
2384 2015 2533 2095 pia?
2610 2015 2739 2079 Sed

465 2101 838 2183 desperatus
885 2104 982 2163 est
1026 2102 1091 2161 et
1136 2096 1294 2161 nihil
1341 2097 1420 2160 ad
1469 2098 1926 2161 conscientiam
1990 2100 2197 2162 refert.
2287 2097 2733 2164 Nithardum'¹

465 2208 593 2249 non
641 2185 944 2268 appellas.
1035 2182 1202 2246 Male
1249 2182 1426 2247 facis,
1519 2182 1607 2246 Te
1651 2182 2024 2261 NitharduS,
2070 2207 2172 2247 me
2218 2183 2435 2250 Schilo
2470 2186 2738 2250 deridet.

465 2271 897 2335 Herebordum
945 2273 1020 2333 tu
1065 2269 1326 2332 deberes
1393 2271 1593 2332 amice
1654 2269 2012 2348 admonere,
2058 2276 2133 2333 ut
2177 2272 2449 2352 gratiam
2514 2272 2736 2355 populi

465 2360 528 2421 et
593 2357 905 2421 bonorum
976 2356 1209 2436 pariter
1275 2354 1643 2418 custodiret.
1738 2354 1872 2435 Ego
1924 2356 2155 2419 nimius
2218 2354 2431 2420 forsan
2478 2380 2620 2422 sum
2667 2358 2736 2421 in

470 2442 864 2526 castigando.
955 2440 1241 2523 Ingenue
1289 2463 1398 2504 vos
1442 2442 1679 2504 amicos
1723 2440 1975 2523 arripio,
2022 2441 2131 2504 sed
2177 2442 2434 2506 inanem
2481 2464 2739 2526 operam

465 2534 737 2612 praesto
830 2526 1150 2604 EobanuS,
1198 2526 1517 2605 UrbanUS,
1564 2526 1968 2590 Herebordus
2032 2528 2156 2592 sibi
2211 2527 2484 2610 placent.
2574 2527 2735 2593 Mihi

471 2615 906 2698 gratissimum
955 2617 1069 2690 est,
1117 2613 1372 2694 quoties
1417 2634 1620 2676 meam
1670 2611 1977 2676 desidiam
2011 2613 2377 2696 increpatis.
2468 2614 2632 2678 Nam
2674 2619 2741 2679 et

470 2703 606 2784 ipse
651 2723 752 2765 me
797 2699 948 2763 novi
993 2703 1056 2762 et
1101 2699 1178 2762 de
1224 2702 1435 2762 vestra
1478 2698 1749 2762 veritate
1793 2698 2059 2780 gaudeo.
2151 2699 2321 2764 Bene
2366 2700 2526 2765 vale.

775 2799 897 2854 Cod.
935 2797 1068 2852 Frcf.
1105 2798 1224 2852 425.

465 2987 700 3057 (eotha.)
1511 2970 1657 3036 437.
2441 2987 2522 3056 (Ε.
2564 2987 2737 3058 1514.)

1117 3095 1406 3167 Mutian
1453 3116 1552 3166 an
1596 3095 2089 3184 Sommering.

467 3227 651 3295 (Bittet
699 3226 1051 3294 Sommeriny,
1088 3226 1173 3279 die
1221 3225 1426 3289 Vikare,
1475 3225 1661 3278 welche
1694 3225 1769 3277 M.
1808 3225 1983 3278 cit‘e‘ert
2018 3225 2204 3296 haben,
2248 3242 2341 3276 vor
2373 3224 2489 3277 sein
2526 3241 2735 3278 ausser-

467 3296 808 3350 ordentlickes
851 3295 1056 3348 Forum
1089 3312 1165 3348 zu
1197 3291 1830 3431 κίεήεπυΘΜΚαῖὲιέῑέεὲἰὸἷῧ
1871 3293 2109 3408 Nitlrard
2159 3293 2441 3362 Spalatins
2488 3293 2738 3346 Interesse

880 3477 1236 3530 Clarissimo
1271 3477 1519 3528 domino
1558 3475 1942 3538 emolliret-0¹²
1976 3477 2063 3526 M.
2099 3474 2325 3528 Rufus.

673 3589 736 3654 S.
833 3591 972 3671 Ago
1019 3591 1278 3672 gratias,
1328 3589 1496 3670 quod
1545 3589 1830 3672 opinioni
1876 3609 2055 3652 meae
2118 3588 2479 3652 accesseris
2569 3587 2733 3650 Nam

468 3677 562 3738 ita
605 3680 758 3741 sunt
803 3675 908 3739 hic
953 3675 1150 3740 Gothi
1211 3680 1276 3739 et
1336 3675 1623 3754 Vandali,
1683 3679 1755 3738 ut
1808 3675 1965 3738 mihi
2022 3695 2148 3738 non
2206 3673 2391 3737 facile
2451 3674 2735 3751 credant,

469 3760 594 3824 nisi
638 3783 1016 3842 magnorum
1069 3762 1420 3825 auctorit-as
1467 3761 1851 3825 subscribat.
1944 3760 2092 3824 Feci
2150 3759 2506 3823 orationem
2564 3759 2735 3840 piam

606 3915 624 3945 ²
661 3912 954 3966 Sommerin
995 3955 1004 3965 .
1079 3913 1128 3967 S.
1170 3913 1270 3966 239
1323 3915 1384 3964 A.
1424 3913 1473 3966 6.
1620 3913 1639 3944 ²
1674 3911 2131 3964 Kiichenmeister.
2204 3910 2255 3964 S.
2303 3909 2405 3962 485
2451 3910 2514 3962 A.
2553 3910 2601 3962 3.

543 3983 564 4013 ³
597 3981 917 4034 Mietsmann
1000 3982 1203 4034 ietmar.
1351 3981 1370 4012 4
1407 3979 1590 4032 Simon
1629 3981 1859 4034 Voltzke.
1933 3980 1983 4033 S.
2022 3981 2125 4033 374
2160 3981 2221 4031 A.
2261 3978 2307 4032 2.
2450 3979 2472 4010 ⁵
2505 3976 2737 4030 Mutians

464 4050 796 4104 Prokurator.
875 4049 930 4103 S.
967 4051 1069 4105 500
1106 4053 1167 4102 A.
1210 4053 1254 4100 1.
1396 4049 1418 4079 ⁶
1455 4049 1573 4115 Vgl.
1614 4049 1665 4101 S.
1702 4050 1804 4102 476
1840 4051 1901 4102 A.
1938 4049 1987 4102 8.
2134 4049 2153 4080 ⁷
2187 4047 2305 4115 Vgl.
2356 4045 2408 4098 S.
2446 4045 2551 4097 472
2586 4048 2647 4097 A.
2683 4046 2734 4098 9.

532 4119 554 4151 ⁸
587 4109 734 4172 Uber
767 4117 1000 4172 Mutians
1036 4119 1153 4170 hier
1187 4117 1462 4186 gelegenes
1498 4117 1648 4170 Haus
1700 4117 1809 4185 vgl.
1848 4117 1898 4170 S.
1941 4119 2005 4170 15
2041 4119 2102 4170 A.
2143 4117 2190 4170 2.
2330 4115 2353 4148 ⁹
2386 4113 2636 4167 Erwahnt
2678 4113 2737 4165 in

463 4188 549 4240 ΒΥ.
605 4187 722 4241 432.
871 4189 913 4220 ¹⁰
945 4187 1246 4240 Holtmann.
1319 4185 1439 4252 Vgl.
1492 4185 1632 4238 auch
1680 4185 1730 4238 S.
1780 4185 1849 4238 86
1900 4187 1961 4237 A.
2015 4183 2060 4236 2.
2132 4182 2421 4236 Vielleicht
2472 4182 2545 4236 ist
2588 4182 2739 4249 jener

462 4271 626 4309 senex
671 4256 725 4306 in
777 4253 1008 4309 Mutians
1066 4255 1244 4308 Hause
1298 4254 1601 4308 Holtmann.
1750 4257 1789 4286 ¹¹
1824 4253 2064 4306 Erfurter
2117 4252 2439 4320 Prfipositus,
2494 4250 2595 4302 mit
2642 4249 2739 4302 der

462 4324 818 4445 §Auzgiffussg
853 4339 954 4376 von
991 4323 1254 4391 Spalatins
1288 4322 1501 4390 Diplom
1537 4323 1763 4378 betraut.
1818 4322 1876 4376 S.
1912 4323 2016 4376 443
2051 4323 2115 4373 A.
2152 4322 2203 4374 4.
2314 4321 2357 4354 ¹²
2390 4318 2735 4387 Sommering.
