3084 4895
738 419 953 474 Mutian
987 433 1054 471 an
1094 417 1289 502 Urban⁹
1314 416 1424 471 und
1460 416 1662 471 Eoban.
1736 417 1948 471 Mutian
1985 435 2054 472 an
2088 417 2290 472 Urban.
2512 421 2638 484 461

386 591 595 656 furore
640 593 913 674 quodam
965 591 1179 654 divino
1226 594 1289 655 et
1333 590 1738 656 admirandas
1792 612 1997 654 rerum
2054 591 2364 672 imagines
2423 590 2636 653 animo

387 678 831 760 complectitur
876 680 942 740 et
983 677 1341 740 incredibili
1387 676 1696 740 facilitate
1741 677 2186 756 suavitateque
2232 678 2420 739 canit.
2501 675 2638 738 Huc

384 763 551 826 adde
598 761 1207 844 magniloquentiam
1255 762 1436 843 quasi
1485 762 1903 824 Homericam.
1993 762 2092 824 Ita
2137 766 2349 824 tamen
2397 759 2634 823 motus*

384 870 610 911 omnes
675 869 748 910 ac
816 868 1111 910 numeros
1186 850 1517 928 temperat,
1587 851 1660 910 ut
1731 865 2042 928 nusquam
2118 850 2300 909 extra
2374 846 2636 928 lyricum

384 935 645 997 chorum
676 933 925 996 saltare
970 933 1275 995 videatur.
1368 929 1592 994 Clarus
1639 933 1945 1012 imprimis
2000 952 2396 1028 magnusque
2455 953 2638 993 sanc-

383 1023 595 1081 tarum
685 1019 999 1099 virginum
1090 1017 1385 1080 aedituus
1458 1021 1524 1080 et
1596 1018 1784 1098 plane
1862 1017 2114 1098 dignae,
2203 1018 2306 1086 cui
2382 1015 2640 1079 faveant

384 1104 909 1168 scholasticorum
978 1103 1211 1166 classes
1278 1108 1343 1166 et
1410 1103 1614 1165 nostri
1677 1103 1917 1165 ordinis
1983 1102 2271 1164 homines
2339 1103 2635 1183 universi.

388 1189 619 1264 Habea
668 1187 921 1252 Urbane
968 1188 1071 1264 mi,
1120 1192 1301 1250 tuum
1351 1208 1635 1268 pensum.

594 1272 781 1338 Salve
828 1276 893 1336 et
935 1277 1028 1350 tu,
1075 1273 1469 1336 divinissime
1515 1276 1725 1354 poeta,
1770 1271 2031 1334 Eobane
2093 1271 2306 1334 Hesse.
2397 1269 2638 1332 Existi-

384 1379 559 1422 mare
607 1359 759 1422 velis
804 1358 1161 1422 Mutianum
1208 1357 1331 1420 tibi
1377 1379 1513 1420 esse
1561 1361 1624 1420 et
1669 1377 1916 1454 semper
1955 1355 2150 1420 fuisse
2182 1356 2638 1419 amicissimum

381 1447 662 1526 tuaeque
706 1443 913 1507 laudis
958 1447 1021 1506 et
1065 1443 1465 1506 aeternitatis
1509 1442 2036 1505 amantissimum.
2131 1441 2271 1504 Non
2317 1441 2483 1504 enim
2525 1441 2640 1503 ob-

380 1529 621 1593 livione
666 1529 984 1592 amicitiae
1030 1533 1285 1591 nostrae
1330 1527 1762 1608 superioribus
1795 1527 2017 1591 diebus
2062 1531 2176 1590 aut
2220 1527 2495 1591 breviter
2525 1529 2640 1589 aut

383 1613 547 1678 nihil
590 1614 670 1677 ad
726 1618 790 1676 te
844 1613 1087 1694 scripsi,
1146 1614 1253 1676 sed
1323 1611 1560 1676 Christi
1630 1612 1880 1676 cultura
1949 1615 2014 1674 et
2082 1612 2430 1674 domestica
2498 1632 2640 1692 pro-

382 1699 629 1763 curatio
695 1699 977 1781 eripuere
1040 1697 1192 1760 mihi
1246 1699 1465 1761 stilum
1519 1701 1584 1760 et
1640 1697 1833 1762 verba
1887 1703 1950 1760 et-
2003 1719 2250 1760 omnem
2321 1696 2640 1760 scribendi

382 1788 682 1848 conatum
751 1783 1175 1847 retardarunt.
1284 1782 1473 1846 Nunc
1542 1787 1755 1846 autem
1825 1782 2207 1846 sollicitatus
2273 1804 2428 1845 aura
2495 1781 2638 1844 dul-

382 1870 639 1934 cissima
689 1867 1138 1950 jucundissimi
1196 1869 1463 1930 rumoris
1508 1873 1573 1931 et
1615 1869 1826 1948 gratia
1887 1867 2036 1931 novi
2091 1867 2298 1964 operis
2344 1868 2440 1930 tui
2485 1887 2635 1928 ven-

379 1959 593 2018 tosum
616 1975 717 2018 me
748 1974 1194 2036 congerronem
1229 1953 1692 2034 verbosumque
1713 1953 1985 2016 amicum
2015 1975 2080 2016 re
2109 1953 2250 2034 ipsa
2279 1952 2640 2033 frequenter

381 2038 719 2104 scribendo
776 2037 1240 2120 garriendoque
1300 2039 1652 2102 declarabO.
1744 2037 2046 2101 Salutant
2103 2041 2170 2101 te
2225 2037 2511 2118 Petrejus
2574 2040 2641 2099 et

382 2121 727 2190 Ulrichu8.²
839 2123 1059 2188 Testes
1125 2123 1373 2205 profero
1441 2123 1678 2186 literas.
1789 2123 2008 2186 Musae
2074 2143 2190 2186 vos
2257 2127 2491 2186 ament.
2584 2120 2635 2185 O

380 2213 627 2291 quanta
688 2210 928 2290 ingenii
997 2208 1301 2273 felicitate
1369 2208 1640 2290 praediti
1701 2209 1876 2281 estiS‚
1933 2229 2123 2288 quam
2172 2208 2478 2272 durabilis
2524 2228 2637 2270 vos

378 2296 584 2378 gloria
651 2293 827 2358 velut
896 2295 1123 2358 umbra
1196 2294 1515 2394 sequitur!
1609 2293 1922 2357 Ostendet
1996 2293 2118 2355 tibi
2186 2293 2640 2356 solertissimus

378 2384 563 2465 pater
648 2378 965 2457 UrbanuS‚
1051 2381 1428 2463 praecipuus
1502 2380 1875 2442 observator
1949 2378 2302 2460 elegantiae
2376 2378 2634 2452 latinae,

380 2465 800 2547 Triumphum
864 2464 1092 2530 Neobii
1138 2466 1175 2528 i.
1222 2488 1272 2527 e.
1322 2465 1602 2541 Buschii‚
1664 2466 1766 2527 cui
1812 2464 2116 2527 adhaeret
2179 2464 2448 2527 Hutteni
2511 2464 2641 2545 epi-

379 2573 667 2634 gramma
740 2548 1217 2631 extemporale.³
1308 2551 1435 2613 Fac
1501 2549 1849 2632 pervideas,
1943 2549 2353 2630 Capnionem‚
2434 2549 2637 2611 virum

378 2637 803 2717 undecunque
860 2636 1320 2709 doctissimum,
1381 2636 1662 2699 laudato.
1755 2633 1824 2697 Si
1879 2636 2179 2698 inventus
2239 2635 2386 2697 istic
2449 2633 2641 2696 fuerit

378 2721 775 2800 tabellarius,
838 2720 1090 2784 curabis
1143 2726 1218 2784 ut
1272 2722 1489 2798 sciam,
1538 2726 1605 2783 et
1646 2724 1786 2783 tota
1849 2721 2072 2783 cohors
2128 2721 2472 2783 amicorum
2536 2741 2638 2781 sa-

380 2808 580 2873 lutem
626 2807 811 2870 dicet.
903 2806 1137 2869 Valete.
1228 2804 1326 2868 Ex
1376 2804 1764 2885 Tranquillo.
1858 2804 2102 2887 Cyriaci
2148 2805 2444 2869 natalitio
2475 2804 2636 2867 festo

379 2890 746 2956 DDDXlIII.

689 2990 814 3045 eod.
852 2989 985 3043 Frcf.
1024 2990 1141 3043 387.

381 3179 614 3250 (ootha.)
1435 3160 1581 3224 393.
2179 3175 2230 3228 8.
2269 3177 2400 3243 Aug.
2440 3174 2636 3242 (1514).

1129 3278 1418 3357 Mutian
1466 3306 1565 3356 an
1613 3286 1889 3356 Urban.

376 3414 649 3496 (Austr,
687 3414 827 3468 Κᾶεε
861 3432 934 3467 zu
968 3414 1222 3483 besorqen,
1258 3414 1375 3467 und
1405 3412 1732 3481 seherzhafte
1781 3413 2176 3481 Auffordemmy
2207 3428 2314 3465 κατ’
2351 3412 2637 3479 Schmlliq-

372 3484 493 3537 keil.
646 3483 754 3536 ban
796 3484 975 3536 mackt
1017 3484 1117 3535 den
1160 3482 1234 3535 M.
1282 3500 1414 3535 xum
1470 3481 1691 3535 Weisen.
1763 3482 1874 3535 Der
1914 3480 2264 3548 unerfahrene
2305 3480 2430 3533 Poet
2475 3497 2636 3532 mess-

374 3552 599 3605 brauckt
634 3551 701 3605 H.
739 3550 1035 3605 Eberbachs
1076 3549 1590 3618 Gastfreundsehaft.
1662 3550 1816 3614 Birta,
1863 3550 1966 3602 mit
2008 3550 2254 3603 Dietmar
2299 3550 2414 3601 und
2461 3548 2637 3601 Schilo
2747 3578 2764 3585 x

1281 3637 1356 3673 zu
1389 3619 1741 3686 verkandeln.)

512 3733 821 3783 Primario
858 3735 995 3783 viro
1030 3736 1095 3783 et
1132 3732 1362 3783 dilecto
1406 3733 1704 3794 magistro
1740 3732 1823 3781 Η.
1861 3732 2116 3781 Urbano
2152 3731 2240 3779 M.
2276 3729 2498 3779 Rasna.

586 3841 651 3907 S.
741 3842 1097 3907 Exsecutus
1144 3865 1210 3907 es
1256 3843 1443 3906 amici
1491 3842 1789 3906 officium.
1881 3840 2042 3903 Nam
2077 3840 2384 3903 nodosum
2419 3839 2637 3902 orbem

373 3928 819 4011 complendum
884 3928 1200 3992 odorifero
1255 3932 1576 4009 magmate
1640 3927 2022 4010 placiturum
2089 3926 2314 4009 opinor
2383 3925 2635 4006 egregio

516 4134 531 4163 ¹
568 4154 637 4172 -—-
672 4132 1035 4201 Redefiguren.
1095 4132 1217 4185 Man
1257 4132 1448 4185 konnte
1484 4132 1667 4184 modos
1702 4131 1980 4183 vermuten
2007 4128 2298 4193 (Melodie);
2335 4124 2473 4179 dann
2499 4130 2635 4178 ware

374 4199 505 4251 aber
537 4216 638 4252 nur
673 4202 763 4253 auf
796 4202 899 4253 den
936 4200 1192 4260 Versbau
1239 4200 1388 4252 nicht
1440 4201 1533 4252 auf
1583 4200 1682 4251 den
1735 4198 1912 4251 [nhalt
1964 4196 2256 4248 Riicksicht
2307 4209 2633 4262 genommen.

444 4270 465 4299 ²
501 4267 969 4325 Hutten.dan1als
1014 4270 1114 4321 mit
1159 4270 1317 4322 Peter
1358 4268 1634 4321 Eberbach
1669 4271 1722 4317 in
1758 4266 1908 4318 Rom.
1983 4265 2136 4317 Seine
2189 4264 2472 4316 Rfiekkehi
2523 4262 2636 4313 fallt

374 4328 815 4389 wahrscheinlicli
873 4338 1010 4390 noch
1063 4339 1119 4389 in
1172 4338 1284 4390 dies
1337 4337 1481 4390 Jahr.
1557 4335 1847 4396 Strauss
1901 4332 2012 4385 Ulr.
2051 4349 2102 4384 V.
2139 4332 2206 4387 H.
2245 4332 2284 4399 Ι,
2327 4333 2438 4384 104.
2515 4330 2631 4395 Vgl.

378 4404 430 4458 S.
470 4404 573 4457 225
607 4406 669 4461 A.
710 4406 757 4458 2.
900 4408 921 4437 ³
957 4396 1101 4459 Uber
1136 4406 1250 4459 dies
1286 4407 1426 4459 satir.
1465 4404 1691 4457 Gedicht
1725 4402 1776 4455 S.
1813 4375 1915 4453 4'45
1952 4405 2014 4451 A.
2052 4402 2101 4454 4.
