3084 4895
476 423 605 490 394
1315 423 1490 480 ariete
1527 423 1621 480 des
1656 423 1705 480 s.
1748 425 1897 492 1513.

491 596 662 659 furta
695 595 1019 661 decorant.
1109 597 1230 674 Qui
1265 596 1421 678 legit
1463 598 1792 681 epistolam
1840 603 1907 664 et
1936 597 2304 683 epitaphia,¹
2340 597 2525 680 plane
2561 600 2741 666 videt

491 681 751 764 phrasin
813 687 878 747 et
936 682 1248 747 dialecton
1317 705 1441 748 non
1511 685 1887 768 respondere
1952 684 2477 768 interpretationi.
2568 686 2738 772 Ergo

486 769 620 833 suis
665 771 892 851 pennis
937 775 1125 852 capta
1170 775 1268 833 est
1311 771 1470 834 avis.
1563 767 1813 853 „Kixaa
1840 784 1869 813 ⁸
1930 767 2107 852 χέζει
2164 761 2324 857 αὐτῇ
2355 773 2383 812 b
2445 762 2733 837 nandum

487 854 722 919 Debuit
783 857 1120 937 separatim
1188 856 1386 931 edere,
1433 879 1512 920 ne
1556 879 1657 922 res
1702 859 1936 922 furtiva
1982 881 2061 921 ex
2106 860 2575 941 comparatione
2619 883 2739 924 no—

485 945 783 1006 sceretur.
875 941 1053 1007 Fecit
1097 941 1180 1018 id,
1227 942 1397 1024 quod
1443 963 1643 1026 nuper
1688 945 1971 1027 quidam:
2038 967 2199 1028 equo
2246 946 2461 1010 furtim
2513 946 2736 1010 ablato

483 1027 790 1112 praecidit
849 1050 1049 1092 auree.
1138 1029 1236 1094 Ita
1283 1029 1652 1110 depravavit
1695 1031 1927 1114 aliqua,
1972 1035 2065 1106 ut,
2112 1033 2165 1096 si
2211 1030 2373 1096 forte
2436 1030 2735 1098 dominus

481 1135 666 1178 suum
735 1135 925 1196 pecus
989 1119 1318 1196 repeteret,
1386 1116 1669 1181 cavillari
1733 1126 1975 1198 posset:
2048 1114 2227 1198 „Non
2282 1121 2421 1182 tota
2474 1123 2589 1182 tua
2632 1124 2737 1184 est-

483 1201 943 1284 interpretatiO.
1036 1201 1268 1264 Addidi
1313 1200 1614 1284 aliquid.“
1710 1205 1815 1268 Sic
1860 1208 2077 1286 potest
2104 1204 2257 1279 fieri,
2292 1210 2365 1268 ut
2396 1204 2727 1270 Tiloninus

481 1289 567 1351 sit
630 1308 951 1368 possessor
1016 1288 1372 1369 partiarius.
1460 1287 1551 1350 so
1615 1291 1706 1364 but
1766 1309 1820 1350 tt
1881 1291 2003 1363 aad)
2067 1291 2164 1350 teil
2226 1310 2295 1352 aa
2353 1296 2447 1351 bn·
2504 1311 2725 1364 atrurn

479 1372 694 1446 aladini
739 1391 832 1444 ,mi
880 1371 1115 1452 uffart?
1205 1375 1420 1456 Apage
1465 1375 1658 1438 istum
1718 1363 2177 1460 νυμφόληπτοι)
2232 1368 2725 1460 διθυραμβικώ-

478 1478 664 1541 τερον
733 1449 984 1544 νήπιον,
1055 1463 1385 1543 tantopere
1459 1463 1892 1544 suppositiciis
1966 1463 2153 1546 nugis
2220 1485 2294 1526 ac
2366 1463 2723 1528 desultoriis

475 1544 869 1626 gloriantem.
983 1546 1067 1609 Et
1133 1567 1274 1610 eum
1341 1547 1516 1613 rudis
1584 1549 1670 1612 sit
1731 1549 2063 1632 utriusque
2129 1549 2403 1630 linguae,
2472 1553 2721 1613 tantum

480 1631 824 1696 blaterator
885 1633 1079 1696 audet
1133 1632 1542 1718 philosophos
1604 1635 1867 1698 irritare.
1962 1635 2055 1700 Ad
2114 1655 2274 1715 quos
2318 1637 2413 1699 ita
2456 1631 2723 1699 clamare

474 1717 666 1782 libet:
725 1718 814 1797 „O
861 1720 1032 1801 passi
1077 1720 1386 1800 graviora,
1433 1719 1615 1785 dabit
1658 1721 1813 1787 deus
1858 1721 1959 1787 his
2004 1742 2255 1803 quoque
2300 1721 2508 1787 finem.
2602 1722 2724 1787 Ex⁶

474 1805 640 1890 perti
681 1812 971 1870 revocate
1017 1806 1264 1872 animos
1329 1811 1772 1889 moestumque
1836 1809 2123 1874 timorem
2185 1807 2447 1882 Mittite,
2511 1807 2719 1872 forsan

475 1895 538 1954 et
582 1891 738 1954 haec
781 1891 930 1956 olim
989 1893 1348 1958 meminisse
1387 1892 1733 1975 juvabit.“⁴
1823 1894 2069 1971 Verum,
2118 1895 2203 1961 mi
2248 1893 2520 1970 Urbane,
2582 1907 2721 1972 cum

473 1978 558 2045 sit
620 1977 954 2043 Cotianus⁸
1019 1984 1082 2042 et
1143 1984 1372 2044 natura
1437 1981 1747 2062 garruluS,
1818 2001 1943 2047 non
2012 1980 2355 2062 patefacies
2412 1980 2721 2062 judicium

475 2085 701 2128 meum.
793 2065 863 2128 ln
912 2087 984 2128 eo
1030 2065 1385 2132 laudandus
1443 2070 1561 2142 est,
1624 2065 1791 2150 quod
1844 2067 2069 2136 'Musas
2113 2072 2329 2130 tuetur
2374 2071 2438 2131 et
2483 2068 2723 2132 excitat

469 2150 772 2235 juvenum
841 2152 1070 2216 studia.
1177 2152 1338 2218 Nam
1404 2156 1468 2216 et
1531 2152 1659 2220 illis
1726 2153 1962 2219 debent
2024 2151 2316 2231 studiosi,
2384 2153 2495 2234 qui
2564 2153 2724 2218 male

473 2236 844 2302 docuerunt.
936 2237 1138 2303 Offert
1168 2241 1233 2304 in
1269 2239 1504 2321 templo
1537 2241 1833 2322 quisque,
1867 2241 2039 2322 quod
2068 2243 2300 2323 potest,
2332 2239 2443 2304 alii
2474 2241 2722 2322 stipem,

473 2325 580 2390 alii
629 2345 844 2388 caseos
891 2329 954 2389 et
997 2347 1135 2389 ova.
1229 2325 1396 2390 Deus
1441 2327 1657 2393 omnia
1705 2326 1863 2394 bene
1909 2326 2203 2401 consulit,
2252 2325 2409 2390 nihil
2455 2327 2720 2391 fastidit.

475 2410 652 2495 „Non
686 2432 906 2476 omnes
940 2417 1205 2496 possunt
1237 2433 1374 2479 esse
1404 2410 1749 2496 patricii.“⁸
1838 2411 2077 2489 Tradit,
2118 2417 2431 2495 ,quantum
2481 2410 2720 2490 didicit,

466 2499 820 2563 traditurus
881 2499 1154 2563 arbitror
1212 2500 1491 2575 meliora,
1553 2500 1608 2565 si
1668 2500 1952 2565 haberet.
2043 2500 2211 2565 Vale.
2301 2499 2418 2563 Dic
2462 2504 2719 2565 sanctae

467 2584 822 2654 Felicitatis
867 2590 931 2650 et
975 2590 1216 2668 septem
1262 2586 1555 2652 filiorum.

776 2686 898 2744 Cod.
935 2684 1066 2743 Frcf.
1106 2687 1224 2741 274.

469 2876 697 2949 (soffia.)
1515 2860 1660 2931 323.
2318 2878 2367 2930 6.
2406 2875 2530 2929 nez.
2571 2875 2721 2931 1513.

1219 2988 1507 3061 Mutia'n
1554 3010 1651 3063 an
1696 2988 1973 3061 Urban.

467 3118 654 3187 (Klaye
686 3136 784 3172 um
816 3119 914 3181 den
952 3120 1056 3175 Tod
1085 3119 1174 3173 des
1217 3119 1502 3185 Erasmus,
1536 3120 1629 3185 der
1662 3118 1917 3188 artemiam
1962 3118 2095 3189 noch
2129 3117 2410 3189 Reucklin
2454 3116 2724 3185 verteidiqt

465 3188 633 3243 haben
677 3189 864 3241 wmde.
939 3180 1278 3257 Enyelmaim
1325 3190 1418 3243 hat
1463 3188 1550 3243 die
1603 3190 1896 3256 Geldstrafe
1946 3182 2193 3241 erlassen.
2264 3180 2337 3239 M.
2393 3186 2534 3239 wird
2582 3186 2725 3239 aeine

469 3258 667 3311 Schuld
699 3274 774 3311 an
807 3258 893 3312 die
939 3258 1235 3311 Eberbachs
1281 3258 1396 3311 und
1439 3274 1515 3311 an
1574 3258 1757 3312 Urbcm
1808 3258 2071 3325 bezahlen,
2124 3255 2273 3309 weim
2323 3272 2381 3309 er
2432 3256 2573 3308 auch
2625 3272 2725 3307 von

601 3466 628 3494 8
654 3452 786 3500 ulna
825 3450 973 3503 Ten-z.
1113 3454 1141 3492 b
1169 3449 1304 3516 χίξει
1339 3444 1466 3503 ἆυτι.
1519 3450 1703 3503 Teum:
1740 3450 1862 3507 Mica
1895 3444 2037 3512 αὗτή.

607 3524 624 3552 ῑ
657 3520 890 3574 Tilonins
923 3518 1152 3573 kleinere
1203 3519 1483 3587 Beigaben.
1556 3518 1655 3573 Ein
1699 3517 2043 3587 Epitaphium
2096 3514 2207 3585 galt
2249 3516 2369 3567 dem
2418 3516 2551 3569 1507
2602 3530 2719 3565 ver-

464 3589 740 3643 storbenen
776 3590 940 3643 Vater
983 3589 1074 3643 des
1122 3588 1378 3657 Petrejus,
1428 3588 1602 3656 Georg
1646 3587 1935 3641 Eberbach.
2008 3586 2125 3657 Vgl.
2175 3584 2415 3663 Petrejus
2439 3600 2531 3661 ‘an
2577 3582 2724 3659 Lang

467 3659 549 3713 20.
604 3661 726 3727 Apr.
785 3658 948 3714 1513:
1008 3657 1412 3711 »Circumfertur
1482 3656 1701 3711 Homeri
1769 3653 2399 3733 Batrachomyomachia·
2436 3652 2722 3731 interprete

466 3726 770 3795 PhilymnO.
843 3726 1160 3781 Dedicatum
1197 3742 1328 3795 opus
1362 3727 1502 3780 Vero
1538 3728 1715 3779 nostro
1752 3729 1805 3779 et
1836 3724 2073 3779 Materno
2112 3764 2123 3777 .
2162 3764 2173 3775 .
2213 3765 2224 3777 .
2260 3722 2485 3789 Inspice.
2558 3720 2721 3785 Vlde-

467 3796 549 3849 bis
585 3797 832 3850 Africam.
889 3796 1034 3861 Quid
1066 3796 1176 3849 ita?
1229 3796 1463 3850 Monstra
1498 3795 1679 3865 gignit,
1718 3810 1903 3847 versus
1940 3794 2169 3859 claudOS,
2206 3790 2512 3869 salebroSOS,
2538 3791 2723 3867 hepta-

467 3868 675 3921 metrOS.
736 3866 888 3919 Fecit
924 3864 1060 3933 patri
1095 3880 1212 3918 meo
1249 3865 1589 3933 epitaphium.
1652 3864 1859 3917 Vellem
1892 3863 2099 3929 Jovem,
2136 3878 2227 3929 qui
2252 3860 2554 3913 Cretensem
2578 3860 2726 3911 suxit

471 3935 742 4001 capellam,
783 3934 1064 4003 sepulcrali
1099 3932 1330 3987 carmine
1367 3934 1718 3987 honorasset«
1788 3932 1909 3986 Cod.
1948 3932 2107 4007 Goth..
2139 3934 2187 3983 A
2222 3928 2399 4003 399?
2435 3928 2538 3980 254
2557 3929 2607 3993 b,
2644 3944 2724 3980 wo

462 4004 653 4071 jedoch
691 4005 858 4057 durch
903 4003 1178 4055 Versehen
1216 4004 1308 4056 des
1346 4002 1725 4056 Abschreibers
1762 4000 1847 4053 die
1883 4000 2179 4066 unrichtige
2225 3996 2541 4050 Jahreszahl
2592 3996 2724 4050 1525

468 4074 622 4127 steht.
661 4074 710 4124 V
713 4074 778 4141 gl.
801 4073 851 4126 S.
873 4073 972 4125 327
998 4075 1059 4124 A.
1081 4072 1128 4124 4.
1237 4074 1256 4105 ²
1295 4071 1663 4125 Griechisches
1686 4070 2019 4138 Sprichwort,
2038 4070 2225 4122 turdus
2257 4066 2369 4146 ipse
2394 4066 2497 4119 sibi
2524 4066 2725 4119 malum

469 4147 632 4203 cacat,
668 4142 901 4195 nemlich
935 4141 1022 4195 die
1057 4140 1251 4204 Mistel,
1289 4142 1457 4193 durch
1493 4140 1579 4193 die
1614 4140 1692 4193 sie
1726 4140 1898 4193 selber
1932 4140 2185 4206 gesangen
2232 4136 2385 4189 wird.
2457 4134 2723 4193 Erasmus’

471 4212 719 4281 Adagien.
863 4213 884 4243 ³
919 4210 1155 4263 Erfurter
1189 4210 1523 4277 Sprichwort,
1561 4226 1666 4267 von
1700 4209 1791 4261 der
1827 4208 2063 4275 doitigen
2098 4222 2312 4275 grosseti
2365 4204 2560 4257 Glocke
2604 4204 2725 4282 hei·-

467 4296 796 4402 {egomdmfim
834 4280 920 4333 die
958 4280 1013 4331 in
1049 4280 1410 4401 demeTurmei
1430 4276 2367 4400 derFMariinekilgzigihlinffiisraerlgff
2380 4290 2492 4395 {ff
2510 4272 2728 4395 {leger

1445 4391 1456 4403 .
1652 4364 1681 4399 c
1788 4363 1821 4398 n
2345 4384 2356 4395 .
2474 4384 2485 4396 .
2554 4383 2567 4405 ,
2712 4380 2723 4393 .

471 4420 493 4451 ⁴
513 4366 681 4486 Ilsgiig.
718 4365 943 4481 Aziripii?
966 4364 1231 4471 ΙΕξξοὲᾎὲι
1254 4364 1376 4484 aviliu
1412 4365 1441 4401 θ
1473 4418 1494 4449 ⁵
1525 4364 1735 4469 Flssund
1770 4386 2144 4483 Stimmer'ingS.
2206 4412 2257 4467 S.
2295 4412 2397 4465 239
2433 4414 2496 4463 A.
2534 4412 2582 4465 6.

470 4488 492 4518 θ
526 4486 633 4538 Cic.
669 4502 761 4553 pro
798 4485 945 4539 Sulla
978 4484 1124 4551 VIII,
1161 4484 1242 4539 23.
2274 4536 2278 4541 ,
2327 4535 2333 4541 ,,
