3084 4895
529 513 659 580 454
1366 513 1541 568 Briefe
1577 513 1671 566 des
1706 511 1756 566 J.
1797 511 1945 566 1514.

535 701 765 771 (soffia)
1593 685 1739 750 386.
2327 697 2443 767 (um
2476 697 2592 751 Jun
2630 699 2816 765 1514.)

1295 810 1587 882 Mutian
1630 831 1731 880 an
1774 809 2053 880 Urban.

537 939 716 1008 (Gieht
749 938 839 991 ein
874 938 980 990 Em
1015 938 1462 1007 fehlunysyedicht
1497 938 1594 1007 fieb*
1640 937 1825 990 Urban
1859 954 1934 989 m
1967 937 2138 989 einem
2167 934 2626 1004 ahyesehmackten
2656 933 2817 986 Oma-

535 1013 774 1062 mantare
794 1005 962 1060 Kirck
1049 1023 1128 1074 93.
1184 1007 1399 1076 Strenye
1421 1005 2277 1142 Κζηιξῖὢὶξέιῖῗζωαῖῗρωσήφηαεῖείεη
2306 1002 2562 1057 Ger-ieme.
2614 1001 2817 1054 Scherx

679 1186 937 1239 Urbano
972 1199 1104 1245 suo,
1139 1187 1276 1238 viro
1309 1188 1606 1248 primario
1644 1187 1931 1238 doctrina
1964 1187 2288 1247 singulari,
2320 1186 2411 1234 Μ.
2444 1183 2675 1236 Rufus.

750 1296 843 1360 Tu
912 1297 1102 1360 salve.
1213 1296 1528 1362 Liberalis
1594 1319 1683 1376 es,
1754 1298 1810 1360 si
1874 1297 1989 1360 das
2064 1301 2245 1360 tuum
2318 1293 2815 1377 Kyrchbergi0.¹

543 1382 886 1446 Audacter.
976 1381 1234 1445 Lubens
1301 1383 1493 1447 audio
1559 1387 1737 1446 tuam
1809 1381 2203 1446 facilitatem.
2296 1379 2420 1444 Sed
2484 1380 2680 1462 quale
2744 1383 2819 1444 tu

544 1470 642 1532 vis
675 1467 916 1549 gloriae
945 1466 1364 1548 choragium?
1434 1468 1693 1533 Volabis
1724 1468 1791 1530 in
1822 1467 2066 1532 coelum
2100 1470 2357 1547 sumpto
2388 1464 2511 1530 hoc
2539 1465 2819 1531 amictu:

1232 1569 1478 1634 Urbani
1521 1569 2115 1652 Endecasyllabum.

1061 1652 1375 1720 Facturus
1420 1655 1643 1720 Latiae
1689 1677 1900 1720 comes
1943 1655 2266 1718 Minervae

1062 1738 1304 1804 lucrum
1354 1741 1522 1806 hanc
1568 1745 1739 1807 emat
1784 1740 2223 1816 eruditionem,

1063 1845 1255 1904 quam
1299 1848 1508 1891 rerum
1557 1828 1922 1908 speculator
1967 1825 2273 1890 eminenti

1062 1909 1232 1974 fama
1278 1912 1563 1992 protulit.
1652 1911 1714 1975 Is
1758 1912 2286 2006 scholasticorum

1064 1994 1298 2076 dignus
1345 2017 1455 2078 pro
1501 1997 1745 2061 meritis
1789 1997 2025 2075 favore,
2070 2014 2329 2081 γνωμᾱς

1063 2085 1332 2145 naturae
1376 2081 1643 2145 rudibus
1688 2081 1865 2146 dedit
1909 2081 2232 2164 probatas

1063 2164 1145 2229 ad
1192 2167 1324 2230 veri
1371 2166 1657 2230 studium
1704 2169 2003 2250 viamque
2045 2171 2286 2230 rectam

1064 2255 1448 2332 spectantes.
1541 2252 1731 2316 Pueri
1774 2252 1994 2335 legant
2038 2272 2352 2333 senesque

1064 2337 1316 2417 magnis
1363 2337 1757 2402 utilitatibus
1802 2337 2082 2402 refertae.

1066 2420 1328 2489 Affulsit
1371 2444 1538 2488 nova
1583 2422 1695 2487 lux
1740 2423 1975 2489 scholis
2019 2423 2258 2501 latinis,
2352 2485 2361 2501 Ι

1069 2528 1385 2589 nusquam
1433 2532 1602 2572 rana·
1634 2513 1887 2588 coaxat,
1931 2514 2006 2573 ut
2050 2509 2317 2584 solebat,

1070 2614 1384 2675 nusquam
1434 2595 1663 2658 menda
1708 2599 1991 2660 moratur
2033 2594 2391 2677 impeditos

771 2694 1048 2758 Tantum
1082 2700 1195 2759 est.
1286 2696 1437 2774 Ede,
1470 2698 1525 2760 si
1556 2697 1782 2779 placet.
1873 2697 2010 2778 Ego
2042 2697 2146 2761 odi
2176 2698 2337 2761 istos
2367 2694 2829 2771 ParmenoneS,

554 2777 776 2862 Syros²
823 2802 966 2845 cum
1013 2782 1146 2844 suis
1198 2784 1386 2863 nugis
1433 2786 1498 2845 et
1544 2783 2085 2865 suppilationibus
2129 2781 2460 2845 universis.
2550 2780 2651 2843 Ita
2684 2801 2831 2843 sum

554 2866 944 2931 fastidiosus,
1035 2865 1178 2929 Non
1241 2866 1372 2931 fero
1437 2866 1674 2931 malum
1735 2890 2029 2950 coquum,
2076 2868 2187 2950 qui
2232 2864 2647 2949 reliquiarum
2682 2865 2833 2929 reli-

559 2952 742 3034 quias
797 2950 929 3031 jam
987 2951 1356 3017 subolentes
1418 2954 1645 3017 iterum
1710 2956 1906 3037 atque
1965 2955 2195 3017 iterum
2256 2951 2467 3016 infert.
2558 2950 2832 3015 Movent

556 3037 683 3101 ista
713 3036 1119 3101 condimenta
1154 3037 1342 3102 bilem
1375 3037 1553 3101 lauto
1598 3037 1840 3104 lectori.
1930 3038 2095 3115 Quid
2140 3038 2313 3101 aliud
2358 3039 2457 3103 est
2502 3058 2831 3101 commen-

555 3125 691 3187 tum
726 3122 915 3185 istius
945 3122 1208 3202 gloriosi
1238 3124 1522 3204 gerronis
1560 3144 1753 3204 quam
1780 3124 1885 3207 jus
1918 3124 2165 3188 fatuum
2199 3126 2263 3187 et
2293 3122 2529 3203 fungus
2560 3122 2831 3204 putidus

557 3213 622 3272 et
665 3229 867 3290 perna
910 3208 1172 3271 rancida
1215 3214 1469 3273 scatens
1513 3208 1885 3273 vermibus?
1972 3209 2103 3293 Ipsi
2157 3230 2301 3272 cum
2360 3207 2498 3271 suis
2542 3208 2829 3272 suaviter

557 3294 884 3359 conditum
930 3297 1164 3375 putant
1208 3308 1270 3357 et
1317 3295 1646 3370 devorant,
1679 3316 1845 3375 quae
1888 3317 1967 3358 ne
2014 3315 2231 3357 musca
2283 3292 2541 3379 quidem
2591 3292 2827 3374 probo-

557 3378 729 3444 scide
772 3377 1099 3441 lamberet.
1176 3378 1365 3443 Nosti
1409 3380 1649 3459 simiaS,
1696 3380 1869 3443 nosti
1913 3374 2279 3464 φιλαυτίαν.
2370 3376 2561 3442 Lucri
2620 3376 2828 3441 dulcis

558 3465 732 3529 odor.
823 3463 940 3527 Est
982 3464 1168 3527 credo
1213 3450 1597 3527 ἐπεισόδιον
1627 3477 1655 3505 ³
1699 3460 1769 3542 ἐξ
1811 3452 2201 3549 ἀμφοτέρων
2244 3453 2529 3548 φύσεων.
2607 3460 2701 3525 Tu
2746 3483 2827 3523 ne

560 3548 946 3632 primoribus
1013 3549 1268 3629 quidem
1337 3549 1560 3629 digitis
1626 3550 1899 3631 tangito.
1989 3549 2210 3631 Neque
2278 3548 2450 3613 enim
2518 3547 2675 3612 facit
2740 3546 2823 3610 ad

563 3632 964 3699 stomachum
1013 3633 1288 3699 delicati.
1379 3634 1554 3697 Haec
1599 3638 1810 3700 tecum
1858 3633 2114 3699 habeas.
2206 3633 2374 3697 Sunt
2421 3632 2718 3697 aculeata
2762 3636 2829 3695 et

563 3720 845 3784 dicerent
889 3718 1215 3800 sophistae
1261 3719 1494 3784 habere
1527 3741 1645 3784 nos
1677 3719 1931 3784 foenum
1978 3716 2044 3783 in
2080 3741 2293 3783 cornu.
2384 3720 2503 3783 Eia
2549 3717 2827 3799 compuli

561 3809 627 3868 et
669 3803 885 3887 pepuli
931 3804 1264 3883 calamum,
1311 3812 1384 3869 ut
1430 3809 1739 3868 exararet.
1831 3805 1995 3869 Nam
2028 3806 2301 3887 rejectus
2332 3804 2503 3867 aruit
2548 3807 2613 3867 et
2655 3807 2827 3867 atra-

561 3890 942 3952 mentarium
991 3889 1194 3954 multo
1241 3891 1464 3971 magis,
1561 3890 1845 3968 Quam-ie,
1911 3891 2064 3973 quid
2110 3891 2251 3955 ita?
2340 3890 2503 3965 Quia
2557 3888 2826 3970 legendo

563 3973 867 4038 dolebant
910 3974 1097 4038 oculi.
1189 3974 1375 4039 Nunc
1436 3975 1721 4055 infunde,
1787 3998 1960 4058 puer,
2028 3980 2239 4040 atrum
2309 3976 2547 4039 vinum.
2636 3972 2829 4036 Ridet

698 4172 728 4202 ⁸
755 4157 1024 4214 ἔπισόδιον,

703 4230 721 4261 ¹
758 4228 995 4281 Erfurter
1028 4228 1271 4296 Theolog.
1345 4228 1462 4296 Vgl.
1489 4228 1541 4281 S.
1570 4228 1672 4280 434
1698 4229 1759 4281 A.
1790 4230 1834 4279 l.
1906 4228 2090 4281 Urban
2124 4227 2297 4280 wollte
2334 4228 2417 4279 fiir
2453 4224 2598 4278 seins
2634 4224 2831 4277 schrift

565 4295 652 4347 ein
688 4296 1114 4363 Titelepigramm
1166 4297 1367 4362 Essem,
1405 4297 1499 4349 das
1535 4296 1649 4347 ihm
1698 4294 1903 4349 Mutian
1952 4294 2196 4348 schreibt.
2338 4296 2359 4327 ²
2392 4294 2500 4346 Der
2548 4292 2829 4346 Ausdruck

564 4378 661 4415 aus
696 4364 867 4415 Plaut.
904 4364 1156 4417 Bacchid.
1195 4364 1287 4430 IV,
1323 4366 1376 4430 4,
1414 4366 1472 4417 7:
1508 4364 1655 4417 »Non
1699 4363 1835 4415 mihi
1881 4363 1971 4415 isti
2005 4362 2215 4430 placent
2261 4362 2634 4427 Parmenones,
2670 4360 2829 4427 Syris

565 4430 638 4483 Es
675 4431 793 4483 sind
828 4431 1247 4485 Sklavennamen
1299 4433 1390 4485 des
1426 4432 1635 4484 Terenz.
1708 4430 1839 4483 Hier
1882 4448 1987 4484 von
2030 4430 2380 4499 Plagiatoren‚
2427 4430 2596 4481 denen
2634 4444 2693 4482 es
2728 4428 2829 4481 wie

564 4498 724 4565 jenen
758 4498 988 4553 Sklaven
1023 4500 1115 4554 auf
1148 4500 1302 4553 einen
1336 4499 1615 4554 Diebstahl
1649 4500 1799 4553 nicht
1834 4500 2118 4553 ankommt.
