3084 4895
495 418 623 495 544
1331 414 1510 481 Briefe
1548 414 1641 479 des
1676 423 1727 481 J.
1769 414 1917 480 1515.

493 615 724 683 (Gotho.)
1531 598 1680 663 479.
2414 610 2549 682 (Mai
2585 605 2759 682 1515.)

1239 706 1535 775 Mutian
1581 726 1680 775 an
1721 704 2005 775 Eoban.

499 816 864 885 (Rechtfertiyt
896 816 1014 868 sich
1045 832 1217 884 weyen
1248 816 1340 869 der
1368 817 1675 884 pemachten
1708 815 1981 882 Vonoioefe
1998 816 2115 869 und
2128 816 2275 868 weist
2308 814 2763 881 Umerschlayunq

497 886 614 937 ared
656 884 800 937 Ne‘id
844 884 1062 937 xuric'ck.
1153 884 1343 938 Orotm
1395 884 2095 1019 ὁὶξῗῖιηῗῶξῖἔῗνῆαηραη
2142 884 2273 936 &lber
2314 883 2401 935 die
2444 882 2761 949 lamnas-1212

695 1049 924 1099 Divino
960 1048 1218 1097 Eobano
1251 1048 1454 1099 Hesso
1489 1050 1815 1099 Musarum
1850 1049 2120 1099 antistiti
2156 1046 2265 1113 (M.
2301 1043 2551 1111 Rufus).

700 1142 762 1205 S.
854 1141 988 1221 Ego
1054 1144 1118 1204 te
1177 1145 1250 1204 ut
1307 1142 1647 1205 aleatorem
1716 1146 1781 1205 et
1842 1142 2130 1224 perditae
2196 1142 2365 1203 vitae
2432 1137 2760 1201 hominem

497 1227 832 1309 objurgare
877 1226 1169 1289 deberem
1217 1247 1326 1307 pro
1371 1248 1512 1289 mea
1558 1248 1708 1307 erga
1750 1230 1815 1289 te
1862 1226 2325 1297 benevolentia,
2382 1223 2493 1286 sed
2536 1228 2613 1289 tu
2659 1245 2762 1285 me

497 1313 678 1377 furti¹
730 1317 795 1375 et
838 1311 1230 1375 invidentiae
1273 1313 1507 1393 arguiS,
1555 1313 1743 1392 quasi
1788 1311 2134 1375 clausulam
2170 1310 2263 1373 ori
2294 1330 2435 1372 meo
2468 1308 2759 1371 daturus.

494 1398 666 1461 Haec
710 1418 850 1460 mea
896 1396 1130 1460 diluam
1177 1397 1459 1473 crimina,
1507 1398 1564 1461 si
1607 1419 1747 1460 mea
1800 1400 1971 1471 sunt,
2018 1417 2181 1478 quae
2226 1416 2367 1458 mea
2410 1414 2539 1457 non
2588 1397 2761 1457 sunt.

498 1484 746 1559 CrotuS,
780 1482 874 1545 vir
905 1482 1184 1563 optimus
1219 1488 1283 1543 et
1314 1504 1456 1545 vere
1486 1486 1639 1545 tuus
1673 1487 1869 1562 pater,
1916 1482 2193 1562 quadam
2237 1479 2763 1561 petulantissima

495 1568 782 1651 epistola,
829 1567 958 1629 imo
1003 1571 1277 1647 quatuor
1332 1565 1504 1630 foliis
1557 1573 1733 1651 tu-am
1793 1567 2117 1631 levitatem
2165 1585 2238 1628 ac
2284 1564 2633 1627 stultitiam
2694 1564 2759 1625 in

493 1676 559 1715 re
605 1652 829 1715 uxoria
891 1651 1196 1732 proscidit
1257 1651 1589 1727 mandanS,
1638 1656 1711 1715 ut
1753 1673 1895 1715 meo
1938 1651 2203 1715 arbitrio
2262 1650 2356 1711 vel
2416 1650 2761 1711 retinerem

497 1738 596 1801 vel
653 1737 1024 1799 emitterem.
1135 1734 1270 1817 Ego
1325 1758 1470 1799 vero
1539 1740 1748 1817 (erant
1812 1737 1978 1799 enim
2051 1735 2325 1816 patulae,
2386 1754 2515 1797 non
2584 1733 2763 1795 obsi-

493 1828 726 1903 gnatae
771 1822 987 1885 literae
1016 1824 1068 1895 ει)
1125 1825 1374 1884 tantum
1417 1822 1629 1902 justae
1674 1822 2119 1885 amaritudinis
2164 1820 2420 1897 offendi,
2466 1823 2540 1881 ut
2585 1838 2762 1881 com-

497 1908 802 1971 busserim
850 1929 882 1969 e
938 1906 1228 1985 vestigi0.
1317 1906 1538 1988 Neque
1611 1908 1675 1969 id
1742 1907 1879 1969 sine
1947 1928 2157 1969 causa.
2246 1904 2409 1967 Nam
2478 1904 2533 1965 si
2605 1902 2763 1965 mihi

495 1992 818 2056 silentium
887 1991 1215 2073 imperasti
1273 1992 1357 2054 ob
1417 1992 1651 2055 nudam
1715 1995 1777 2054 et
1823 1992 2174 2073 simplicem
2244 1988 2762 2068 castigationem,

497 2078 650 2159 quid
697 2078 932 2140 faceres
979 2076 1170 2141 Croto
1217 2079 1425 2140 totum
1473 2076 1708 2140 vulnus
1772 2075 2172 2139 suffricanti‘?
2262 2072 2491 2137 Procul
2559 2072 2763 2136 dubio

495 2185 662 2245 aqua
728 2168 794 2226 et
857 2162 991 2242 igni
1059 2162 1488 2225 interdiceres.
1601 2161 1672 2223 In
1738 2183 2013 2226 summa:
2083 2160 2335 2242 scripsit
2402 2178 2630 2241 graece
2696 2162 2765 2221 et

494 2249 712 2324 latine,
759 2247 866 2311 sed
913 2248 995 2311 ad
1041 2246 1212 2310 hunc
1257 2248 1535 2323 modum,
1582 2251 1657 2310 ut
1701 2245 1939 2310 diceret
1984 2252 2047 2311 te
2093 2244 2251 2308 illud
2296 2244 2761 2326 sempiternum

498 2334 819 2415 poenitere
881 2332 1068 2395 nimis
1128 2353 1361 2412 magno
1423 2331 1671 2409 emisse,
1718 2353 1861 2395 cum
1906 2331 2097 2395 vilius
2163 2329 2414 2393 futuere
2482 2332 2760 2393 constet.

496 2418 778 2500 Adjecit:
853 2416 962 2500 „Si
1025 2417 1144 2480 tria
1212 2416 1479 2481 fulmina
1534 2417 1602 2479 in
1657 2439 1851 2482 manu
1915 2417 2236 2491 haberem,
2303 2415 2577 2497 primum
2644 2434 2763 2476 ex-

496 2510 772 2568 cuterem
819 2504 884 2566 in
931 2523 1192 2566 uxorem
1240 2502 1486 2566 Eobani
1532 2505 1829 2566 nasutam
1876 2508 1941 2566 et
1985 2501 2349 2577 deformem,
2406 2499 2763 2563 secundum

497 2591 563 2652 in
611 2595 848 2662 sectam
896 2586 1546 2665 Hochstratinianam‚
1606 2589 1863 2651 tertium
1920 2587 2077 2651 mihi
2121 2587 2186 2649 in
2232 2607 2417 2649 usum
2476 2584 2763 2664 aliquem

503 2675 928 2738 necessarium
1005 2671 1445 2736 reservarem.“
1574 2671 1690 2744 Ah,
1766 2674 1851 2735 mi
1926 2672 2206 2748 Eobane,
2281 2671 2434 2733 boni
2509 2690 2764 2731 mecum

498 2781 720 2823 omnes
795 2760 960 2822 idem
1037 2757 1342 2821 sentiunt.
1451 2757 1703 2840 Dispuli
1775 2757 1929 2821 furti
2002 2761 2241 2820 notam.
2357 2754 2766 2818 Invidentiae

497 2845 748 2926 culpam
816 2865 999 2906 nemo
1053 2843 1119 2904 in
1175 2864 1274 2905 me
1329 2865 1609 2923 unquam
1679 2842 2109 2924 deprehendit.
2201 2841 2503 2902 Erasmus
2569 2838 2762 2900 dicit:

503 2929 666 3012 „Ubi
711 2929 886 2993 nulla
933 2928 1223 3002 felicitaS,
1279 2927 1370 2990 ibi
1418 2928 1614 2990 nulla.
1652 2925 1986 2990 invidia.“²
2075 2925 2196 3001 Qui
2251 2924 2541 2987 invident
2593 2923 2764 2988 ami-

499 3037 712 3078 corum
761 3015 1072 3091 felicitati,
1121 3011 1350 3075 nolunt
1395 3033 1502 3076 eos
1548 3033 1805 3094 prorsus
1850 3013 2156 3088 subverti,
2202 3011 2312 3073 sed
2358 3014 2571 3071 tamen
2612 3029 2765 3088 gra-

497 3103 730 3164 vantur
793 3100 1044 3163 illorum
1100 3097 1496 3160 excellentia.
1588 3096 1722 3178 Ego
1782 3119 2000 3178 precor
2043 3096 2166 3159 tibi
2212 3094 2604 3169 felicitatem,
2652 3094 2765 3155 cui

499 3185 700 3257 multi,
750 3186 932 3248 multi
981 3185 1121 3246 dico
1169 3183 1514 3245 invideant.
1605 3181 1742 3262 Ego
1788 3187 1998 3246 autem
2050 3202 2251 3261 neque
2284 3179 2539 3242 invideo
2571 3199 2762 3260 prae-

423 3337 426 3340 .
495 3271 772 3334 stantiae
800 3272 828 3310 b
875 3276 1022 3332 tuae
1068 3273 1132 3330 et
1176 3268 1372 3329 sacris
1429 3267 1837 3345 carminibu8‚
1885 3267 1994 3330 sed
2039 3265 2341 3348 gratulor,
2374 3275 2399 3302 ⁰
2460 3269 2524 3326 et
2567 3262 2760 3326 doleo

497 3363 560 3419 te
608 3356 826 3419 haberi
873 3356 955 3418 ab
1005 3375 1218 3429 uxore,
1265 3353 1393 3415 imo
1439 3352 1673 3415 servire
1717 3353 1957 3416 feritati
2002 3359 2067 3415 et
2112 3352 2417 3414 luxuriae.
2511 3347 2604 3410 Tu
2654 3369 2761 3410 me

495 3440 586 3504 fer
629 3441 727 3505 tui
772 3443 1090 3504 amantem
1138 3442 1202 3500 et
1247 3459 1446 3519 spera.
1538 3437 1695 3500 Cras
1740 3438 1953 3500 forsan
2001 3436 2228 3518 fulgor,
2296 3433 2483 3497 hodie
2530 3433 2759 3495 nubes.

494 3526 660 3590 Vale.

802 3609 925 3662 Cod.
960 3607 1094 3660 Frcf.
1131 3607 1249 3661 470.

497 3744 726 3814 (Gotha.)
1546 3726 1693 3790 480.
2412 3735 2541 3804 (Mai
2578 3737 2758 3802 1515.)

1239 3836 1532 3906 Mutian
1576 3856 1676 3904 an
1718 3834 2000 3904 Eoban.

495 3949 705 4016 (Eoban
737 3949 830 4002 hat
864 3965 1012 4001 xwar
1045 3948 1145 4000 den
1190 3947 1409 4000 Muticm
1452 3963 1572 3998 vom
1614 3945 1781 3998 Neide
1823 3941 2253 4012 freiqesprochen,
2306 3941 2430 3993 aber
2471 3940 2569 3992 den
2623 3938 2757 3990 Vor-

492 4017 645 4084 wurf
675 4019 766 4069 der
821 4017 1270 4084 Umerschlayunq
1315 4015 1431 4068 und
1483 4014 1813 4067 Uulcenntnis
1861 4013 2092 4064 bestehen
2138 4011 2326 4062 cassen.
2398 4009 2472 4060 Μ.
2519 4009 2613 4060 hat
2659 4007 2757 4060 ab·

630 4152 658 4180 ²
687 4138 870 4190 literae
905 4137 1032 4202 fehlt
1066 4137 1150 4188 bei
1187 4136 1334 4188 Tem..
1476 4138 1504 4176 b
1533 4135 1765 4187 invidiae
1804 4138 1931 4214 statt
1967 4131 2177 4185 invideo
2216 4127 2562 4198 praestantiae
2601 4126 2755 4178 Tenx.

493 4221 518 4248 e
546 4207 646 4305 sed¹
675 4207 906 4284 gratulor
936 4205 1063 4272 fehlt
1098 4205 1181 4256 bei
1217 4204 1364 4256 Tenx.
2606 4258 2612 4263 ,
2718 4280 2729 4291 η

492 4270 1588 4397 d1fi0k3¹¹¹stf³¹339h2¹²f²⁶2.“ussr.SZ}-¹3⁰}T⁰g
1624 4269 1979 4390 ἀΐᾟξέῐῑοῖῗῗ
2008 4268 2201 4390 ἕίἱὲἷὲε
2221 4264 2757 4398 αἶῖθῗῦἓὲήῗῶἰῖ

492 4415 552 4462 ut
586 4427 795 4464 summa
829 4411 1053 4463 felicitas
1089 4414 1263 4462 careat
1297 4408 1539 4461 invidia«
1610 4406 1862 4474 Adagien.
