3084 4895
419 438 548 509 594
879 442 1187 497 Zerstreute
1227 440 1400 497 Br-iefe
1439 455 1535 495 aus
1572 434 1983 495 verschiedenen
2022 436 2223 495 Zeiten.

431 616 608 692 Quae
655 636 934 679 errorum
983 616 1320 679 annotatio
1366 620 1617 679 tantum
1654 614 1777 678 tibi
1808 614 1975 696 apud
2008 618 2313 677 rectorem
2349 614 2713 677 studiorum

419 705 689 783 paratas
736 701 957 765 laudes
1002 702 1244 765 adimet
1289 702 1727 783 (quamquam,
1777 700 1931 780 quid
1979 722 2161 763 verae
2201 699 2411 763 laudis
2443 698 2713 774 habeaS,

429 808 558 849 non
605 786 913 885 invenio),
985 791 1296 868 quantum
1367 786 1555 849 nobis
1618 790 1923 867 poterunt
1985 786 2156 848 leves
2223 786 2322 848 tui
2389 784 2712 848 versiculi.

428 872 584 948 Quis
631 873 804 935 enim
853 872 912 935 ei
953 870 1143 935 fidem
1209 871 1515 935 adhibeat
1562 872 1626 933 in
1675 871 1948 934 alienam
2017 871 2411 933 literaturam
2472 874 2717 933 temere

425 956 777 1033 invehenti,
854 978 1040 1038 quern
1127 961 1257 1019 tam
1337 955 1660 1037 pueriliter
1735 955 2201 1019 hallucinatum
2289 953 2717 1037 cognoverit?

430 1042 689 1105 Miseret
742 1062 842 1107 me
900 1042 1302 1122 ignorantiae
1367 1046 1536 1118 tuae,
1607 1041 1717 1122 qui
1778 1061 1919 1103 cum
1992 1040 2149 1103 nihil
2220 1041 2433 1120 sapias
2494 1039 2718 1102 omnia

430 1148 652 1208 sapere
699 1126 900 1190 videri
944 1127 1042 1189 vis
1089 1131 1153 1188 et
1198 1126 1291 1189 illi
1339 1126 1514 1188 nihil
1544 1125 1909 1198 concedere
1958 1126 2069 1206 qui
2114 1130 2370 1189 tuorum
2417 1124 2717 1189 laborum

422 1212 623 1294 judex
667 1232 808 1274 esse
855 1212 1129 1292 poterit3
1176 1210 1360 1292 cujus
1423 1210 1672 1274 litteras
1732 1232 1861 1273 non
1923 1210 2249 1291 intelligia,
2322 1210 2505 1291 cujus
2568 1230 2719 1271 eru-

431 1298 738 1361 ditionem
788 1317 900 1394 per
959 1297 1329 1359 universum
1385 1297 1559 1359 vitae
1616 1316 1867 1359 cursum
1927 1316 2055 1359 non
2114 1296 2490 1377 assequeris
2584 1292 2717 1357 Sed

439 1404 520 1445 ne
565 1386 631 1446 te
678 1403 755 1445 ex
805 1382 1035 1445 insano
1083 1382 1566 1444 insanissimum
1613 1381 1871 1445 reddam
1921 1380 2335 1462 (quamquam
2383 1379 2543 1443 nihil
2578 1379 2719 1461 jam

431 1470 585 1531 tuae
655 1466 946 1530 insaniae
1013 1466 1313 1530 accedere
1375 1466 1618 1548 queat),
1676 1465 1780 1529 hic
1828 1471 2085 1529 nostrae
2154 1466 2523 1547 scriptionis
2584 1472 2721 1527 ter-

431 1553 648 1617 minus
710 1556 866 1615 esto.
960 1552 1278 1633 Quicquid
1341 1556 1556 1615 autem
1619 1572 1933 1632 nugarum
1980 1552 2045 1614 in
2094 1556 2416 1632 posterum
2463 1550 2545 1613 ad
2596 1570 2722 1613 nos

434 1637 950 1711 deblateraveriS,
1009 1637 1075 1699 id
1131 1636 1424 1700 Mutiano
1496 1635 1682 1712 Rufo,
1749 1636 1992 1700 homini
2053 1636 2221 1699 inter
2280 1636 2520 1717 primos
2568 1636 2723 1699 doc-

439 1724 714 1799 tissime,
767 1720 1108 1786 videndum
1159 1721 1500 1798 exhibebo,
1546 1726 1621 1784 ut
1666 1721 1801 1802 ejus
1848 1722 1967 1784 viri
2006 1720 2317 1803 judicium
2364 1719 2721 1800 intelligaS,

443 1830 570 1889 quo
641 1808 719 1870 de
779 1810 1035 1870 tantum
1106 1808 1229 1870 tibi
1301 1806 1637 1888 polliceris.
1747 1806 1900 1869 Vale
1965 1813 2039 1871 ut
2104 1806 2387 1869 meritus.
2503 1806 2723 1869 Pridie

441 1892 708 1957 Kalend.
757 1891 943 1955 Mart.
994 1891 1182 1956 Anno
1229 1890 1458 1956 nono.“

641 1977 852 2055 Vides,
908 1977 1376 2059 jucundissime
1441 1976 1745 2053 Mutiane,
1804 1980 2117 2057 quantum
2180 1998 2276 2037 me
2340 1980 2569 2054 urgeat
2614 1976 2721 2038 in-

435 2084 633 2128 sanus
678 2063 1041 2128 homuncio.
1138 2063 1282 2127 Non
1330 2068 1585 2126 moveat
1628 2066 1711 2135 te,
1760 2062 1929 2142 quod
1980 2059 2310 2141 mendacia
2342 2082 2443 2123 me
2474 2060 2722 2123 dixisse

436 2150 774 2232 scriptitat.
867 2148 1024 2229 Ege,
1072 2149 1260 2211 deum
1325 2152 1548 2225 testor,
1619 2148 2007 2227 quiescerem
2076 2146 2522 2223 libentissime,
2594 2146 2720 2209 nisi

435 2256 692 2315 cogerer
758 2234 839 2297 ad
912 2255 1010 2297 me
1076 2232 1565 2297 defendendum.
1680 2232 1776 2295 Tu
1841 2254 1989 2295 xero
2058 2232 2363 2314 quicquid
2424 2231 2720 2312 jusseriS,

439 2320 745 2403 quicquid
812 2318 1155 2395 mandaris,
1226 2318 1476 2381 faciam.
1570 2316 1695 2381 Sed
1751 2324 1826 2380 ut
1879 2339 1981 2380 me
2040 2317 2196 2379 deus
2264 2322 2455 2394 amet,
2520 2318 2576 2380 si
2638 2316 2723 2379 ad

440 2408 759 2486 integrum
809 2405 1003 2468 scires
1031 2414 1060 2443 ²
1105 2426 1308 2468 meam
1354 2404 1815 2476 innocentiam,
1872 2401 2297 2467 exhortareris
2342 2424 2443 2466 me
2491 2406 2722 2466 contra

442 2492 851 2575 pumilionem
902 2491 1097 2554 istum
1144 2491 1288 2572 plus
1333 2511 1538 2571 aequo
1587 2489 1984 2552 maledicum.
2078 2487 2307 2552 Crotus
2354 2491 2575 2551 noster
2608 2488 2721 2550 vix

442 2578 566 2642 fert
639 2576 916 2640 hominis
987 2576 1324 2638 insaniam.
1447 2575 1613 2651 Quid
1691 2595 1836 2638 vero
1912 2574 2412 2638 humanissimus
2479 2577 2723 2636 noster

442 2661 860 2726 Heribordus¹
935 2659 1146 2738 faciet,
1212 2660 1322 2723 ubi
1389 2659 1545 2723 haec
1613 2658 1941 2724 rescierit?
2044 2658 2332 2735 Videsne,
2400 2663 2715 2740 quantum

442 2769 509 2811 se
544 2753 608 2810 et
638 2769 754 2810 sua
795 2747 1014 2827 jactet,
1070 2767 1185 2809 nos
1232 2743 1587 2827 despiciat?
1676 2745 1857 2821 Quod
1892 2766 2009 2824 ego
2046 2765 2373 2824 nunquam
2422 2743 2717 2820 facerem,

449 2831 766 2896 eruditum
816 2853 883 2894 se
927 2832 1271 2912 praedicat.
1363 2830 1528 2906 Quid
1578 2829 1853 2892 hominis
1902 2831 2007 2905 sit,
2056 2851 2227 2892 nunc
2283 2830 2559 2911 primum
2606 2851 2721 2891 ex-

447 2919 670 3000 perior.
761 2917 995 2979 Iterum
1046 2921 1245 2980 testor
1292 2917 1478 2979 deum
1526 2915 1970 2992 immortalem,
2018 2914 2316 2996 injuriam
2365 2913 2523 2977 mihi
2565 2913 2724 2977 facit

449 3003 817 3067 maximam.
908 3001 1052 3065 Non
1100 3001 1337 3066 offendi
1382 3001 1722 3064 hominem.
1813 3001 2065 3065 Invidet
2107 3001 2288 3077 mihi,
2334 3021 2528 3080 quom
2587 2999 2721 3079 jam

447 3089 641 3153 altius
687 3086 1028 3151 attollerer.
1123 3088 1381 3150 Miseret
1427 3086 1685 3149 Petrum
1745 3085 2149 3166 ignorantiae
2210 3107 2405 3148 meae.
2500 3083 2618 3160 Tu,
2666 3086 2723 3147 si

447 3197 546 3239 me
613 3195 809 3249 amaS,
873 3173 1166 3235 miserere
1227 3173 1324 3236 tui
1385 3173 1801 3245 conterranei,
1860 3172 1972 3254 qni
2016 3171 2254 3252 injuste
2322 3171 2723 3251 deprimitur,

449 3265 513 3324 et
579 3259 730 3342 quid
788 3259 1145 3321 faciendum
1213 3257 1368 3321 mihi
1417 3260 1504 3328 sit,
1545 3257 1837 3328 rescribe,
1892 3263 1958 3320 te
2004 3259 2195 3320 etiam
2262 3264 2456 3336 atque
2526 3257 2719 3318 etiam

450 3367 622 3426 rogo.
716 3343 864 3406 Vale
931 3365 1133 3425 usque
1191 3349 1254 3406 et
1299 3364 1500 3423 usque
1564 3342 1736 3418 felix,
1802 3341 2171 3405 charissime
2230 3341 2597 3419 Mutiane,b
2659 3347 2726 3404 et

451 3431 715 3494 Hessum
765 3433 968 3506 tuum,
1016 3433 1089 3491 ut
1135 3435 1303 3492 certe
1349 3427 1526 3505 faciS,
1575 3449 1735 3490 ama.

660 3515 900 3590 Quarto
945 3511 1166 3577 Nonas
1217 3513 1399 3577 Mart.
1450 3513 1637 3576 Anno
1682 3513 1763 3576 M.
1816 3511 1888 3574 D.
1938 3533 2126 3574 nono.

1902 3596 2208 3660 Eobanus
2254 3595 2511 3659 Hessus.

759 3700 881 3753 Cod.
920 3699 1079 3754 Basil.
1122 3700 1179 3752 G.
1217 3699 1244 3752 I
1282 3699 1362 3752 25.
1401 3697 1457 3751 F.
1496 3699 1647 3751 7—9.
1686 3697 2008 3766 Autograph.

591 3935 618 3964 ¹³
645 3920 799 3974 scies.
940 3925 969 3962 b
997 3919 1214 3972 chariss,
1251 3917 1384 3971 Mut.

453 4006 678 4058 manche
733 4004 956 4072 Mangel.
1029 4004 1128 4058 Die
1184 4003 1452 4070 Bucolica,
1505 4001 1631 4055 weit
1684 4001 2009 4054 vollendeter
2055 4000 2134 4053 als
2186 3975 2280 4052 das
2315 3998 2607 4067 Bisherige,
2642 4015 2727 4050 er-

453 4074 874 4210 &gear-1131?
927 4072 1126 4124 Herbst
1183 4072 1331 4125 1509
1479 4074 1494 4102 ²
1530 4070 1643 4123 Seit
1686 4069 1823 4122 Nov.
1866 4069 2000 4122 1508
2036 4068 2235 4120 Lehrer
2270 4068 2321 4119 in
2359 4067 2726 4136 Georgenthal.

3024 3678 3044 3755 Λ-
