3084 4895
447 370 574 435 568
1283 370 1458 433 Briefe
1493 370 1587 425 des
1624 371 1678 426 J.
1716 370 1866 425 1515.

459 543 714 625 publice
761 542 956 623 virgis
1001 565 1256 607 caesum
1306 549 1370 607 et
1415 566 1559 607 cum
1606 543 1957 625 ignominia
2002 544 2295 626 fugatum
2332 542 2733 607 extermina-

450 634 721 709 tumque
766 628 980 692 fuisse.
1072 629 1197 692 Alii
1244 629 1528 693 referunt
1572 629 1635 691 in
1686 630 1949 694 civitate
1994 630 2217 712 Mysna
2262 628 2485 692 eadem
2520 650 2734 711 poena

457 716 839 796 castigatum
876 718 1022 796 post
1057 715 1340 778 diuturni
1374 716 1647 778 carceris
1680 719 1744 778 et
1776 715 2169 779 vinculorum
2207 715 2731 778 macerationem.

455 800 588 863 Nec
663 800 915 876 desunt,
983 801 1095 882 qui
1158 800 1396 863 vidisse
1472 801 1707 865 dicant.
1825 799 1977 863 Tale
2042 806 2399 864 monstrum
2471 801 2599 863 diis
2664 802 2735 863 et

451 884 822 949 hominibus
900 886 1202 949 infestum
1281 908 1431 949 suas
1507 886 1971 967 perditissimae
2045 888 2433 968 imposturas
2506 886 2731 949 attulit

456 970 893 1035 Schonatibus
970 970 1224 1035 favente
1313 972 1619 1035 Duronio.
1743 970 2233 1035 Contionatores
2309 971 2503 1053 hujus
2578 971 2734 1035 cleri

451 1056 722 1137 grandia
789 1055 1143 1139 loquuntur
1189 1058 1252 1118 in
1303 1057 1594 1120 credulos
1641 1062 1705 1119 et
1766 1059 2066 1121 territant
2132 1057 2465 1120 horrendis
2538 1057 2733 1119 minis

449 1142 803 1218 universos,
837 1143 948 1225 qui
978 1140 1411 1219 παλαμναῖον’
1451 1143 1643 1205 ist-um
1679 1144 2067 1206 consuluere.
2138 1142 2219 1204 Et
2240 1148 2411 1205 recte
2442 1143 2728 1223 quidem.

449 1226 644 1289 Nefas
701 1230 799 1289 est
854 1228 1022 1290 enim
1087 1228 1262 1289 adire
1329 1228 1591 1308 planum
1664 1228 2038 1304 maleficum,
2108 1228 2379 1291 stultum
2450 1228 2729 1302 credere,

453 1312 718 1394 impium
766 1312 926 1375 falso
972 1313 1318 1394 prophetae
1381 1314 1530 1375 dare
1596 1314 1946 1393 pecuniam.
2040 1314 2203 1390 Quid
2266 1315 2387 1377 hoc
2449 1334 2732 1375 comme-

454 1419 693 1461 mores:
759 1399 1069 1479 virginem
1117 1398 1447 1473 collocare,
1494 1402 1566 1460 ut
1613 1420 1728 1462 suo
1777 1401 1963 1481 genio
2011 1399 2265 1461 abunde
2310 1396 2731 1479 indulgeat?²

453 1486 613 1546 Acta
675 1488 826 1547 sunt
890 1483 1045 1547 haec
1089 1484 1153 1547 in
1203 1484 1484 1547 maximo
1549 1483 1703 1547 luxu
1754 1494 1817 1547 et
1863 1485 2095 1548 celebri
2153 1485 2463 1567 applausu
2526 1482 2731 1567 pluri-

451 1590 717 1632 morum.
810 1568 933 1632 Sed
984 1570 1310 1632 videamus
1356 1572 1622 1633 exitum.
1717 1570 1850 1651 Ego
1898 1571 2110 1634 videre
2170 1572 2357 1652 cupio
2418 1569 2727 1635 Codicem

450 1655 824 1729 Justiniani,
890 1678 1076 1737 quem
1148 1653 1482 1719 Cecusius⁸
1544 1656 1994 1720 commodabit.
2088 1657 2177 1719 Eo
2239 1678 2453 1719 carere
2510 1660 2731 1739 potest

452 1740 553 1804 his
597 1740 855 1804 rusticis
899 1741 1202 1807 messium
1247 1740 1441 1818 feriiS,
1510 1762 1899 1823 quamquam
1970 1743 2101 1806 cito
2168 1742 2513 1805 remittam.
2606 1742 2731 1805 Hic

449 1832 548 1890 est
592 1826 698 1889 ille
745 1825 978 1899 Gekuss
1012 1828 1317 1910 magister
1348 1831 1413 1889 et
1437 1827 1600 1909 juris
1632 1828 1961 1891 studiosus
1988 1828 2113 1891 tibi
2145 1831 2359 1891 notus,
2440 1828 2730 1892 Dicimus

455 1910 514 1976 G
561 1932 676 1995 pro
723 1911 772 1975 G
819 1916 882 1977 et
926 1912 1264 1977 scribimus
1307 1916 1520 1975 tamen
1570 1912 1640 1989 C,
1688 1917 1760 1976 ut
1820 1912 2051 1991 Gneus,
2121 1913 2331 1996 Cajus,
2402 1912 2727 1991 CurculiO,

451 1996 692 2061 Cicero.
783 1998 1008 2081 Itaque
1078 1997 1413 2061 Cecusium
1481 1998 1795 2063 salutabis
1861 1999 2265 2082 rogabisque,
2312 2003 2389 2063 ut
2433 2000 2534 2063 vel
2578 2020 2727 2081 pro-

447 2084 654 2166 prium
703 2083 801 2147 vel
849 2084 1128 2149 alienum
1198 2083 1478 2148 codicem
1534 2086 1603 2148 in
1662 2105 1900 2167 paucos
1970 2085 2127 2150 mihi
2194 2086 2327 2149 dies
2394 2084 2723 2149 exhibeat.

453 2171 779 2233 Autumno
846 2171 1135 2253 proximo
1183 2170 1236 2232 si
1283 2170 1437 2252 quid
1483 2170 1549 2232 in
1599 2170 1805 2253 patria
1868 2171 2110 2252 negotii
2175 2171 2592 2253 expediturus
2632 2192 2729 2249 eS‚

455 2255 580 2319 ibis
629 2255 711 2319 ad
757 2258 1079 2321 nundinas
1126 2278 1269 2319 cum
1315 2278 1455 2321 mea
1487 2255 1809 2339 pecunia*
1898 2257 2041 2321 Non
2075 2256 2319 2335 dubito,
2352 2257 2509 2339 quin
2543 2261 2729 2341 pater

456 2341 924 2406 Hartmannus⁵
971 2348 1037 2407 te
1083 2342 1368 2405 instante
1400 2347 1463 2406 et
1494 2364 1594 2405 me
1629 2346 1896 2424 urgente
1928 2343 2260 2425 primarias
2293 2365 2454 2425 quas
2485 2348 2727 2406 vocant

457 2427 817 2512 Nepotiano
865 2433 1083 2494 nostro
1130 2428 1388 2492 dederit.
1480 2428 1649 2493 Vale.
1742 2428 1926 2492 XVII.
1976 2428 2107 2494 Cal.
2154 2428 2433 2494 Sextiles
2464 2427 2725 2492 MDXV.

761 2529 885 2584 Cod.
922 2529 1056 2587 Frcf,
1096 2529 1214 2583 496.

456 2715 688 2785 (soffia.)
753 2697 757 2701 ’
1407 2733 1414 2739 ·
1516 2701 1661 2766 505.
2119 2717 2235 2786 (vor
2278 2719 2357 2772 19.
2394 2717 2507 2771 Juli
2545 2719 2724 2788 1515.)

1205 2827 1498 2898 Mutian
1541 2849 1641 2898 an
1685 2828 1967 2899 Urban.

458 2954 674 3022 (Urban
716 2955 922 3023 kiianpfh
954 2955 1049 3023 fiio·
1081 2956 1198 3009 sein
1233 2957 1390 3010 Hau-3
1437 2957 1611 3025 tapfer
1644 2957 1707 3010 in
1744 2956 1953 3024 Erfurt,
1992 2961 2309 3010 unterstiitxt
2343 2973 2445 3010 von
2476 2957 2578 3010 den
2618 2957 2724 3010 Ge-

455 3023 837 3092 oryenthalern.
908 3023 1010 3077 Die
1045 3025 1365 3093 Hauptleute
1398 3025 1569 3078 haben
1602 3027 1769 3080 durch
1804 3027 1895 3079 ilar
1942 3025 2218 3079 Verbalten
2245 3042 2405 3094 yeyen
2424 3025 2524 3078 den
2542 3025 2727 3078 Herm

458 3109 561 3146 von
604 3092 851 3145 Gleichen
888 3093 1067 3160 Strafe
1100 3094 1354 3148 verwirkt.
1435 3095 1785 3162 Georyentlzal
1816 3095 2069 3148 bokommt
2102 3094 2257 3147 einm
2288 3111 2457 3147 neuen
2512 3095 2721 3148 Censor.

657 3161 899 3214 Osmzmd
930 3163 1031 3214 soll
1063 3163 1179 3215 dem
1214 3162 1433 3216 Monche
1467 3163 1569 3215 den
1615 3163 1885 3231 Weinbery
1921 3163 2169 3216 Mutians
2202 3161 2526 3230 verkaufen.)

800 3277 1163 3327 Fortissimo
1199 3278 1565 3338 imperatori
1599 3278 1855 3328 Urbano
1895 3275 2003 3344 (M.
2040 3275 2283 3337 Rufus).

666 3386 730 3452 S.
821 3388 1074 3452 Fortem
1121 3395 1186 3452 te
1233 3390 1432 3453 virum
1483 3411 1620 3453 esse
1664 3388 1875 3453 audio.
1965 3389 2127 3453 Nam
2174 3389 2489 3453 obsessus·
2520 3409 2722 3472 popu-

463 3471 578 3534 lari
623 3473 914 3557 strepitu,
965 3475 1138 3538 nullo
1183 3476 1410 3539 timore
1450 3476 2054 3557 pe1·territuS,tenes
2088 3471 2397 3539 domum.⁰
2470 3475 2568 3538 Ita
2599 3473 2719 3536 fae.

463 3556 742 3620 Clientes
786 3560 881 3622 tui
931 3565 1221 3640 pugnant
1268 3562 1332 3623 in
1381 3561 1561 3638 silva,
1608 3565 1681 3625 tu
1727 3561 1792 3623 in
1841 3562 2074 3644 oppido
2106 3561 2386 3624 sustines
2418 3563 2720 3623 armatos.

461 3642 743 3726 Utraque
788 3646 990 3708 virtus
1036 3646 1203 3709 clara
1237 3646 1527 3723 habetur,
1561 3647 1669 3710 sed
1702 3651 1815 3710 tua
1847 3647 2193 3710 sublimior.
2272 3645 2372 3709 Illi
2407 3665 2721 3709 recessum

603 3829 619 3858 ¹
655 3827 876 3894 Morder,
930 3829 1102 3882 starke
1159 3829 1533 3898 Bezeichnung
1592 3831 1684 3882 des
1738 3831 2033 3898 Betn'igeis
2211 3830 2231 3862 ⁸
2266 3829 2366 3881 Die
2420 3827 2723 3882 Schtinauer

461 3896 648 3948 hatten
685 3897 806 3948 dem
841 3897 1140 3964 Propheten
1175 3897 1260 3949 ein
1296 3898 1732 3951 Bauermadchen
1769 3915 1863 3950 zur
1896 3899 2035 3952 Frau
2086 3897 2333 3966 gegeben.
2478 3897 2498 3928 ³
2532 3896 2581 3949 S.
2620 3896 2721 3947 374

460 3966 522 4016 A.
561 3965 608 4016 5.
751 3965 772 3996 ‘¹
809 3965 874 4018 U.
932 3966 1312 4033 beabsichtigte
1367 3983 1461 4018 zur
1515 3967 1850 4020 Frankfurter
1907 3967 2079 4019 Messe
2133 3983 2201 4018 zu
2253 3966 2405 4034 gehn.
2477 3964 2563 4016 Br.
2599 3963 2717 4016 506.

461 4031 617 4085 Seine
671 4032 886 4086 Heimat
929 4049 1078 4087 muss
1127 4033 1236 4087 also
1274 4034 1328 4086 in
1364 4035 1540 4087 dieser
1588 4035 1799 4102 Gegend
1844 4035 1959 4103 gele
1994 4052 2061 4087 en
2094 4035 2283 4086 haben.
2354 4033 2475 4100 Vgl.
2510 4032 2597 4085 Br.
2632 4031 2714 4096 83,

458 4100 597 4152 nach
651 4101 907 4154 welchem
963 4103 1144 4156 Urban
1194 4119 1284 4154 um
1337 4104 1467 4157 1507
1509 4104 1625 4155 eine
1661 4104 1905 4156 ahnliche
2007 4103 2114 4156 eise
2170 4102 2531 4154 unternimmt.
2602 4099 2719 4150 Wir

460 4168 632 4221 haben
682 4169 942 4224 demnach
987 4174 1140 4224 unter
1190 4172 1364 4224 seiner
1411 4171 1630 4224 Heimat
1664 4173 1813 4226 Urba
1846 4174 1940 4225 das
1975 4171 2259 4226 Stadtchen
2298 4169 2405 4222 Orb
2440 4169 2526 4222 bei
2563 4167 2715 4220 Geln-

463 4237 665 4290 hausen
703 4254 770 4290 zu
804 4240 1068 4294 verstehn.
1127 4240 1244 4306 Vgl.
1283 4240 1333 4294 S.
1371 4241 1476 4294 490
1511 4243 1575 4292 Α.
1612 4242 1658 4294 6.
1768 4244 1789 4273 ⁵
1824 4241 1931 4293 Abt
1968 4256 2069 4293 von
2104 4238 2285 4292 Fulda.
2340 4238 2392 4292 S.
2433 4237 2535 4290 556
2570 4238 2631 4288 A.
2672 4237 2714 4288 1.

529 4306 552 4337 ⁶
585 4306 702 4359 Den
738 4306 1156 4375 ,Georgenthaler
1199 4309 1319 4371 Hof,
1371 4310 1472 4362 den
1521 4309 1714 4377 Erfuit,
1761 4309 1861 4362 wie
1898 4325 1955 4362 es
1991 4308 2212 4375 scheint,
2266 4323 2334 4360 an
2370 4305 2488 4359 sich
2520 4304 2715 4358 reissen

460 4373 652 4430 wollte.
725 4365 870 4428 Uber
905 4377 1007 4430 den
1043 4376 1206 4446 Krieg
1241 4377 1506 4431 zwischen
1540 4377 1719 4431 Erfurt
1753 4379 1864 4431 und
1900 4375 2253 4446 Georgenthal
2287 4374 2394 4444 vgl.
2430 4374 2519 4428 Br.
2556 4371 2669 4428 508.
