3084 4895
491 407 618 472 452
1335 405 1511 461 Briefe
1550 407 1641 462 des
1678 404 1729 463 J.
1770 409 1916 464 1514.

949 578 1284 639 Ineulpato
1317 580 1488 640 patri
1520 580 1605 630 Η.
1640 579 1898 630 Urbano
1936 577 2047 646 (M.
2081 579 2330 648 Rufus).

700 687 764 752 S.
859 689 1080 770 Neque
1124 689 1379 772 postulo
1427 711 1633 772 neque
1678 689 1890 772 exige,
1945 692 2118 772 quod
2172 692 2481 757 Hallensi'
2536 694 2626 754 sit
2670 693 2781 754 in-

498 773 920 838 commodum.
1012 775 1166 838 Rem
1217 775 1403 838 vilem
1451 796 1685 856 magno
1740 797 1945 839 emere
2006 798 2134 840 non
2196 778 2474 860 expedit,
2520 780 2586 841 et
2633 779 2779 858 pic-

490 862 661 922 tores
725 881 841 922 sua
905 860 1239 924 simulacra
1286 864 1360 923 ut
1404 861 1516 942 qui
1564 861 1839 924 maxime
1884 882 2030 925 cara
2075 861 2335 926 habent.
2428 862 2498 926 Si
2568 863 2779 943 igitur

497 945 772 1008 amissus
819 949 915 1008 est
961 944 1450 1026 MelampyguS,²
1497 947 1582 1009 sit
1628 946 1899 1010 amissus
1946 968 2091 1012 cum
2138 969 2254 1012 suo
2298 949 2481 1028 nigro
2516 947 2772 1031 podice.

490 1028 624 1111 Ego
695 1034 920 1094 contra
987 1031 1328 1111 injuriosos
1375 1035 1440 1093 et
1483 1036 1855 1113 arrogantes
1923 1033 2171 1097 vicinos
2240 1033 2557 1102 volebam*
2612 1033 2776 1096 Her-

491 1115 694 1178 culem
741 1119 1047 1192 statuere,
1093 1119 1166 1179 ut
1211 1115 1526 1179 admoniti
1556 1117 1620 1178 in
1654 1116 2124 1199 Melampygum
2175 1140 2303 1182 non
2358 1117 2775 1182 inciderent.⁸

490 1200 658 1282 Lege
705 1200 874 1283 apud
923 1199 1593 1282 paroemiographum⁴
1630 1201 1783 1265 folio
1818 1202 1975 1266 118:
2028 1203 2159 1284 „Ne
2191 1204 2257 1266 in
2291 1200 2771 1284 Melampygum

487 1283 798 1348 incidaS.“
914 1283 1080 1349 Olim
1149 1284 1681 1350 Carteromachus
1746 1287 2053 1352 beneficio
2122 1288 2264 1353 Aldi
2338 1289 2597 1352 edocuit
2669 1311 2775 1352 me

488 1371 677 1434 istam
711 1370 992 1434 fabulam
1019 1373 1169 1434 ante
1195 1370 1709 1436 Philostratum.⁵
1775 1371 2097 1437 Notabilis
2128 1378 2227 1438 est
2259 1379 2323 1437 et
2353 1374 2519 1438 scitu
2546 1375 2772 1454 digna.

1108 1473 1159 1535 A
1207 1477 1485 1554 quatuor
1527 1473 1837 1538 lateribus
1880 1475 2157 1540 tabellae

937 1557 1170 1639 Supra:
1220 1559 1553 1622 Herculem
1599 1557 1957 1623 Musarum⁸

931 1643 1136 1707 Infra:
1185 1642 1423 1707 Iterum
1470 1643 2059 1726 Tranquillitatem⁷
2109 1645 2310 1708 video.

933 1730 983 1790 A
1036 1729 1295 1793 dextra:
1344 1729 1548 1824 Frqns
1593 1730 1892 1825 occipitio
1938 1730 2110 1812 prior

932 1813 988 1875 A
1033 1815 1320 1878 sinistra:
1367 1817 1618 1888 Αυτοῒς
1662 1810 1945 1897 αρέσκει.

639 1899 735 1962 Ad
773 1899 1083 1981 judicium
1129 1898 1372 1964 Urbani
1417 1901 1625 1966 nostri
1667 1900 1766 1963 vel
1810 1900 2036 1964 edatur
2080 1899 2179 1963 vel
2225 1895 2613 1962 omittatur.⁸

799 1997 924 2052 Ood.
961 1997 1096 2053 Frcf.
1135 1997 1252 2055 286.

487 2182 720 2252 (Gotha.)
1540 2171 1687 2234 384.
2372 2182 2544 2252 (JuJiP
2583 2182 2760 2252 1514).

1249 2295 1537 2366 Mutian
1582 2315 1681 2366 an
1724 2295 2002 2366 Urban.

488 2421 718 2490 (Heitere
764 2422 1150 2492 Unterhaltunq
1183 2423 1288 2477 mit
1329 2422 1573 2477 Osmund
1605 2422 1669 2475 ‘im
1710 2422 2015 2491 Geqenwart
2048 2422 2135 2475 des
2172 2420 2431 2475 Herkules
2474 2419 2607 2473 uber
2653 2418 2757 2471 das

485 2490 774 2544 Hc’iuschen
815 2491 1098 2556 Osmumk,
1134 2493 1234 2545 das
1267 2509 1400 2545 xum
1434 2492 1805 2559 thnmelsteye
1838 2492 2043 2545 hei-esen
2075 2492 2189 2544 soll.
2274 2489 2458 2544 Urbem
2488 2488 2593 2541 soll
2614 2488 2759 2540 nach

610 2560 730 2612 dem
756 2560 1200 2629 pythagoris-chen
1231 2560 1567 2614 Buehstaben
1600 2560 1685 2613 bei
1727 2560 1907 2627 Veryil
1936 2560 2053 2613 und
2083 2559 2306 2612 Persius
2339 2557 2621 2624 fot-schem.)

643 2672 927 2723 Romano
963 2674 1257 2735 theologo
1293 2673 1513 2724 classis
1546 2672 1855 2724 Ber-nardi
1888 2672 2279 2723 sanctissimo
2312 2671 2570 2721 Urbano

1417 2758 1529 2825 (M.
1566 2756 1812 2825 Rufus).

695 2866 758 2931 S.
851 2866 1347 2933 confabulatore
1415 2873 1550 2934 tum
1619 2868 1980 2933 comissimo
2049 2869 2205 2945 tum,
2273 2867 2349 2929 ut
2412 2886 2555 2927 mea
2623 2861 2750 2927 fert

485 2951 723 3034 opinio,
770 2950 999 3035 probo⁹
1045 2954 1398 3017 delectatus
1445 2976 1586 3017 sum
1635 2975 1789 3017 sane
1833 2952 2255 3016 vehementer.
2346 2949 2499 3012 Fuit
2529 2952 2749 3013 autem

485 3059 688 3101 sermo
761 3043 973 3101 noster
1030 3060 1155 3103 non
1212 3042 1504 3102 austerus
1560 3043 1625 3101 et
1686 3038 1880 3102 anxie
1936 3038 2243 3101 curiosus.
2332 3033 2507 3113 Nihil
2575 3035 2747 3097 enim

483 3122 563 3186 ad
609 3144 728 3187 nos
769 3124 1038 3191 istorum
1093 3146 1316 3200 mores,
1385 3125 1498 3206 qui
1559 3124 1839 3187 crastina
1904 3127 2148 3187 curant.
2240 3121 2523 3197 QuaeriS‚
2590 3117 2747 3199 quid

484 3208 674 3273 fuerit
717 3210 786 3272 in
831 3207 1093 3273 fabula?
1184 3208 1367 3272 Certe
1412 3209 1627 3273 nullus
1675 3209 1880 3290 lupus,
1974 3207 2229 3271 Assedit
2272 3203 2635 3269 Hercules¹⁰
2682 3208 2749 3266 et

483 3295 607 3357 tiro
677 3294 994 3358 Vulcanus
1041 3298 1105 3356 et
1149 3293 1428 3358 JanuS.¹¹
1523 3295 1695 3357 Inter
1762 3293 1893 3356 alia
1955 3294 2031 3356 de
2091 3290 2536 3354 mansiuncula
2597 3288 2744 3352 Osi·-

487 3380 712 3443 mundi
755 3381 1001 3460 egimus
1050 3385 1113 3442 et
1158 3380 1250 3443 sic
1297 3380 1372 3443 de
1415 3379 1607 3442 rebus
1654 3380 1907 3442 nostris,
2002 3378 2165 3441 Puto
2210 3374 2527 3452 laudabiS,
2572 3374 2745 3454 quia,

484 3470 557 3528 ut
602 3466 924 3546 eleganter
967 3466 1180 3545 inquit
1227 3464 1585 3528 cucullatus
1630 3461 1889 3542 vates‚¹²

1119 3567 1370 3630 levibus

1121 3652 1425 3733 gravibus

2266 3582 2571 3626 novarum
2580 3609 2593 3622 .
2605 3559 2633 3589 “

1469 3566 1502 3733 }
1547 3630 1753 3670 rerum
1800 3606 1965 3670 solet
2009 3628 2147 3670 esse
2189 3563 2222 3729 ί
2268 3644 2584 3710 suarum-a

595 3608 802 3691 „Cura
846 3610 998 3673 viris
1041 3568 1075 3733 {

623 3790 642 3820 ¹
678 3788 738 3841 G.
778 3786 1034 3855 Osmund‚
1072 3786 1294 3840 Offizial.
1366 3786 1439 3839 Er
1473 3784 1651 3839 wollte
1703 3784 1789 3836 ein
1840 3781 2213 3837 Herkulesbild
2248 3798 2314 3835 an
2348 3780 2420 3834 M.
2458 3778 2741 3834 schenken.

482 3855 534 3909 S.
553 3857 652 3909 431
676 3857 738 3908 A.
763 3856 810 3909 3.
831 3857 880 3907 4.
973 3858 993 3889 ²
1027 3855 1303 3918 Herkules,
1329 3855 1446 3907 hier
1471 3856 1566 3908 das
1590 3852 1853 3907 Gemissde.
1945 3852 1967 3883 ⁸
2001 3850 2065 3903 D.
2101 3850 2135 3906 i.
2172 3850 2323 3903 nicht
2356 3850 2411 3901 in
2448 3848 2533 3902 die
2556 3846 2743 3899 Hiinde

483 3925 632 3977 eines
667 3923 913 4002 Sffirkern
947 3924 1118 3977 fielen.
1188 3922 1454 3977 Erasmus’
1487 3922 1740 3990 Adagien.
1825 3988 1835 3998 ι
1881 3920 1902 3951 ⁴
1935 3918 2202 3972 Erasmus.
2344 3920 2366 3951 ⁵
2398 3917 2463 3969 In
2487 3918 2581 3969 der
2604 3916 2743 3967 Aus-

481 3989 1992 4114 11333333113333331133
2023 3985 2451 4107 3313386133
2482 3983 2743 4105 133133

483 4129 673 4183 minus,
747 4129 947 4183 Camer.
993 4128 1106 4182 Lib.
1156 4144 1272 4181 nov.
1312 4128 1356 4180 G
1393 4130 1425 4181 5
1446 4128 1494 4180 b.
1567 4126 1687 4195 Vgl.
1730 4124 1819 4179 Br.
1856 4124 1955 4177 387
1994 4124 2111 4175 Anf.
2254 4123 2273 4154 ⁷
2307 4120 2540 4174 Mutians
2592 4120 2743 4172 Haus

481 4197 537 4248 in
573 4197 758 4250 Gotha.
831 4198 949 4266 Vgl.
988 4197 1122 4249 Einl.
1267 4197 1288 4229 ⁸
1322 4196 1420 4249 Die
1472 4194 1769 4249 Umschrift
1822 4192 1973 4245 sollte
2026 4208 2119 4244 um
2172 4190 2267 4243 das
2321 4189 2438 4241 Bild
2485 4187 2743 4255 gedruckt

483 4266 710 4331 werden,
766 4282 918 4317 wenn
965 4282 1022 4318 es
1066 4266 1248 4318 Urban
1285 4281 1342 4317 so
1379 4264 1577 4331 gefiele.
1720 4264 1741 4293 ⁹
1778 4262 1835 4313 G.
1886 4259 2141 4325 Osmund‚
2192 4260 2285 4311 der
2332 4258 2433 4309 den
2481 4254 2743 4309 Herkules

482 4333 847 4387 iiberbrachte.
903 4334 954 4387 S.
991 4334 1094 4387 432
1129 4336 1190 4385 A.
1233 4334 1276 4387 1.
1392 4335 1430 4364 ¹⁰
1463 4332 1572 4384 Das
1607 4330 1744 4383 Bild.
1858 4330 1895 4360 ¹¹
1930 4328 2029 4380 Die
2067 4328 2254 4380 beiden
2287 4326 2496 4381 Diener.
2550 4326 2601 4379 S.
2637 4325 2742 4376 416

482 4403 543 4455 A.
569 4401 614 4454 3.
653 4400 704 4455 S.
723 4402 824 4454 407
845 4404 908 4457 A.
933 4404 976 4455 1.
1088 4403 1128 4433 ¹2
1162 4400 1404 4468 Baptista
1423 4400 1757 4465 Mantuanu8‚
1778 4396 2099 4450 Carmeliter.
2154 4394 2329 4463 Eclog.
2355 4394 2427 4463 X,
2468 4395 2582 4447 154.
2623 4393 2737 4445 157.
