3084 4895
483 407 605 472 182
1245 401 1419 458 Briet’e
1457 417 1559 456 von
1600 400 1957 456 1509-1511.

478 576 760 660 pressit?
849 572 946 638 An
993 574 1110 638 deo
1157 573 1256 638 fas
1287 577 1384 638 est
1413 573 1608 654 adyta
1638 571 1855 636 divina
1888 573 2343 650 contaminare,
2377 571 2755 638 hominibus

479 661 708 726 nefas?
799 660 970 724 Dura
1028 659 1390 724 mortalium
1453 659 1757 722 conditio.
1850 659 2171 723 Incestum
2230 658 2495 722 Martem
2540 657 2755 724 Roma

476 747 694 812 coluit.
797 745 956 808 Mira
1003 745 1316 827 patientia
1383 744 1833 808 Romanorum.
1904 743 1996 808 Tu
2045 745 2231 808 credo
2274 765 2477 826 neque
2520 743 2750 808 Jovem

478 833 671 896 ferres
731 830 1120 894 cor-rivalem.
1232 829 1408 911 „Non
1476 831 1635 892 bene
1694 851 1837 894 cum
1897 830 2089 894 sociis
2155 850 2351 911 regna
2408 829 2753 910 Venusque

481 916 828 981 manent.“'
925 916 1006 978 Et
1049 915 1206 979 libet
1255 916 1419 978 ultra
1451 917 1668 994 vagari
1715 937 1825 997 per
1856 915 2104 979 erudita
2136 914 2477 980 vetustatis
2504 915 2737 996 spatia.

480 1004 830 1084 Postquam
877 1001 941 1062 in
972 1000 1158 1065 Latio
1189 1023 1302 1064 rex
1335 1001 1567 1064 Procas
1599 1000 1931 1065 Numitore
1962 1005 2028 1064 et
2062 999 2313 1064 Amulio
2344 1001 2495 1063 filiis
2526 1021 2751 1082 super-

479 1088 744 1152 stitibus
802 1085 1060 1150 fatalem
1122 1091 1390 1150 mortem
1447 1085 1629 1162 obiit,
1698 1085 1991 1150 Amulius
2042 1106 2251 1166 neque
2302 1085 2411 1166 jus
2454 1087 2745 1164 gentium

479 1195 684 1254 neque
727 1171 942 1234 fratris
988 1175 1264 1234 aetatem
1311 1173 1552 1235 veritus
1600 1170 1949 1248 Numitore,
2019 1191 2204 1251 quem
2252 1192 2518 1252 regnare
2560 1191 2749 1252 opor-

479 1259 626 1334 mit,
673 1258 736 1320 in
787 1256 1070 1319 ordinem
1119 1254 1404 1320 redacto²
1451 1277 1719 1336 regnum
1767 1262 2043 1338 occupat
2084 1277 2202 1320 nec
2234 1260 2576 1320 contentus
2609 1278 2745 1318 ma-

473 1344 672 1425 jorem
721 1341 979 1406 fratrem
1028 1341 1198 1422 regio
1246 1341 1500 1405 nomine
1548 1342 1850 1422 privasse,
1912 1347 1985 1404 ut
2030 1362 2205 1422 spem
2254 1361 2511 1422 quoque
2572 1341 2745 1408 illius

481 1430 543 1491 in
579 1431 896 1509 posterum
931 1437 958 1465 ⁸
988 1427 1400 1506 recuperandi
1423 1427 1733 1488 adimeret
1766 1426 1931 1490 virili
1964 1427 2160 1509 stirpe
2190 1426 2467 1504 sublata,
2500 1425 2743 1492 Rheam

479 1514 742 1578 Silviam
794 1511 943 1594 (alio
991 1513 1246 1576 nomine
1291 1511 1525 1575 dicitur
1569 1511 1711 1592 Ilia)
1763 1512 2092 1576 Numitore
2136 1513 2439 1593 genitam,
2488 1533 2567 1574 ne
2612 1534 2744 1574 ma-

481 1597 783 1662 trimonio
845 1596 1056 1660 locata
1116 1597 1502 1660 domesticae
1564 1596 1831 1678 injuriae
1888 1596 2157 1661 ultorem
2224 1596 2573 1678 aliquando
2618 1598 2741 1662 sibi

479 1689 746 1766 pareret,
795 1682 1108 1745 Vestalem
1157 1683 1464 1764 virginem
1513 1683 1704 1764 capit.
1774 1681 2013 1758 Quarto
2060 1683 2357 1764 deinceps
2388 1704 2557 1746 anno
2589 1683 2742 1746 sub·

479 1769 658 1832 eunti
705 1768 941 1832 Silviae
987 1766 1211 1831 Martis
1258 1767 1468 1830 lucum
1521 1767 1616 1830 vis
1661 1768 1907 1848 puellae
1952 1767 2133 1832 illata
2179 1772 2293 1832 est.
2359 1768 2741 1834 Persuasum

477 1854 736 1935 quidam
787 1853 1066 1917 habuere
1097 1853 1178 1916 ab
1213 1875 1340 1917 uno
1371 1875 1703 1936 procorum
1738 1875 1875 1916 eam
1908 1853 2106 1916 fuisse
2138 1875 2585 1937 compressam,
2632 1854 2742 1936 qui

479 1939 652 2003 illius
710 1939 990 2002 nondum
1055 1939 1346 2002 initiatae
1411 1959 1627 2001 amore
1672 1945 1898 2020 captus
1962 1960 2105 2002 cum
2153 1938 2323 2004 ultra
2366 1939 2741 2004 diuturnum

478 2025 778 2095 affectum
837 2023 996 2087 ferre
1059 2045 1184 2088 non
1239 2028 1478 2107 posset,
1544 2025 1840 2088 incautae
1900 2024 1988 2087 sit
2046 2023 2409 2088 insidiatus,
2498 2023 2633 2088 Alii
2674 2025 2741 2090 in

477 2109 809 2174 Amulium
875 2109 937 2172 id
997 2109 1232 2173 crimen
1295 2108 1651 2183 conferunt,
1714 2115 1789 2173 ut
1844 2130 1971 2173 non
2028 2114 2163 2174 tam
2230 2109 2478 2192 puellae
2538 2109 2743 2174 forma

478 2200 710 2274 motus,
757 2216 951 2277 quam
998 2197 1070 2258 ut
1116 2194 1182 2258 in
1226 2201 1518 2277 apertum
1582 2195 1750 2260 vitae
1796 2195 2136 2259 discrimen
2199 2195 2491 2260 vitiatam
2538 2195 2743 2262 addu-

477 2287 664 2359 ceret,
713 2284 1027 2344 armatum
1077 2301 1215 2344 sese
1258 2280 1350 2344 illi
1396 2280 1723 2357 obtulerit,
1770 2281 2085 2344 incertum
2130 2285 2206 2344 ut
2249 2280 2473 2363 culpae
2518 2286 2745 2346 auctor

475 2368 704 2431 lateret
747 2389 830 2430 an
892 2369 966 2429 ut
1009 2366 1320 2430 horridior
1381 2366 1711 2430 incurrens
1770 2366 1853 2430 ob
1910 2369 2146 2431 metum
2208 2365 2477 2449 injuriae
2534 2367 2742 2450 magis

479 2454 827 2517 obnoxiam
876 2452 1158 2515 haberet.
1251 2452 1376 2516 Sed
1423 2453 1626 2517 multo
1673 2452 1885 2535 plures
1931 2474 2294 2535 compressu
2328 2452 2551 2517 Martis
2592 2475 2741 2535 gra-

478 2540 692 2603 vidam
738 2538 972 2601 factam
1022 2538 1455 2618 prodiderunt,
1504 2537 1853 2603 dubiumne
1880 2534 1947 2578 ¹³³
1994 2543 2065 2601 ut
2100 2538 2219 2601 hoc
2252 2536 2583 2603 mendacio
2614 2538 2743 2607 Ro-

479 2624 650 2687 mani
697 2621 917 2705 populi
963 2624 1270 2705 originem
1318 2625 1750 2703 augustiorem
1810 2622 2092 2687 facerent
2134 2646 2238 2699 an,
2286 2628 2359 2688 ut
2401 2628 2560 2687 tunc
2605 2629 2745 2689 erat
2786 2636 2799 2649 ·

481 2710 808 2775 hominum
858 2709 1096 2789 opiniO,
1129 2709 1219 2771 ita
1253 2731 1622 2791 persuasum
1658 2709 2017 2772 habuerint.
2085 2708 2339 2773 Marcus
2369 2709 2563 2775 Varro
2592 2731 2737 2775 cum

484 2817 691 2876 neque
736 2794 972 2858 factum
1009 2793 1358 2857 affirmaret
1390 2817 1594 2877 neque
1627 2795 1704 2857 de
1736 2816 1889 2857 suae
1922 2795 2099 2858 urbis
2129 2795 2375 2876 origine
2406 2796 2571 2861 male
2598 2795 2740 2877 opi-

453 2881 619 2945 ·nari
650 2880 851 2945 videri
880 2877 1091 2953 vellet,
1138 2901 1364 2962 operae
1395 2881 1670 2962 pretium
1702 2880 1767 2943 id
1798 2901 1936 2945 esse
1968 2880 2466 2963 civitatibusque
2498 2881 2741 2947 condu-

476 2966 664 3030 cibile
707 2969 985 3029 testatus
1017 2969 1134 3042 est,
1182 2966 1235 3029 si
1269 2966 1461 3029 etiam
1507 2965 1738 3029 falsum
1772 2966 1880 3042 sit,
1912 2987 2091 3031 suam
2130 2966 2439 3048 originem
2473 2966 2555 3031 ad
2588 2966 2743 3033 deos

477 3052 726 3129 referre,
748 3054 821 3113 ut.
846 3071 917 3113 eo
943 3051 1131 3115 modo
1156 3049 1474 3114 humanus
1506 3052 1761 3115 animus
1792 3050 1966 3115 velut
1988 3051 2243 3115 divinae
2262 3052 2483 3134 stirpis
2506 3052 2743 3128 fiducia.

477 3160 576 3201 res
620 3157 892 3216 magnas
937 3135 1242 3199 audacius
1289 3138 1738 3218 aggrederetur
1785 3136 2140 3219 fortiusque
2184 3144 2429 3219 gereret
2474 3138 2741 3220 ipsaque

477 3222 824 3286 securitate
869 3223 1252 3304 transigeret
1297 3221 1563 3285 felicius,
1653 3222 1789 3302 Ego
1835 3222 1956 3285 etsi
1990 3223 2193 3300 vide0,
2228 3223 2489 3303 quaein
2520 3223 2741 3305 huJ'us-

477 3308 649 3371 modi
695 3307 884 3370 rebus
931 3307 1258 3370 tradendis
1319 3307 1450 3369 sint
1495 3306 1830 3371 christiani
1885 3306 2163 3371 hominis
2222 3314 2455 3389 parteS,
2523 3309 2737 3373 divum

478 3399 690 3457 tamen
738 3391 1094 3457 Aurelium*
1127 3397 1383 3456 secutus
1416 3393 1480 3455 in
1513 3393 1721 3456 medio
1752 3393 1924 3458 hunc
1955 3393 2165 3456 locum
2209 3394 2533 3475 relinqu03
2566 3394 2739 3476 quod

480 3501 551 3541 eo
600 3478 908 3542 libentius
953 3478 1138 3555 facie,
1187 3478 1359 3558 quod
1391 3478 1540 3541 talis
1584 3500 1787 3560 paene
1818 3478 2114 3559 quaestio
2143 3501 2181 3541 a
2213 3478 2451 3543 nostris
2482 3500 2739 3562 quoque

475 3564 815 3627 Lactantio
847 3567 914 3627 et
943 3564 1087 3627 aliis
1118 3562 1436 3645 theologis
1461 3563 1708 3643 jactata
1741 3568 1871 3627 est:
1906 3568 2119 3627 utrum
2151 3564 2385 3645 angeli,
2415 3568 2491 3628 ut
2522 3586 2739 3637 eorum

477 3649 688 3713 verbis
733 3652 895 3725 utar,
944 3649 1055 3729 qui
1100 3650 1516 3729 praevaricati
1582 3649 1901 3725 dicuntur,
1928 3670 2091 3713 -cum
2138 3648 2467 3713 hominum
2514 3651 2738 3715 mulie-

476 3735 653 3797 ribus
688 3733 1172 3809 concubuerint,
1199 3734 1366 3797 unde
1393 3734 1507 3797 viri
1544 3732 1760 3811 fortes,
1784 3735 1897 3815 qui
1928 3734 2010 3797 ab
2045 3735 2227 3798 initio
2261 3738 2414 3798 sunt
2443 3734 2741 3816 gigantes

477 3819 651 3896 dicti,
712 3819 1024 3900 procreati
1091 3819 1242 3881 sint.
1341 3818 1631 3882 Meminit
1700 3820 1888 3901 hujus
1956 3818 2381 3883 dubitationis
2443 3820 2739 3885 Aurelius

475 3905 820 3969 acerrimus
867 3904 1124 3986 pietatis
1169 3903 1462 3969 defensor
1508 3904 1670 3967 libro
1701 3905 1788 3968 III
1834 3904 1925 3967 De
1958 3905 2218 3968 civitate
2262 3906 2365 3969 dei
2396 3905 2606 3987 capite
2637 3906 2737 3969 IV.

473 3991 609 4073 Ego
655 3989 990 4071 indignum
1037 4010 1113 4052 ac
1143 4010 1343 4072 paene
1389 3990 1652 4071 impium
1687 3990 1983 4053 exist-imo
2014 3990 2097 4053 ad
2129 3991 2387 4055 deorum
2423 3994 2739 4067 naturam,

475 4097 641 4156 quae
687 4075 878 4138 beata
921 4078 985 4137 et
1031 4075 1398 4156 incorrupta
1445 4076 1551 4153 sit,
1598 4097 1733 4139 eam
1783 4074 2068 4139 fraudem
2112 4075 2357 4139 referre.
2449 4075 2595 4139 Non
2641 4080 2739 4141 est

611 4224 639 4252 a
667 4209 1013 4276 inposterum.
1153 4212 1182 4250 b
1211 4190 1432 4261 dubium
1465 4225 1548 4261 ne.

615 4279 630 4309 ¹
672 4277 823 4330 Ovid.
874 4281 974 4331 Ars
1011 4292 1111 4330 am.
1163 4278 1258 4343 111,
1309 4278 1424 4330 564.
1569 4278 1589 4309 ²
1624 4277 1686 4329 In
1737 4276 1971 4330 ordinem
2019 4275 2255 4345 redigere
2292 4300 2356 4321 ---
2394 4275 2739 4345 emiedrigen,

476 4346 593 4399 hier
627 4346 800 4399 seines
843 4345 1344 4398 Herrscherreohtes
1379 4344 1659 4399 berauben.
1805 4346 1825 4375 ³
1846 4344 1990 4397 Kurz
2028 4346 2157 4399 statt
2192 4344 2411 4399 dubium
2450 4360 2577 4397 eone
2612 4361 2737 4401 con·

475 4414 607 4467 silio.
749 4415 770 4446 ⁴
803 4415 930 4467 Aur.
967 4414 1309 4482 Augustinus
