3084 4895
460 416 593 482 610
910 412 1217 470 Zeretrente
1254 413 1431 469 Briefe
1467 430 1565 469 aus
1601 413 2018 469 verschiedeneu
2053 414 2258 470 Zeiten.

462 585 683 650 formis
729 584 1206 668 propagandam
1254 604 1425 664 cura,
1472 584 1574 647 vel
1623 584 1757 647 tuis
1788 584 2035 664 saltem,
2065 604 2336 666 quorum
2374 585 2440 647 in
2475 607 2756 651 numero

464 692 627 749 sum,
677 670 1095 753 spectandam
1140 669 1393 734 exhibe.
1482 669 1688 733 Nosse
1717 670 1926 753 cupio,
1959 669 2140 751 cujus
2172 670 2258 734 sit
2287 670 2397 734 illa
2429 670 2752 746 Quaestio

463 757 603 819 sine
678 755 967 820 authoris
1040 756 1214 819 edita
1292 754 1569 832 nomine,
1643 758 1744 818 tot
1818 756 2072 818 coronis
2155 756 2342 838 quasi
2424 760 2748 821 auctariis

466 839 850 923 quibusdam
898 840 1284 905 saburrata.¹
1378 839 1512 921 Ego
1561 861 1688 903 non
1720 839 1994 903 libenter
2026 841 2094 903 in
2126 840 2314 903 istam
2347 841 2746 922 palaestram

465 926 779 990 descendo
827 925 1106 989 invidiae
1153 928 1470 1003 metuens3
1516 925 1573 987 si
1616 930 1832 989 tamen
1877 928 1975 988 est
2021 929 2154 1002 tua,
2203 925 2453 989 audebo
2499 928 2750 991 amoris

467 1032 613 1093 ergo
683 1010 1024 1094 disputare.
1116 1009 1397 1073 Tametsi
1462 1032 1564 1073 me
1628 1010 1775 1072 novi
1837 1014 1901 1072 et
1955 1009 2224 1073 arduum
2293 1010 2613 1075 habeatur
2671 1014 2748 1075 in

466 1100 679 1159 vestra
726 1096 1090 1161 sedentaria
1136 1095 1612 1159 conflictatione
1657 1095 1888 1157 audere
1929 1094 2231 1176 profiteri,
2263 1096 2434 1177 quod
2467 1098 2746 1160 sentias,

466 1181 736 1245 Ridetur
808 1182 875 1244 in
952 1180 1161 1244 aliena
1233 1179 1553 1261 gladiator
1625 1178 1880 1242 harena.
1992 1178 2218 1244 Verum
2285 1182 2476 1244 amici
2541 1204 2750 1245 causa

466 1266 626 1330 libet
672 1266 962 1349 ineptire.
1054 1263 1229 1340 Quae
1261 1266 1465 1345 magis
1496 1269 1650 1328 sunt
1681 1264 1934 1347 propria
1978 1266 2216 1330 nostris
2260 1266 2523 1347 optatiS‚
2571 1268 2748 1331 scito

465 1351 797 1415 Erasmum
847 1350 1133 1415 Basileae
1180 1349 1548 1429 Hieronymi
1593 1370 1786 1432 opera
1829 1351 2170 1431 praeclaris
2201 1353 2748 1415 annotationibus

465 1434 871 1509 illustrasse‚²
918 1436 1177 1500 auxisse
1226 1432 1619 1508 Proverbia‚³
1665 1434 1966 1499 dilatasse
2011 1433 2298 1499 Moriam.
2387 1436 2543 1499 Item
2607 1438 2746 1501 Ga-

465 1522 681 1586 lathus
758 1520 1028 1585 Calaber
1094 1520 1348 1603 scripsit
1414 1520 1656 1583 Romae
1723 1518 2155 1584 defensionem
2223 1542 2335 1602 pro
2405 1519 2748 1602 Capnione

464 1606 740 1672 nostro*
827 1606 1141 1688 Repertus
1185 1611 1283 1669 est
1328 1606 1578 1687 integer
1623 1609 1687 1669 et
1735 1605 2111 1687 exprimitur
2171 1610 2432 1687 sumptu
2489 1612 2553 1670 et
2616 1608 2743 1670 im-

466 1692 683 1775 pensis
715 1713 917 1776 papae
950 1690 1283 1756 Cornelius
1314 1689 1630 1753 TacituS.⁸
1723 1689 1940 1753 Habeo
1974 1691 2185 1755 adhuc
2215 1692 2396 1772 plura
2427 1693 2743 1755 similium

467 1777 833 1842 deliciarum
881 1777 1025 1853 tibi,
1070 1780 1419 1857 antequam
1467 1797 1614 1839 cum
1659 1774 2169 1855 manipularibus
2233 1778 2365 1840 tuis
2420 1777 2742 1857 discedaS,

464 1862 925 1945 patefacienda.
1016 1860 1183 1925 Vale.

2173 1945 2524 2011 Mutianus.

772 2044 900 2099 Coll.
938 2044 1139 2099 Camer.
1176 2042 1381 2099 Monac.
1418 2042 1570 2110 VIII,
1607 2042 1688 2097 23.
1728 2044 2048 2111 Autograph.

472 2250 705 2319 (Gotha.)
1525 2232 1671 2296 544.
2117 2248 2234 2314 (vor
2269 2248 2353 2302 25.
2390 2249 2516 2303 nez.
2559 2250 2740 2317 1516.)

1239 2356 1528 2428 Mutian
1574 2377 1673 2427 an
1716 2355 1953 2444 Lang.

462 2487 691 2556 (Fr-aude
725 2487 857 2542 iiber
892 2485 1073 2555 Lanqs
1118 2485 1292 2540 reiche
1338 2485 1635 2539 Biblwthek
1686 2485 1788 2538 mit
1838 2485 1956 2538 dem
2008 2485 2388 2606 Hieronugmm.
2459 2486 2744 2553 Ric'ckyabe

907 2554 2049 2608 desAlciatusundBitteumeannetaes
2092 2553 2146 2606 B
2247 2556 2280 2622 .)

513 2669 744 2720 Sancto
779 2669 948 2729 patri
985 2669 1029 2721 J
1030 2681 1149 2719 ano
1184 2668 1447 2730 Langho
1482 2669 1679 2729 priori
1711 2668 2095 2726 Eremitano,
2131 2668 2267 2718 viro
2305 2667 2682 2727 doctissimo,

1388 2755 1590 2804 amico
1635 2751 1807 2803 fldo.⁸

676 2864 869 2928 Pater
913 2867 1155 2943 sancte,
1203 2864 1417 2928 salvus
1464 2865 1572 2928 sis.
1665 2862 1943 2946 Surrigit
1987 2863 2126 2946 ipsa
2172 2884 2331 2940 sese,
2378 2863 2475 2927 uti
2519 2862 2742 2944 accepi

468 2949 778 3014 referente
836 2947 1078 3014 Menio⁷
1144 2954 1211 3013 et
1270 2950 1471 3032 probo
1518 2954 1586 3014 et
1629 2950 1838 3026 docte,
1902 2949 2240 3029 parietaria
2299 2948 2578 3011 cubiculi
2635 2937 2742 3010 bi-

469 3033 795 3099 bliotheca
842 3039 906 3098 et
948 3036 1042 3098 ita
1096 3035 1388 3098 sublimis
1435 3039 1720 3117 apparet,
1768 3039 1840 3098 ut
1883 3039 2122 3098 tectum
2187 3030 2570 3115 contingat.⁸
2661 3033 2739 3094 In

469 3142 543 3184 ea
588 3121 881 3185 sexcenti
928 3119 1276 3198 Graeculi,⁹
1322 3119 1467 3183 hem
1513 3119 1810 3184 Graeculi
1869 3119 2215 3194 dormiunt,
2277 3120 2403 3181 imo
2463 3117 2742 3198 vigilant

472 3211 665 3288 teque
710 3228 825 3271 suo
875 3227 1063 3269 more‘
1090 3207 1423 3288 garriendo
1492 3205 1789 3286 fatigant.
1884 3205 2166 3267 Accessit-
2232 3204 2360 3266 illis
2426 3203 2741 3267 mirabilis

468 3297 650 3373 pater
732 3296 909 3358 totus
964 3313 1219 3355 severus
1275 3295 1339 3355 et
1394 3312 1579 3374 asper
1634 3291 1702 3353 in
1767 3291 1947 3367 vicia,
2001 3290 2112 3353 sed
2177 3293 2402 3352 contra
2456 3288 2740 3351 blandus

618 3511 635 3542 ¹
674 3509 877 3562 Gewiss
912 3507 1142 3560 Luthers
1177 3507 1383 3560 Theseu
1417 3507 1503 3560 bei
1540 3508 1634 3558 der
1657 3506 1960 3560 Promotion
1981 3504 2218 3558 Barthol.
2241 3504 2566 3570 Feldkirchs‚
2591 3503 2736 3572 Sept.

472 3578 623 3644 1516,
662 3577 865 3631 welche
900 3576 1151 3630 Amsdorf
1181 3576 1459 3643 »praecisis
1491 3575 1688 3628 titulis«
1734 3575 1871 3628 nach
1913 3574 2092 3626 Erfurt
2137 3575 2360 3642 gesandt
2405 3573 2506 3641 (De
2553 3573 2738 3624 Wette

467 3645 511 3712 Ι,
548 3647 665 3714 35);
722 3645 973 3711 Quaestio
1021 3645 1085 3696 de
1133 3644 1337 3697 viribus
1385 3647 1439 3696 et
1472 3643 1744 3696 voluntate
1797 3643 2028 3696 hominis
2079 3641 2193 3694 sine
2248 3641 2416 3710 gratia
2467 3641 2740 3708 disputata

470 3715 621 3768 1516.
692 3713 974 3776 Knaake‚
1011 3713 1241 3766 Luthers
1275 3713 1472 3765 Werke
1507 3712 1550 3778 Ι,
1591 3712 1690 3764 142
1724 3712 1757 3764 f.
1829 3711 2034 3764 Mutian
2052 3710 2198 3762 hatte
2217 3711 2304 3762 fiir
2323 3709 2468 3761 diese
2506 3709 2735 3776 theolog.

473 3782 675 3860 Fragen
713 3783 835 3834 kein
870 3780 1235 3844 Vei-standniS,
1272 3796 1330 3834 so
1367 3781 1539 3848 wenig
1574 3780 1676 3832 wie
1711 3780 1978 3833 Erasmus
2085 3780 2106 3811 ⁸
2142 3778 2240 3830 Die
2278 3781 2454 3830 ersten
2487 3778 2520 3828 3
2557 3777 2738 3830 Bande

468 3849 628 3904 Basil.
672 3851 822 3910 1516,
860 3850 945 3902 dio
982 3849 1100 3902 iibri
1136 3865 1205 3902 en
1240 3849 1344 3916 (bis
1379 3849 1483 3916 IX)
1521 3849 1602 3901 bis
1642 3847 1792 3901 1518.
1863 3847 2010 3915 Lang
2057 3847 2248 3900 besitzt
2293 3848 2388 3898 das
2435 3845 2600 3897 Werk
2649 3861 2738 3898 am

472 3921 518 3973 1.
554 3919 680 3971 Dez.
739 3919 889 3972 1516.
961 3918 1079 3985 Vgl.
1164 3934 1203 3971 r.
1245 3917 1361 3971 624.
1504 3919 1525 3948 ⁸
1559 3917 1659 3968 Die
1711 3917 2011 3970 vermehrte
2064 3917 2224 3982 Ausg.
2279 3914 2520 3966 erschien
2575 3913 2737 3966 Basil.

473 3989 622 4041 1515.
698 3986 818 4039 Von
853 3988 970 4038 dem
1012 3985 1185 4053 gleich
1222 3986 1527 4037 erwiihnten
1572 3985 1880 4038 Encomium
1932 3983 2127 4036 Moriae
2177 3983 2484 4035 erschienen
2521 3998 2562 4035 s.
2605 3983 2738 4034 1512

471 4054 773 4106 zahlreiche
809 4071 944 4106 neue
982 4053 1278 4121 Ausgaben.
1348 4054 1483 4105 Hier
1518 4054 1588 4122 ist
1623 4053 1707 4104 die
1743 4052 2061 4106 vermehrte.
2099 4052 2198 4103 nuit
2233 4050 2570 4103 Commentar
2619 4067 2738 4101 ver-

471 4123 666 4174 sehene
704 4131 866 4190 Ausg.
910 4125 1041 4176 1515
1071 4122 1317 4189 gemeint.
1458 4123 1480 4152 ⁴
1514 4115 1662 4173 Uber
1718 4120 1954 4172 Galatins
1991 4121 2155 4172 Werk
2191 4119 2268 4171 De
2305 4117 2510 4170 arcanis
2555 4119 2738 4171 catho-

469 4192 603 4244 licae
658 4192 896 4243 veritatis
948 4190 1051 4258 Vgl.
1090 4189 1175 4243 ΒΓ.
1214 4190 1331 4242 621.
1474 4192 1495 4220 ⁵
1534 4189 1632 4241 Die
1681 4192 1863 4255 Ausg.,
1903 4191 2078 4240 zuerst
2112 4189 2196 4240 die
2229 4190 2261 4239 5
2297 4191 2472 4238 ersten
2524 4186 2740 4238 Bucher-

475 4261 569 4314 der
610 4259 852 4327 ⁸Annalen
908 4258 1230 4322 enthaltend,
1285 4257 1530 4310 erschien
1566 4257 1698 4311 Rom
1739 4259 1872 4309 1515
1909 4257 2076 4308 durch
2113 4255 2252 4308 Phil.
2291 4254 2597 4308 BemalduS.

538 4330 561 4360 ⁶
596 4331 825 4382 Aussere
862 4328 1107 4380 Adresse.
1217 4327 1235 4359 ⁷
1270 4325 1321 4380 S.
1359 4325 1463 4378 480
1498 4329 1560 4380 A.
1603 4329 1648 4378 1.
1761 4327 1782 4358 ⁸
1815 4325 1933 4393 Vgl.
1972 4325 2024 4378 S.
2061 4325 2162 4379 605
2199 4329 2259 4379 A.
2299 4326 2345 4378 7.
2454 4325 2477 4356 ⁹
2511 4322 2737 4388 Dohlen‚

469 4396 758 4463 Wortspiel
792 4396 891 4447 mit
924 4394 1184 4464 Graeculi,
1214 4409 1403 4462 ‘wegen
1440 4395 1534 4448 des
1571 4395 1907 4462 GeplapperS.
