3084 4895
479 372 606 437 264
1269 422 1274 427 .
1311 371 1485 427 Briefe
1523 373 1617 428 dos
1652 366 1703 429 J.
1740 375 1887 429 1512.

481 567 674 609 unum
749 544 1006 609 verbum
1073 545 1194 610 tibi
1256 546 1631 629 inspirasse:
1698 549 1771 609 ut
1835 549 2099 609 matrem
2164 566 2302 609 esse
2366 542 2731 609 memineris

485 636 803 717 auctorem
852 632 1011 695 lucis
1057 654 1132 697 ac
1175 632 1402 696 salutis
1447 636 1615 709 tuae,
1662 632 1763 695 cui
1808 653 1917 713 per
1961 636 2247 695 sanctam
2303 631 2625 712 pietatem,
2672 628 2729 691 si

480 740 579 781 me
628 740 822 796 amaS,
869 717 1102 799 optime
1161 718 1384 795 Petrei,
1447 717 1860 782 reverentiam
1924 723 2191 800 praesta.
2287 718 2419 781 Hoc
2463 716 2618 779 mihi
2664 720 2731 777 et

482 804 723 887 patriae
797 807 1066 885 gratum,
1115 809 1178 869 et
1221 804 1274 867 si
1320 805 1729 887 praestiteris,
1797 827 1985 888 supra
2049 804 2305 869 modum
2370 802 2727 866 laudabere.

485 889 681 953 Crede
725 890 929 954 amico
975 912 1178 972 neque
1225 912 1386 955 vano
1433 913 1636 974 neque
1680 892 1848 955 ficto.
1939 889 2108 953 Vale.

791 1008 918 1063 Cod.
953 1007 1085 1061 Frcf.
1122 1007 1238 1061 342.

485 1232 674 1287 mm.
1533 1216 1660 1280 209
2363 1228 2521 1297 (Nov.
2557 1227 2731 1294 1512.)

1208 1342 1462 1413 Urban
1507 1364 1605 1413 an
1651 1341 2005 1413 Sonfeld.¹

725 1472 1097 1541 (Empfekluny
1130 1473 1216 1527 des
1231 1461 1484 1542 'Petrejus
1520 1490 1595 1527 cm
1627 1474 1726 1526 den
1761 1473 1894 1525 Arxt
1938 1470 2216 1539 Christoph
2254 1469 2501 1536 Sonfeld.)

578 1587 1120 1637 Praestantissimo
1155 1587 1532 1639 medicorum
1570 1590 1633 1639 et
1668 1588 1799 1639 sine
1837 1586 2259 1638 controversia
2295 1583 2647 1634 doctissimo

572 1748 574 1751 y
665 1673 1106 1732 christophoro
1144 1673 1400 1730 Sonfelt.
1435 1673 1699 1725 amando
1734 1676 1807 1724 ut
1840 1672 2089 1733 parenti
2122 1672 2203 1722 H.
2238 1670 2553 1721 Urbanus.

694 1782 758 1847 S.
850 1783 1004 1849 Cum
1067 1806 1376 1867 peraeque
1429 1785 1611 1860 nihil,
1668 1790 1954 1867 spectate
2010 1786 2123 1853 vir,
2180 1782 2528 1849 medicinae
2591 1802 2730 1864 pro-

491 1869 790 1933 fessorem
866 1875 931 1934 et
1002 1872 1302 1953 gentibus
1376 1876 1441 1935 et
1511 1871 1764 1955 populis
1838 1870 2236 1935 commendet
2304 1874 2375 1932 ut
2440 1869 2599 1932 fides
2670 1872 2735 1930 et

490 1955 873 2029 humanitas,
941 1958 1164 2023 merito
1225 1964 1288 2022 te
1348 1980 1545 2021 unum
1606 1981 1685 2022 ex
1753 1957 1925 2022 omni
1992 1956 2377 2021 medentium
2449 1969 2727 2031 numero,

493 2064 674 2124 quem
723 2044 827 2126 pia
872 2043 1315 2111 benevolentia
1361 2045 1645 2121 colerem,
1693 2045 1915 2125 delegi.
2007 2044 2172 2109 Nota
2218 2041 2528 2124 siquidem
2568 2041 2733 2104 fides

492 2134 622 2206 tua,
670 2130 801 2193 sive
846 2132 989 2212 quis
1053 2133 1332 2213 requirat
1401 2132 1763 2215 opinionem
1833 2131 2004 2195 illam
2051 2130 2127 2193 de
2172 2128 2415 2212 su'peris
2482 2127 2733 2209 publica

494 2217 897 2297 persuasione
943 2222 1260 2299 receptam
1309 2220 1439 2281 sive
1471 2217 1781 2282 dictorum
1816 2217 2256 2298 factorumque
2288 2214 2731 2278 constantiam.

493 2302 662 2369 Nota
723 2303 891 2379 item,
941 2325 1066 2386 qua
1111 2310 1415 2386 praestaS,
1487 2304 1851 2368 humanitas
1908 2307 1971 2367 et
2026 2304 2295 2366 eruditio
2365 2300 2731 2365 cultissima.

495 2388 742 2466 Quibus
784 2390 914 2454 tuis
960 2392 1226 2474 egregiis
1269 2392 1619 2456 virtutibus
1664 2396 1727 2455 et
1772 2391 1911 2455 aliis
1957 2410 2144 2472 quam
2204 2387 2511 2472 plurimiS,
2577 2408 2735 2470 quae

495 2499 666 2540 nunc
710 2500 748 2541 a
793 2499 890 2541 me
939 2479 1312 2559 praeteritae
1359 2495 1534 2542 suam
1583 2479 1829 2542 laudem
1877 2482 2215 2554 merentur,
2278 2475 2570 2538 effectum
2620 2477 2733 2551 est,

497 2565 571 2626 ut
613 2567 678 2626 te
721 2585 964 2628 mecum
1010 2586 1226 2629 omnes
1275 2565 1475 2628 nostri
1519 2565 1759 2628 ordinis
1807 2562 1908 2646 (de
1953 2562 2222 2627 literatis
2265 2562 2514 2643 loquor)
2554 2561 2737 2625 unice

497 2649 836 2714 observent
881 2654 943 2714 et
989 2672 1192 2715 mores
1249 2655 1441 2733 atque
1497 2651 1711 2714 studia
1762 2654 1877 2714 tua
1932 2649 2218 2713 certatim
2274 2648 2555 2729 cupiant,
2613 2667 2735 2710 non

496 2742 709 2799 tamen
731 2736 980 2818 possint
1006 2749 1034 2778 ὃ
1073 2737 1328 2802 imitari.
1385 2735 1595 2800 Testis
1620 2741 1718 2800 est
1739 2737 1999 2818 ingenii,
2026 2736 2368 2812 doctrinae,
2393 2733 2739 2798 modestiae

505 2823 1030 2906 dexteritatisque
1103 2829 1252 2888 tuae
1328 2823 1614 2905 Petrejus
1694 2821 2155 2904 Aperbacchus,
2230 2823 2347 2884 flos
2413 2820 2737 2902 juvenum,

501 2908 693 2972 decus
759 2910 897 2973 aevi
966 2911 1186 2984 nostri,
1253 2912 1361 2991 qui
1413 2915 1682 2988 ,tantum
1750 2909 1870 2972 tibi
1936 2909 2181 2984 tribuit,
2256 2912 2568 2989 quantum
2646 2905 2738 2968 vel

501 2993 760 3072 Galen0‚
815 2996 1196 3060 medicorum
1246 2997 1631 3073 doctissimo,
1680 2995 1775 3059 vel
1823 2995 2069 3072 Catoni,
2132 2996 2408 3057 virorum
2476 2993 2734 3074 optimo.

501 3081 850 3164 Utrumque
896 3090 1204 3155 nostrum,
1261 3083 1505 3146 erudite
1564 3083 1803 3156 doctor,
1851 3082 1914 3142 in
1962 3081 2175 3144 album
2231 3080 2572 3142 amicorum
2636 3099 2738 3160 per

503 3167 783 3250 galerum
827 3169 1140 3233 Hermetis
1172 3170 1485 3233 salutatus
1519 3169 1801 3249 recipias,
1879 3167 2259 3230 Veneremur
2287 3171 2351 3228 te
2382 3171 2455 3229 ut
2486 3186 2736 3241 numen,

503 3254 732 3318 facturi
776 3259 888 3319 tuo
935 3257 1207 3330 nomine,
1258 3257 1377 3319 nisi
1434 3277 1551 3318 nos
1606 3253 2019 3328 abdicaveriS‚
2074 3274 2235 3334 quae
2290 3252 2451 3316 fidos
2504 3251 2739 3314 amicos

503 3341 726 3422 tuique
800 3342 1119 3405 studiosos
1189 3343 1248 3403 in
1320 3345 1489 3405 omni
1567 3342 1833 3404 deceant
1898 3334 2130 3402 officio.
2240 3339 2387 3401 Vale
2462 3341 2527 3400 et
2600 3358 2739 3403 ama

505 3427 823 3509 Petrejum
869 3451 1097 3505 meum,
1147 3427 1458 3492 celebrate
1504 3428 1740 3492 doctor.
1830 3426 2062 3490 Datum
2106 3425 2447 3489 Erfordiae.

810 3545 931 3600 Cod.
969 3545 1101 3599 Frof.
1138 3546 1255 3600 238.

641 3783 668 3811 a
693 3771 926 3840 possunt.

655 3840 670 3869 ¹
708 3838 853 3892 Uber
911 3839 1006 3891 den
1066 3837 1338 3905 Leipziger
1389 3839 1516 3889 Arzt
1568 3836 1846 3903 Christoph
1898 3832 2104 3888 Sonfeld
2158 3833 2261 3901 vgl.
2317 3832 2365 3885 S.
2428 3832 2525 3884 147
2581 3834 2642 3886 A.
2697 3832 2745 3885 2.

507 3907 745 3974 I'etrejus
781 3908 939 3959 reiste
975 3923 1091 3986 geg.
1127 3907 1185 3959 E.
1226 3907 1359 3960 1512
1394 3907 1528 3958 nach
1565 3906 1795 3973 Leipzig,
1834 3903 2006 3956 wohin
2040 3902 2133 3954 ihn
2171 3901 2477 3954 Ambrosius
2500 3901 2747 3969 begleitet

507 3994 574 4029 zu
625 3977 798 4029 haben
851 3977 1072 4030 sohemt.
1145 3975 1261 4044 Vgl.
1300 3992 1407 4028 vor.
1453 3975 1531 4029 ΒΓ.
1604 3975 1719 4028 Von
1758 3972 1971 4040 Leipzig
2006 3987 2100 4023 aus
2136 3972 2318 4024 sandte
2372 3971 2613 4038 Petrejus
2648 3970 2745 4022 den

507 4045 700 4167 Cigero.
771 4045 887 4123 Vgl.
926 4046 1044 4115 folg.
1081 4045 1166 4100 ΒΓ.
1239 4045 1346 4101 Der
1379 4044 1464 4100 ΒΓ,
1504 4044 1712 4099 soheint
1747 4043 1824 4096 als
1859 4039 2512 4110 Empfehlungsschreiben
2562 4039 2745 4108 mitge-

507 4132 568 4184 ge
606 4131 668 4167 en
706 4131 770 4168 zu
803 4131 929 4170 sem.
