3084 4895
467 367 594 432 198
1220 358 1395 414 Briefe
1431 375 1534 412 von
1574 357 1936 414 1509—1511.

465 536 766 602 adhibere
809 534 986 600 rudis
1031 538 1096 600 et
1139 534 1453 600 indoctus.
1546 531 1699 598 Vale
1742 531 1919 610 felix,
1976 530 2281 612 magister
2338 528 2733 594 honorande.

467 623 718 688 Gothae
759 620 962 684 MDX.

773 720 898 778 God.
933 719 1068 774 Frcf.
1107 718 1224 776 104.

472 907 704 977 (Gotha.)
1527 890 1670 955 150.
2405 910 2521 975 (um
2560 908 2745 977 1510.)

1223 1015 1512 1086 Mutian
1556 1035 1656 1086 an
1698 1013 1979 1086 Urhan.

473 1143 832 1212 (Kb'rperliehe
865 1143 1155 1210 Beweyuny
1194 1143 1291 1210 fu‘r
1323 1144 1422 1196 den
1460 1142 1840 1196 Studiorenden
1879 1144 2134 1206 heilsam5
2184 1143 2309 1196 aber
2342 1143 2445 1196 mit
2494 1143 2739 1196 Vorsicld

471 1213 813 1274 anaustellen,
854 1211 951 1264 wie
985 1210 1163 1263 Rains
1215 1211 1609 1289 unql‘u'cklichcr
1662 1211 1827 1264 Sturx
1861 1229 1981 1264 vom
2013 1181 2204 1278 Pfeide
2237 1210 2389 1278 κεῖθι.
2458 1211 2739 1264 Wilkelms

472 1281 738 1348 trauriyes
785 1279 902 1332 Los.
975 1278 1056 1332 Er
1095 1279 1233 1332 hatte
1275 1278 1422 1332 nicht
1461 1279 1797 1413 ηζιοῐίἇωξῧωη,
1834 1279 1953 1332 dem
1986 1279 2179 1346 Pfiukle
2212 1279 2304 1332 der
2342 1279 2533 1342 Sdnde,
2572 1279 2739 1348 ychen

605 1459 981 1510 Venerando
1031 1463 1096 1510 et
1141 1459 1386 1510 erudito
1429 1461 1728 1522 magistro
1775 1461 1857 1510 Η.
1892 1459 2150 1513 Urbano
2196 1460 2554 1522 praeposito
2596 1472 2738 1521 gra-

551 1563 564 1575 *
675 1545 836 1594 narii
887 1545 1287 1604 coenobialis,
1343 1546 1702 1604 amicorum,
1749 1547 1822 1595 ut
1856 1545 2217 1605 parcissime
2264 1544 2491 1602 dicam,
2544 1545 2737 1601 soler·-

1345 1631 1585 1682 tissimo
1621 1631 1710 1681 Μ.
1744 1629 1967 1681 Rufus.

676 1738 740 1802 S.
807 1739 1064 1803 Desidia
1111 1740 1382 1804 habetur
1427 1741 1783 1822 perniciosa
1826 1739 2011 1803 tabes
2057 1743 2124 1803 et
2170 1743 2266 1804 est
2301 1740 2741 1823 plane3'parit

474 1823 641 1885 enim
691 1828 1018 1888 veternum
1069 1830 1133 1888 et
1163 1847 1504 1889 marcorem
1554 1831 1621 1890 et
1649 1825 1914 1888 hebetat
1956 1825 2159 1888 aciem
2187 1826 2448 1906 ingenii.
2514 1825 2740 1888 Testes

472 1912 625 1970 sunt
667 1910 939 1974 studiosi
985 1910 1066 1974 ob
1101 1911 1407 1974 desidiam
1443 1911 1844 1993 languentes,
1891 1915 2091 1974 test-es
2120 1911 2403 1992 religiosi
2433 1915 2746 1993 perpetua

469 1994 1012 2077 contemplatione
1052 2001 1532 2061 marcescentes,
1586 1996 2060 2060 Ambulandum
2088 1999 2187 2060 est
2216 1997 2414 2076 igitur
2443 1995 2737 2078 pedibus,

474 2099 660 2159 equn,
709 2081 874 2157 navi,
924 2081 1108 2160 cisi03
1156 2082 1264 2145 sed
1311 2083 1570 2160 cautim,
1619 2104 1697 2144 ne
1730 2103 2005 2146 corruaS.
2096 2080 2521 2164 Frequentius
2568 2081 2741 2144 enim

473 2166 876 2229 currentibus
948 2188 1135 2248 quam
1195 2167 1581 2249 pedetentim
1650 2166 2129 2231 ambulantibus
2205 2167 2423 2248 lapsus
2483 2167 2741 2230 accidit.

470 2249 835 2314 Rainensis¹
889 2253 1312 2318 sedentariam
1361 2253 1714 2316 molestiam
1764 2251 2043 2334 equestri
2076 2253 2492 2332 vegetatione
2524 2251 2741 2316 discu-

470 2340 602 2398 tere
647 2337 926 2419 cupiens„
976 2337 1126 2401 dum
1174 2337 1488 2420 Pegasum
1552 2342 1782 2402 natura
1840 2338 2111 2400 alacrem
2167 2337 2495 2401 incautius
2552 2341 2742 2418 urget

471 2421 535 2483 in
582 2442 824 2503 gyrum,
874 2444 1016 2486 crus
1061 2423 1266 2504 fregit.
1358 2423 1500 2487 Non
1549 2427 1647 2487 est
1692 2423 1839 2504 equi
1898 2422 2104 2505 culpa,
2152 2444 2278 2487 non
2324 2420 2591 2501 Rufini&
2638 2426 2742 2486 ta-

473 2508 659 2569 metsi
705 2508 878 2571 dicat
921 2509 1046 2572 alio
1091 2508 1288 2572 fuisse
1331 2510 1589 2586 iturum,
1636 2510 1691 2571 si
1736 2509 2125 2572 domesticus
2170 2530 2351 2572 meus
2396 2530 2581 2573 suum
2614 2508 2741 2571 sibi

472 2613 705 2674 equum
763 2595 1116 2675 temporius
1174 2594 1554 2657 reduxisset.
1648 2591 2053 2657 Wilhelmus³
2110 2598 2211 2657 ter
2254 2595 2565 2676 spoliatus
2622 2598 2741 2671 est,

470 2681 567 2739 ter
597 2679 980 2758 aegrotavit.
1029 2679 1292 2743 Videtur
1323 2701 1460 2742 esse
1494 2679 1985 2761 Labyrinthusa
2017 2679 2429 2742 miseriarum.
2476 2643 2742 2743 Exitum

477 2762 716 2827 nullum
766 2764 1030 2827 invenit.
1124 2764 1290 2841 Quid
1345 2764 1589 2827 homini
1635 2764 1875 2827 Romae
1921 2766 2249 2846 negotium
2293 2763 2439 2841 fuit,
2483 2764 2595 2828 ubi
2643 2767 2745 2827 est

472 2848 647 2911 velut
692 2834 920 2911 ἄντλον
963 2850 1172 2913 omnis
1218 2850 1508 2931 peccati?
1597 2850 1688 2912 Eo
1736 2850 1904 2912 enim
1966 2849 2211 2913 nullum
2257 2848 2465 2913 scelus
2512 2853 2577 2913 et
2620 2850 2740 2911 fla-

470 2933 700 3013 gitium
747 2956 874 2997 non
924 2936 1205 3007 confluit
1254 2941 1327 2997 ut
1373 2935 1448 2997 de
1478 2935 1996 2999 Romanensibus
2038 2936 2245 2998 dicere
2288 2935 2515 3015 possiS‚
2564 2934 2739 3016 quod

471 3018 728 3099 scripsit
771 3020 953 3083 Johel
1001 3020 1338 3103 propheta:
1394 3017 1512 3100 „Et
1557 3018 1907 3102 posuerunt
1953 3041 2215 3100 puerum
2262 3020 2329 3083 in
2378 3020 2736 3102 prostibulo

473 3107 538 3166 et
585 3104 861 3185 puellam
908 3106 1331 3168 vendiderunt
1375 3127 1487 3186 pro
1535 3106 1704 3181 vinc,
1774 3110 1845 3169 ut
1891 3104 2241 3169 biberent.“
2338 3105 2502 3181 Quid
2549 3104 2747 3167 faciet

471 3189 956 3271 Wittenburgi‘?
1044 3190 1143 3252 An
1193 3190 1461 3253 idoneus
1504 3192 1625 3253 erit
1669 3191 1993 3254 literarum
2062 3190 2377 3272 professor
2430 3190 2598 3253 inter
2640 3194 2747 3253 tot

472 3274 822 3339 clarissima
865 3276 1124 3357 ingenia
1167 3279 1348 3356 pater
1395 3280 1527 3338 tam
1574 3276 1841 3358 stupidi,
1884 3282 2015 3338 tam
2063 3274 2293 3339 insulsi
2322 3275 2571 3339 animi?
2644 3274 2743 3338 An

472 3359 762 3425 mittetur
806 3361 872 3423 in
905 3360 1146 3423 Lucum
1191 3365 1376 3425 tuum
1421 3361 1673 3424 futurus
1718 3366 1973 3425 tuorum
2007 3362 2415 3443 praeceptor?
2478 3360 2747 3424 Minime

475 3443 701 3526 placet.
795 3444 913 3509 Sat
957 3446 1148 3509 isthic
1193 3447 1534 3509 stultorum
1580 3450 1697 3509 est.
1792 3446 2105 3524 Persuasi,
2168 3450 2243 3509 ut
2286 3446 2403 3509 deo
2448 3467 2586 3509 sese
2632 3446 2745 3509 de-

473 3530 736 3607 dicaret,
797 3532 941 3595 dedi
1000 3531 1400 3595 breviarium.
1493 3532 1631 3594 Nisi
1690 3533 2059 3596 resumserit
2130 3530 2413 3607 cottidie,
2476 3535 2551 3594 ut
2594 3530 2748 3595 cleri

473 3636 613 3677 mos
661 3620 778 3692 est,
824 3617 1354 3698 p1·ecatiunculaS‚
1401 3618 1683 3680 minatus
1728 3639 1871 3679 sum
1916 3638 2203 3697 poenam.
2296 3616 2479 3692 Quod
2526 3620 2745 3679 autem

474 3700 635 3763 coeli
666 3705 999 3783 terraeque
1030 3701 1229 3765 filius*
1261 3723 1495 3783 pagum
1528 3702 1875 3784 reliquerit,
1908 3701 2150 3765 invitus
2183 3701 2392 3765 audio.
2463 3699 2748 3764 Libellos

473 3806 677 3848 emam
725 3790 790 3849 te
835 3786 1062 3850 indice.
1155 3786 1351 3868 Capio
1400 3808 1697 3868 magnam
1729 3786 2125 3869 voluptatem
2158 3808 2237 3849 ex
2272 3808 2365 3865 eo,
2410 3786 2582 3867 quod
2616 3785 2748 3849 alia

474 3870 650 3933 nulla
696 3892 891 3952 quam
935 3872 1216 3935 literaria
1264 3872 1593 3953 voluptate
1640 3872 1871 3953 capiar.
1964 3871 2132 3933 Vale.

681 3970 804 4023 Cod.
841 3971 973 4025 Frcf.
1011 3971 1094 4025 89.

608 4089 1659 4143 alabe1int11us.Daninter:malorum
1693 4088 2111 4152 durch-strichen,
2148 4105 2252 4141 von
2274 4088 2425 4141 Tenx.
2463 4088 2745 4157 cimefiiyl.

614 4157 2745 4236 ¹V...lsl39A4.2Vg.....184A18196A..4³Einsonst

469 4176 862 4293 Unbekangnter,
905 4228 1089 4279 friiher
1128 4226 1185 4277 in
1219 4176 1478 4279 Mutiansg
1497 4227 1662 4279 Naho.
1700 4226 1750 4275 V
1752 4226 1818 4292 gL
1859 4225 1909 4278 S.
1948 4226 2015 4277 95
2052 4228 2113 4278 A.
2153 4225 2200 4291 2,
2241 4226 2285 4277 1.
2360 4225 2381 4256 ⁴
2424 4225 2524 4277 Ein
2560 4225 2741 4277 bishe-

469 4294 608 4361 riger
642 4295 850 4348 Insasse
887 4297 980 4349 des
1016 4296 1252 4348 Klosters
1289 4294 1638 4363 Georgenthal
1675 4242 1901 4361 (paggus),
1954 4293 2229 4346 vielleicht
2266 4294 2359 4347 der
2394 4309 2530 4362 mag.
2571 4292 2742 4347 Bruc-

469 4365 615 4415 terus
649 4363 726 4415 im
760 4380 870 4416 vor.
905 4364 994 4417 Br.
1067 4363 1210 4419 Coeli
1243 4364 1520 4432 terraeque
1552 4362 1729 4417 fi1.=-..
1764 4334 1967 4417 obscur.
2024 4360 2292 4415 Etasmus‘
2334 4362 2499 4430 Adag.

736 4890 831 4895 *-
956 4892 973 4895 ,
1002 4885 1219 4895 --„.--..-
1282 4882 1295 4885 -
1375 4880 1389 4885 -
1434 4882 1445 4885 -
1508 4880 1570 4885 --
1672 4767 3021 4895 Ὴῃ--Ἲ-ἥ--ῂ--Α
