<?xml version="1.0" encoding="UTF-8"?>
<!DOCTYPE html PUBLIC "-//W3C//DTD XHTML 1.0 Transitional//EN"
    "http://www.w3.org/TR/xhtml1/DTD/xhtml1-transitional.dtd">
<html xmlns="http://www.w3.org/1999/xhtml" xml:lang="en" lang="en">
 <head>
  <title>
</title>
<meta http-equiv="Content-Type" content="text/html;charset=utf-8" />
  <meta name='ocr-system' content='tesseract 3.04.00' />
  <meta name='ocr-capabilities' content='ocr_page ocr_carea ocr_par ocr_line ocrx_word'/>
</head>
<body>
  <div class='ocr_page' id='page_1' title='image "./derbriefwechsel02kraugoog_0368.png"; bbox 0 0 3084 4895; ppageno 0'>
   <div class='ocr_carea' id='block_1_1' title="bbox 490 386 1881 455">
    <p class='ocr_par' dir='ltr' id='par_1_1' title="bbox 490 386 1881 455">
     <span class='ocr_line' id='line_1_1' title="bbox 490 386 1881 455; baseline 0.001 -4"><span class='ocrx_word' id='word_1_1' title='bbox 490 386 614 453; x_wconf 82' lang='grc'>282</span> <span class='ocrx_word' id='word_1_2' title='bbox 1316 394 1484 454; x_wconf 71' lang='lat' dir='ltr'>Briefe</span> <span class='ocrx_word' id='word_1_3' title='bbox 1517 398 1611 451; x_wconf 80' lang='lat' dir='ltr'>des</span> <span class='ocrx_word' id='word_1_4' title='bbox 1644 397 1694 453; x_wconf 85' lang='lat' dir='ltr'>J.</span> <span class='ocrx_word' id='word_1_5' title='bbox 1736 398 1881 455; x_wconf 81' lang='lat'>1513.</span> 
     </span>
    </p>
   </div>
   <div class='ocr_carea' id='block_1_2' title="bbox 489 558 2731 1929">
    <p class='ocr_par' dir='ltr' id='par_1_2' title="bbox 489 558 2731 1929">
     <span class='ocr_line' id='line_1_2' title="bbox 496 558 2729 654; baseline 0.006 -31"><span class='ocrx_word' id='word_1_6' title='bbox 496 558 733 640; x_wconf 74' lang='lat' dir='ltr'>placita.</span> <span class='ocrx_word' id='word_1_7' title='bbox 775 560 1191 643; x_wconf 78' lang='lat' dir='ltr'>interpretari.</span> <span class='ocrx_word' id='word_1_8' title='bbox 1281 564 1522 646; x_wconf 83' lang='lat' dir='ltr'>Sequar</span> <span class='ocrx_word' id='word_1_9' title='bbox 1576 588 1691 649; x_wconf 88' lang='lat' dir='ltr'>ego</span> <span class='ocrx_word' id='word_1_10' title='bbox 1752 569 2141 633; x_wconf 84' lang='lat' dir='ltr'>voluntatem</span> <span class='ocrx_word' id='word_1_11' title='bbox 2190 572 2251 635; x_wconf 90' lang='lat' dir='ltr'>in</span> <span class='ocrx_word' id='word_1_12' title='bbox 2299 571 2396 635; x_wconf 83' lang='lat' dir='ltr'>his</span> <span class='ocrx_word' id='word_1_13' title='bbox 2454 572 2729 654; x_wconf 81' lang='lat' dir='ltr'>signatis</span> 
     </span>
     <span class='ocr_line' id='line_1_3' title="bbox 496 646 2728 736; baseline 0.007 -28"><span class='ocrx_word' id='word_1_14' title='bbox 496 646 1004 727; x_wconf 79' lang='lat' dir='ltr'><strong>comprehensam</strong></span> <span class='ocrx_word' id='word_1_15' title='bbox 1081 649 1334 714; x_wconf 80' lang='lat' dir='ltr'>tabulis.</span> <span class='ocrx_word' id='word_1_16' title='bbox 1449 652 1793 719; x_wconf 80' lang='lat' dir='ltr'><strong>Admittam</strong></span> <span class='ocrx_word' id='word_1_17' title='bbox 1866 656 1961 719; x_wconf 86' lang='lat' dir='ltr'>vel</span> <span class='ocrx_word' id='word_1_18' title='bbox 2002 657 2201 736; x_wconf 80' lang='lat' dir='ltr'>gratis</span> <span class='ocrx_word' id='word_1_19' title='bbox 2276 665 2385 721; x_wconf 89' lang='lat' dir='ltr'>tuo</span> <span class='ocrx_word' id='word_1_20' title='bbox 2458 660 2728 723; x_wconf 83' lang='lat' dir='ltr'>arbitrio</span> 
     </span>
     <span class='ocr_line' id='line_1_4' title="bbox 497 730 2727 820; baseline 0.007 -26"><span class='ocrx_word' id='word_1_21' title='bbox 497 730 937 797; x_wconf 75' lang='lat' dir='ltr'><strong>instructorem</strong></span> <span class='ocrx_word' id='word_1_22' title='bbox 987 733 1296 813; x_wconf 65' lang='lat' dir='ltr'>idoneum,</span> <span class='ocrx_word' id='word_1_23' title='bbox 1338 742 1406 801; x_wconf 88' lang='lat' dir='ltr'>ut</span> <span class='ocrx_word' id='word_1_24' title='bbox 1435 738 1749 820; x_wconf 79' lang='lat' dir='ltr'>promissa</span> <span class='ocrx_word' id='word_1_25' title='bbox 1778 741 2028 805; x_wconf 86' lang='lat' dir='ltr'>tandem</span> <span class='ocrx_word' id='word_1_26' title='bbox 2064 743 2371 807; x_wconf 81' lang='lat' dir='ltr'>sacrificia</span> <span class='ocrx_word' id='word_1_27' title='bbox 2400 742 2727 809; x_wconf 84' lang='lat' dir='ltr'>Mutianae</span> 
     </span>
     <span class='ocr_line' id='line_1_5' title="bbox 494 816 2731 909; baseline 0.008 -31"><span class='ocrx_word' id='word_1_28' title='bbox 494 816 769 881; x_wconf 82' lang='lat' dir='ltr'>familiae</span> <span class='ocrx_word' id='word_1_29' title='bbox 843 820 1174 899; x_wconf 83' lang='lat' dir='ltr'>proficiant</span> <span class='ocrx_word' id='word_1_30' title='bbox 1239 822 1318 885; x_wconf 81' lang='lat' dir='ltr'>ad</span> <span class='ocrx_word' id='word_1_31' title='bbox 1391 824 1752 889; x_wconf 73' lang='lat' dir='ltr'><strong>memoriam</strong></span> <span class='ocrx_word' id='word_1_32' title='bbox 1828 827 2290 909; x_wconf 82' lang='lat' dir='ltr'>sempiternam.</span> <span class='ocrx_word' id='word_1_33' title='bbox 2401 828 2731 895; x_wconf 86' lang='lat' dir='ltr'>Putabant</span> 
     </span>
     <span class='ocr_line' id='line_1_6' title="bbox 493 902 2728 981; baseline 0.007 -16"><span class='ocrx_word' id='word_1_34' title='bbox 493 902 682 967; x_wconf 81' lang='lat' dir='ltr'>hasce</span> <span class='ocrx_word' id='word_1_35' title='bbox 725 903 936 969; x_wconf 84' lang='lat' dir='ltr'>literas</span> <span class='ocrx_word' id='word_1_36' title='bbox 967 926 1092 969; x_wconf 89' lang='lat' dir='ltr'>non</span> <span class='ocrx_word' id='word_1_37' title='bbox 1127 911 1395 972; x_wconf 81' lang='lat' dir='ltr'>exstare.</span> <span class='ocrx_word' id='word_1_38' title='bbox 1484 909 1916 975; x_wconf 83' lang='lat' dir='ltr'>Rosbacchus¹</span> <span class='ocrx_word' id='word_1_39' title='bbox 1967 913 2274 979; x_wconf 84' lang='lat' dir='ltr'>instinctu</span> <span class='ocrx_word' id='word_1_40' title='bbox 2318 914 2486 979; x_wconf 87' lang='lat' dir='ltr'>Lotii</span> <span class='ocrx_word' id='word_1_41' title='bbox 2517 938 2615 979; x_wconf 88' lang='lat' dir='ltr'>me</span> <span class='ocrx_word' id='word_1_42' title='bbox 2650 916 2728 981; x_wconf 90' lang='lat' dir='ltr'>de</span> 
     </span>
     <span class='ocr_line' id='line_1_7' title="bbox 499 990 2727 1073; baseline 0.005 -21"><span class='ocrx_word' id='word_1_43' title='bbox 499 990 896 1070; x_wconf 82' lang='lat' dir='ltr'>possessione</span> <span class='ocrx_word' id='word_1_44' title='bbox 962 991 1222 1073; x_wconf 84' lang='lat' dir='ltr'>dejicere</span> <span class='ocrx_word' id='word_1_45' title='bbox 1298 994 1667 1059; x_wconf 83' lang='lat' dir='ltr'>conabatur.</span> <span class='ocrx_word' id='word_1_46' title='bbox 1770 996 2237 1063; x_wconf 82' lang='lat' dir='ltr'>Pollicebantur</span> <span class='ocrx_word' id='word_1_47' title='bbox 2302 1000 2552 1065; x_wconf 86' lang='lat' dir='ltr'>sodales</span> <span class='ocrx_word' id='word_1_48' title='bbox 2616 1002 2727 1065; x_wconf 85' lang='lat' dir='ltr'>isti</span> 
     </span>
     <span class='ocr_line' id='line_1_8' title="bbox 502 1074 2725 1166; baseline 0.005 -29"><span class='ocrx_word' id='word_1_49' title='bbox 502 1074 680 1139; x_wconf 85' lang='lat' dir='ltr'>fratri</span> <span class='ocrx_word' id='word_1_50' title='bbox 724 1081 973 1139; x_wconf 84' lang='lat' dir='ltr'>tantum</span> <span class='ocrx_word' id='word_1_51' title='bbox 1019 1078 1382 1158; x_wconf 89' lang='lat' dir='ltr'>coquinario</span> <span class='ocrx_word' id='word_1_52' title='bbox 1427 1080 1683 1147; x_wconf 84' lang='lat' dir='ltr'>inferias</span> <span class='ocrx_word' id='word_1_53' title='bbox 1726 1082 2207 1161; x_wconf 76' lang='lat' dir='ltr'>anniversariaS,</span> <span class='ocrx_word' id='word_1_54' title='bbox 2263 1107 2422 1166; x_wconf 86' lang='lat' dir='ltr'>quas</span> <span class='ocrx_word' id='word_1_55' title='bbox 2467 1090 2531 1149; x_wconf 84' lang='lat' dir='ltr'>et</span> <span class='ocrx_word' id='word_1_56' title='bbox 2574 1108 2725 1151; x_wconf 84' lang='lat' dir='ltr'>can-</span> 
     </span>
     <span class='ocr_line' id='line_1_9' title="bbox 493 1160 2722 1254; baseline 0.005 -31"><span class='ocrx_word' id='word_1_57' title='bbox 493 1160 739 1225; x_wconf 84' lang='lat' dir='ltr'>cellario</span> <span class='ocrx_word' id='word_1_58' title='bbox 785 1160 1041 1225; x_wconf 86' lang='lat' dir='ltr'>etmihi</span> <span class='ocrx_word' id='word_1_59' title='bbox 1090 1163 1323 1227; x_wconf 85' lang='lat' dir='ltr'>debent</span> <span class='ocrx_word' id='word_1_60' title='bbox 1383 1165 1580 1229; x_wconf 82' lang='lat' dir='ltr'>velint</span> <span class='ocrx_word' id='word_1_61' title='bbox 1642 1166 1895 1230; x_wconf 88' lang='lat' dir='ltr'>nolint.²</span> <span class='ocrx_word' id='word_1_62' title='bbox 1982 1169 2206 1250; x_wconf 87' lang='lat' dir='ltr'>Itaque</span> <span class='ocrx_word' id='word_1_63' title='bbox 2265 1194 2583 1254; x_wconf 89' lang='lat' dir='ltr'>nunquam</span> <span class='ocrx_word' id='word_1_64' title='bbox 2642 1172 2722 1235; x_wconf 80' lang='lat' dir='ltr'>ab</span> 
     </span>
     <span class='ocr_line' id='line_1_10' title="bbox 491 1245 2724 1336; baseline 0.007 -28"><span class='ocrx_word' id='word_1_65' title='bbox 491 1245 610 1309; x_wconf 91' lang='lat' dir='ltr'>hoc</span> <span class='ocrx_word' id='word_1_66' title='bbox 683 1247 915 1329; x_wconf 86' lang='lat' dir='ltr'>scripto</span> <span class='ocrx_word' id='word_1_67' title='bbox 987 1249 1274 1312; x_wconf 79' lang='lat' dir='ltr'>recedere</span> <span class='ocrx_word' id='word_1_68' title='bbox 1350 1250 1538 1325; x_wconf 88' lang='lat' dir='ltr'>volui,</span> <span class='ocrx_word' id='word_1_69' title='bbox 1614 1274 1691 1313; x_wconf 89' lang='lat' dir='ltr'>ne</span> <span class='ocrx_word' id='word_1_70' title='bbox 1761 1253 1931 1316; x_wconf 85' lang='lat' dir='ltr'>velut</span> <span class='ocrx_word' id='word_1_71' title='bbox 2003 1256 2233 1336; x_wconf 90' lang='lat' dir='ltr'>impius</span> <span class='ocrx_word' id='word_1_72' title='bbox 2298 1262 2360 1321; x_wconf 71' lang='lat' dir='ltr'>et</span> <span class='ocrx_word' id='word_1_73' title='bbox 2427 1258 2724 1323; x_wconf 78' lang='lat' dir='ltr'>conventi</span> 
     </span>
     <span class='ocr_line' id='line_1_11' title="bbox 492 1332 2719 1417; baseline 0.006 -23"><span class='ocrx_word' id='word_1_74' title='bbox 492 1332 926 1413; x_wconf 80' lang='lat' dir='ltr'>pactionisque</span> <span class='ocrx_word' id='word_1_75' title='bbox 973 1334 1250 1397; x_wconf 81' lang='lat' dir='ltr'>desertor</span> <span class='ocrx_word' id='word_1_76' title='bbox 1294 1357 1634 1417; x_wconf 73' lang='lat' dir='ltr'>peccarem.</span> <span class='ocrx_word' id='word_1_77' title='bbox 1731 1339 2069 1403; x_wconf 79' lang='lat' dir='ltr'>Aedificare</span> <span class='ocrx_word' id='word_1_78' title='bbox 2133 1346 2343 1405; x_wconf 85' lang='lat' dir='ltr'>autem</span> <span class='ocrx_word' id='word_1_79' title='bbox 2406 1366 2527 1405; x_wconf 87' lang='lat' dir='ltr'>non</span> <span class='ocrx_word' id='word_1_80' title='bbox 2592 1352 2719 1409; x_wconf 81' lang='lat' dir='ltr'>tam</span> 
     </span>
     <span class='ocr_line' id='line_1_12' title="bbox 492 1418 2724 1507; baseline 0.005 -26"><span class='ocrx_word' id='word_1_81' title='bbox 492 1418 664 1481; x_wconf 90' lang='lat' dir='ltr'>nolui</span> <span class='ocrx_word' id='word_1_82' title='bbox 727 1440 913 1499; x_wconf 85' lang='lat' dir='ltr'>quam</span> <span class='ocrx_word' id='word_1_83' title='bbox 985 1440 1110 1483; x_wconf 89' lang='lat' dir='ltr'>non</span> <span class='ocrx_word' id='word_1_84' title='bbox 1179 1422 1355 1501; x_wconf 86' lang='lat' dir='ltr'>potui</span> <span class='ocrx_word' id='word_1_85' title='bbox 1421 1421 1669 1487; x_wconf 83' lang='lat' dir='ltr'>defectu</span> <span class='ocrx_word' id='word_1_86' title='bbox 1738 1426 2055 1507; x_wconf 84' lang='lat' dir='ltr'>pecuniae.</span> <span class='ocrx_word' id='word_1_87' title='bbox 2170 1427 2371 1491; x_wconf 84' lang='lat' dir='ltr'>Intret</span> <span class='ocrx_word' id='word_1_88' title='bbox 2439 1434 2501 1491; x_wconf 84' lang='lat' dir='ltr'>te</span> <span class='ocrx_word' id='word_1_89' title='bbox 2567 1429 2724 1493; x_wconf 83' lang='lat' dir='ltr'>duce</span> 
     </span>
     <span class='ocr_line' id='line_1_13' title="bbox 495 1503 2723 1585; baseline 0.006 -20"><span class='ocrx_word' id='word_1_90' title='bbox 495 1525 693 1567; x_wconf 88' lang='lat' dir='ltr'>novus</span> <span class='ocrx_word' id='word_1_91' title='bbox 738 1503 983 1585; x_wconf 77' lang='lat' dir='ltr'><strong>hospes,</strong></span> <span class='ocrx_word' id='word_1_92' title='bbox 1074 1503 1161 1568; x_wconf 88' lang='lat' dir='ltr'>Te</span> <span class='ocrx_word' id='word_1_93' title='bbox 1206 1512 1554 1571; x_wconf 75' lang='lat' dir='ltr'>curatorem</span> <span class='ocrx_word' id='word_1_94' title='bbox 1602 1530 1742 1573; x_wconf 88' lang='lat' dir='ltr'>creo</span> <span class='ocrx_word' id='word_1_95' title='bbox 1784 1510 2133 1576; x_wconf 88' lang='lat' dir='ltr'>reficiendis</span> <span class='ocrx_word' id='word_1_96' title='bbox 2165 1512 2321 1577; x_wconf 84' lang='lat' dir='ltr'>locis</span> <span class='ocrx_word' id='word_1_97' title='bbox 2355 1520 2419 1575; x_wconf 88' lang='lat' dir='ltr'>et</span> <span class='ocrx_word' id='word_1_98' title='bbox 2449 1514 2723 1579; x_wconf 88' lang='lat' dir='ltr'>ruinosis</span> 
     </span>
     <span class='ocr_line' id='line_1_14' title="bbox 490 1589 2717 1679; baseline 0.004 -28"><span class='ocrx_word' id='word_1_99' title='bbox 490 1593 554 1651; x_wconf 89' lang='lat' dir='ltr'>et</span> <span class='ocrx_word' id='word_1_100' title='bbox 597 1589 991 1665; x_wconf 78' lang='lat' dir='ltr'>nutantibuS‚</span> <span class='ocrx_word' id='word_1_101' title='bbox 1038 1591 1148 1654; x_wconf 91' lang='lat' dir='ltr'>sed</span> <span class='ocrx_word' id='word_1_102' title='bbox 1188 1592 1343 1656; x_wconf 79' lang='lat' dir='ltr'>citra</span> <span class='ocrx_word' id='word_1_103' title='bbox 1373 1597 1551 1657; x_wconf 89' lang='lat' dir='ltr'>tuum</span> <span class='ocrx_word' id='word_1_104' title='bbox 1589 1596 2073 1661; x_wconf 88' lang='lat' dir='ltr'>incommodum.</span> <span class='ocrx_word' id='word_1_105' title='bbox 2149 1597 2239 1661; x_wconf 91' lang='lat' dir='ltr'>De</span> <span class='ocrx_word' id='word_1_106' title='bbox 2270 1598 2717 1679; x_wconf 83' lang='lat' dir='ltr'>Engelmanni⁸</span> 
     </span>
     <span class='ocr_line' id='line_1_15' title="bbox 489 1676 2723 1763; baseline 0.005 -24"><span class='ocrx_word' id='word_1_107' title='bbox 489 1676 791 1756; x_wconf 84' lang='lat' dir='ltr'>sapientis</span> <span class='ocrx_word' id='word_1_108' title='bbox 857 1676 971 1739; x_wconf 89' lang='lat' dir='ltr'>viri</span> <span class='ocrx_word' id='word_1_109' title='bbox 1041 1677 1300 1741; x_wconf 83' lang='lat' dir='ltr'>consilio</span> <span class='ocrx_word' id='word_1_110' title='bbox 1356 1685 1419 1743; x_wconf 88' lang='lat' dir='ltr'>et</span> <span class='ocrx_word' id='word_1_111' title='bbox 1474 1680 1550 1747; x_wconf 83' lang='lat' dir='ltr'>de</span> <span class='ocrx_word' id='word_1_112' title='bbox 1616 1680 1899 1763; x_wconf 80' lang='lat' dir='ltr'>Georgii⁴</span> <span class='ocrx_word' id='word_1_113' title='bbox 1974 1682 2296 1747; x_wconf 78' lang='lat' dir='ltr'>voluntate</span> <span class='ocrx_word' id='word_1_114' title='bbox 2363 1684 2555 1749; x_wconf 81' lang='lat' dir='ltr'>facito</span> <span class='ocrx_word' id='word_1_115' title='bbox 2624 1708 2723 1751; x_wconf 88' lang='lat' dir='ltr'>me</span> 
     </span>
     <span class='ocr_line' id='line_1_16' title="bbox 491 1760 2369 1842; baseline 0.004 -19"><span class='ocrx_word' id='word_1_116' title='bbox 491 1760 972 1842; x_wconf 77' lang='lat' dir='ltr'><strong>diligentissime</strong></span> <span class='ocrx_word' id='word_1_117' title='bbox 1018 1763 1359 1827; x_wconf 74' lang='lat' dir='ltr'>certiorem.</span> <span class='ocrx_word' id='word_1_118' title='bbox 1455 1766 1619 1831; x_wconf 87' lang='lat' dir='ltr'>Vale.</span> <span class='ocrx_word' id='word_1_119' title='bbox 2362 1792 2369 1799; x_wconf 80' lang='lat'><strong>·</strong></span> 
     </span>
     <span class='ocr_line' id='line_1_17' title="bbox 792 1861 1270 1929; baseline 0.002 -12"><span class='ocrx_word' id='word_1_120' title='bbox 792 1862 913 1917; x_wconf 83' lang='lat' dir='ltr'>Ood.</span> <span class='ocrx_word' id='word_1_121' title='bbox 950 1861 1078 1917; x_wconf 84' lang='lat' dir='ltr'>Frcf.</span> <span class='ocrx_word' id='word_1_122' title='bbox 1117 1864 1230 1919; x_wconf 81' lang='lat'>265.</span> <span class='ocrx_word' id='word_1_123' title='bbox 1267 1924 1270 1929; x_wconf 51' lang='grc'><strong>,</strong></span> 
     </span>
    </p>
   </div>
   <div class='ocr_carea' id='block_1_3' title="bbox 487 2056 2722 2145">
    <p class='ocr_par' dir='ltr' id='par_1_3' title="bbox 487 2056 2722 2145">
     <span class='ocr_line' id='line_1_18' title="bbox 487 2056 2722 2145; baseline 0.004 -25"><span class='ocrx_word' id='word_1_124' title='bbox 487 2066 712 2137; x_wconf 79' lang='lat' dir='ltr'>(Gotha.)</span> <span class='ocrx_word' id='word_1_125' title='bbox 1529 2056 1675 2120; x_wconf 78' lang='lat'>227.</span> <span class='ocrx_word' id='word_1_126' title='bbox 2348 2073 2510 2141; x_wconf 60' lang='lat' dir='ltr'>(Mfirz</span> <span class='ocrx_word' id='word_1_127' title='bbox 2551 2076 2722 2145; x_wconf 86' lang='lat'>1513.)</span> 
     </span>
    </p>
   </div>
   <div class='ocr_carea' id='block_1_4' title="bbox 1224 2182 1968 2255">
    <p class='ocr_par' dir='ltr' id='par_1_4' title="bbox 1224 2182 1968 2255">
     <span class='ocr_line' id='line_1_19' title="bbox 1224 2182 1968 2255; baseline 0.003 -4"><span class='ocrx_word' id='word_1_128' title='bbox 1224 2182 1506 2254; x_wconf 83' lang='lat' dir='ltr'>Mutian</span> <span class='ocrx_word' id='word_1_129' title='bbox 1552 2204 1649 2255; x_wconf 83' lang='lat' dir='ltr'>an</span> <span class='ocrx_word' id='word_1_130' title='bbox 1698 2182 1968 2255; x_wconf 82' lang='lat' dir='ltr'>Urba-n.</span> 
     </span>
    </p>
   </div>
   <div class='ocr_carea' id='block_1_5' title="bbox 487 2306 2724 2444">
    <p class='ocr_par' dir='ltr' id='par_1_5' title="bbox 487 2306 2724 2444">
     <span class='ocr_line' id='line_1_20' title="bbox 487 2306 2724 2379; baseline 0.003 -20"><span class='ocrx_word' id='word_1_131' title='bbox 487 2306 608 2372; x_wconf 69' lang='lat' dir='ltr'>(Die</span> <span class='ocrx_word' id='word_1_132' title='bbox 673 2307 862 2362; x_wconf 78' lang='lat' dir='ltr'>Vikare</span> <span class='ocrx_word' id='word_1_133' title='bbox 911 2311 1240 2378; x_wconf 70' lang='lat' dir='ltr'>versprechen</span> <span class='ocrx_word' id='word_1_134' title='bbox 1289 2310 1378 2363; x_wconf 79' lang='lat' dir='ltr'>ein</span> <span class='ocrx_word' id='word_1_135' title='bbox 1433 2311 1733 2374; x_wconf 73' lang='lat' dir='ltr'>Testament,</span> <span class='ocrx_word' id='word_1_136' title='bbox 1790 2311 2001 2378; x_wconf 76' lang='lat' dir='ltr'>darauf</span> <span class='ocrx_word' id='word_1_137' title='bbox 2039 2311 2211 2365; x_wconf 67' lang='lat' dir='ltr'>uiolas</span> <span class='ocrx_word' id='word_1_138' title='bbox 2256 2329 2328 2365; x_wconf 66' lang='grc' dir='ltr'>κα</span> <span class='ocrx_word' id='word_1_139' title='bbox 2372 2312 2545 2379; x_wconf 72' lang='lat' dir='ltr'>ychen.</span> <span class='ocrx_word' id='word_1_140' title='bbox 2614 2312 2724 2365; x_wconf 71' lang='lat' dir='ltr'>Der</span> 
     </span>
     <span class='ocr_line' id='line_1_21' title="bbox 487 2374 2719 2444; baseline 0.004 -17"><span class='ocrx_word' id='word_1_141' title='bbox 487 2374 686 2440; x_wconf 79' lang='lat' dir='ltr'>Mieter,</span> <span class='ocrx_word' id='word_1_142' title='bbox 723 2378 813 2431; x_wconf 79' lang='lat' dir='ltr'>der</span> <span class='ocrx_word' id='word_1_143' title='bbox 846 2378 960 2431; x_wconf 77' lang='lat' dir='ltr'>sich.</span> <span class='ocrx_word' id='word_1_144' title='bbox 997 2380 1212 2443; x_wconf 76' lang='lat' dir='ltr'>erbolen,</span> <span class='ocrx_word' id='word_1_145' title='bbox 1247 2397 1321 2433; x_wconf 64' lang='grc' dir='ltr'>σου</span> <span class='ocrx_word' id='word_1_146' title='bbox 1355 2380 1522 2433; x_wconf 80' lang='lat' dir='ltr'>bauen</span> <span class='ocrx_word' id='word_1_147' title='bbox 1556 2381 1670 2433; x_wconf 78' lang='lat' dir='ltr'>und</span> <span class='ocrx_word' id='word_1_148' title='bbox 1702 2380 1830 2433; x_wconf 73' lang='lat' dir='ltr'>olma</span> <span class='ocrx_word' id='word_1_149' title='bbox 1875 2380 2031 2435; x_wconf 76' lang='lat' dir='ltr'>Miete</span> <span class='ocrx_word' id='word_1_150' title='bbox 2074 2398 2146 2433; x_wconf 67' lang='lat' dir='ltr'>zu</span> <span class='ocrx_word' id='word_1_151' title='bbox 2191 2380 2417 2444; x_wconf 80' lang='lat' dir='ltr'>wolmen,</span> <span class='ocrx_word' id='word_1_152' title='bbox 2461 2382 2561 2433; x_wconf 80' lang='lat' dir='ltr'>soll</span> <span class='ocrx_word' id='word_1_153' title='bbox 2606 2382 2719 2435; x_wconf 80' lang='lat' dir='ltr'>ein-</span> 
     </span>
    </p>
   </div>
   <div class='ocr_carea' id='block_1_6' title="bbox 485 2443 2721 2588">
    <p class='ocr_par' dir='ltr' id='par_1_6' title="bbox 485 2443 2721 2588">
     <span class='ocr_line' id='line_1_22' title="bbox 485 2443 2720 2518; baseline 0.003 -20"><span class='ocrx_word' id='word_1_154' title='bbox 485 2443 659 2498; x_wconf 70' lang='lat' dir='ltr'>m&#39;elm.</span> <span class='ocrx_word' id='word_1_155' title='bbox 729 2446 803 2500; x_wconf 89' lang='lat' dir='ltr'>M.</span> <span class='ocrx_word' id='word_1_156' title='bbox 840 2446 963 2512; x_wconf 74' lang='lat' dir='ltr'>will,</span> <span class='ocrx_word' id='word_1_157' title='bbox 1000 2449 1072 2502; x_wconf 79' lang='lat' dir='ltr'>da</span> <span class='ocrx_word' id='word_1_158' title='bbox 1109 2449 1442 2518; x_wconf 70' lang='lat' dir='ltr'>Enqelmann</span> <span class='ocrx_word' id='word_1_159' title='bbox 1477 2449 1587 2516; x_wconf 79' lang='lat' dir='ltr'>auf</span> <span class='ocrx_word' id='word_1_160' title='bbox 1614 2451 1786 2503; x_wconf 65' lang='lat' dir='ltr'>&amp;itm</span> <span class='ocrx_word' id='word_1_161' title='bbox 1819 2451 1911 2504; x_wconf 73' lang='lat' dir='ltr'>der</span> <span class='ocrx_word' id='word_1_162' title='bbox 1955 2449 2145 2503; x_wconf 76' lang='lat' dir='ltr'>Vikare</span> <span class='ocrx_word' id='word_1_163' title='bbox 2189 2451 2331 2514; x_wconf 74' lang='lat' dir='ltr'>steht,</span> <span class='ocrx_word' id='word_1_164' title='bbox 2379 2455 2566 2516; x_wconf 67' lang='lat' dir='ltr'>elwa-5„</span> <span class='ocrx_word' id='word_1_165' title='bbox 2589 2469 2720 2504; x_wconf 67' lang='lat' dir='ltr'>xum</span> 
     </span>
     <span class='ocr_line' id='line_1_23' title="bbox 486 2513 2721 2588; baseline 0.002 -21"><span class='ocrx_word' id='word_1_166' title='bbox 486 2513 637 2568; x_wconf 80' lang='lat' dir='ltr'>Baue</span> <span class='ocrx_word' id='word_1_167' title='bbox 671 2515 947 2586; x_wconf 67' lang='lat' dir='ltr'>beitraqe‘n.</span> <span class='ocrx_word' id='word_1_168' title='bbox 1017 2517 1117 2570; x_wconf 77' lang='lat' dir='ltr'>Die</span> <span class='ocrx_word' id='word_1_169' title='bbox 1149 2517 1441 2572; x_wconf 77' lang='lat' dir='ltr'>hessisclaen</span> <span class='ocrx_word' id='word_1_170' title='bbox 1487 2517 1823 2572; x_wconf 76' lang='lat' dir='ltr'>Verwandten</span> <span class='ocrx_word' id='word_1_171' title='bbox 1859 2519 2078 2572; x_wconf 75' lang='lat' dir='ltr'>bereiten</span> <span class='ocrx_word' id='word_1_172' title='bbox 2110 2519 2269 2572; x_wconf 75' lang='lat' dir='ltr'>selam</span> <span class='ocrx_word' id='word_1_173' title='bbox 2302 2535 2471 2587; x_wconf 72' lang='lat' dir='ltr'>qenuy</span> <span class='ocrx_word' id='word_1_174' title='bbox 2515 2519 2721 2588; x_wconf 77' lang='lat' dir='ltr'>Aryer.)</span> 
     </span>
    </p>
   </div>
   <div class='ocr_carea' id='block_1_7' title="bbox 1151 2628 2059 2700">
    <p class='ocr_par' dir='ltr' id='par_1_7' title="bbox 1151 2628 2059 2700">
     <span class='ocr_line' id='line_1_24' title="bbox 1151 2628 2059 2700; baseline 0 -18"><span class='ocrx_word' id='word_1_175' title='bbox 1151 2631 1346 2682; x_wconf 80' lang='lat' dir='ltr'>Hem.</span> <span class='ocrx_word' id='word_1_176' title='bbox 1381 2633 1636 2684; x_wconf 79' lang='lat' dir='ltr'>Urbano</span> <span class='ocrx_word' id='word_1_177' title='bbox 1673 2629 1781 2700; x_wconf 78' lang='lat' dir='ltr'>(M.</span> <span class='ocrx_word' id='word_1_178' title='bbox 1815 2628 2059 2698; x_wconf 73' lang='lat' dir='ltr'>Rums).</span> 
     </span>
    </p>
   </div>
   <div class='ocr_carea' id='block_1_8' title="bbox 486 2738 2721 4025">
    <p class='ocr_par' dir='ltr' id='par_1_8' title="bbox 486 2738 2721 4025">
     <span class='ocr_line' id='line_1_25' title="bbox 690 2738 2717 2823; baseline 0.002 -19"><span class='ocrx_word' id='word_1_179' title='bbox 690 2738 754 2804; x_wconf 85' lang='lat' dir='ltr'>S.</span> <span class='ocrx_word' id='word_1_180' title='bbox 843 2739 1003 2804; x_wconf 76' lang='lat' dir='ltr'>Acta</span> <span class='ocrx_word' id='word_1_181' title='bbox 1078 2762 1240 2823; x_wconf 86' lang='lat' dir='ltr'>quae</span> <span class='ocrx_word' id='word_1_182' title='bbox 1311 2747 1480 2820; x_wconf 85' lang='lat' dir='ltr'>sunt,</span> <span class='ocrx_word' id='word_1_183' title='bbox 1557 2741 1778 2807; x_wconf 82' lang='lat' dir='ltr'>habeo.</span> <span class='ocrx_word' id='word_1_184' title='bbox 1868 2742 1963 2804; x_wconf 90' lang='lat' dir='ltr'>An</span> <span class='ocrx_word' id='word_1_185' title='bbox 2041 2741 2282 2806; x_wconf 78' lang='lat' dir='ltr'>vicarii⁸</span> <span class='ocrx_word' id='word_1_186' title='bbox 2358 2742 2717 2810; x_wconf 81' lang='lat' dir='ltr'>exorabunt</span> 
     </span>
     <span class='ocr_line' id='line_1_26' title="bbox 489 2825 2721 2910; baseline 0.002 -22"><span class='ocrx_word' id='word_1_187' title='bbox 489 2825 758 2889; x_wconf 83' lang='lat' dir='ltr'>Aeacum</span> <span class='ocrx_word' id='word_1_188' title='bbox 825 2848 963 2890; x_wconf 90' lang='lat' dir='ltr'>cum</span> <span class='ocrx_word' id='word_1_189' title='bbox 1026 2828 1285 2892; x_wconf 89' lang='lat' dir='ltr'>infernis</span> <span class='ocrx_word' id='word_1_190' title='bbox 1344 2828 1683 2910; x_wconf 87' lang='lat' dir='ltr'>judicibus,</span> <span class='ocrx_word' id='word_1_191' title='bbox 1730 2851 1868 2892; x_wconf 90' lang='lat' dir='ltr'>cum</span> <span class='ocrx_word' id='word_1_192' title='bbox 1918 2835 1983 2892; x_wconf 82' lang='lat' dir='ltr'>et</span> <span class='ocrx_word' id='word_1_193' title='bbox 2024 2850 2243 2910; x_wconf 81' lang='lat' dir='ltr'>graece</span> <span class='ocrx_word' id='word_1_194' title='bbox 2304 2828 2590 2893; x_wconf 82' lang='lat' dir='ltr'>nesciant</span> <span class='ocrx_word' id='word_1_195' title='bbox 2658 2837 2721 2893; x_wconf 84' lang='lat' dir='ltr'>et</span> 
     </span>
     <span class='ocr_line' id='line_1_27' title="bbox 493 2914 2719 2996; baseline 0.002 -22"><span class='ocrx_word' id='word_1_196' title='bbox 493 2915 770 2976; x_wconf 87' lang='lat' dir='ltr'>oratores</span> <span class='ocrx_word' id='word_1_197' title='bbox 831 2935 957 2976; x_wconf 88' lang='lat' dir='ltr'>non</span> <span class='ocrx_word' id='word_1_198' title='bbox 1019 2914 1228 2977; x_wconf 86' lang='lat' dir='ltr'>sint‘?·</span> <span class='ocrx_word' id='word_1_199' title='bbox 1285 2914 1447 2990; x_wconf 83' lang='lat' dir='ltr'>Quid</span> <span class='ocrx_word' id='word_1_200' title='bbox 1510 2915 1705 2994; x_wconf 84' lang='lat' dir='ltr'>igitur</span> <span class='ocrx_word' id='word_1_201' title='bbox 1772 2915 2150 2996; x_wconf 86' lang='lat' dir='ltr'>promittunt</span> <span class='ocrx_word' id='word_1_202' title='bbox 2214 2916 2719 2978; x_wconf 76' lang='lat' dir='ltr'>testamentum?</span> 
     </span>
     <span class='ocr_line' id='line_1_28' title="bbox 487 2997 2715 3081; baseline 0.001 -21"><span class='ocrx_word' id='word_1_203' title='bbox 487 2997 768 3080; x_wconf 84' lang='lat' dir='ltr'>Negligit</span> <span class='ocrx_word' id='word_1_204' title='bbox 812 2999 876 3062; x_wconf 91' lang='lat' dir='ltr'>id</span> <span class='ocrx_word' id='word_1_205' title='bbox 917 2998 1178 3062; x_wconf 73' lang='lat' dir='ltr'>Ennius</span> <span class='ocrx_word' id='word_1_206' title='bbox 1274 3000 1569 3081; x_wconf 85' lang='lat' dir='ltr'>„Nemo“,</span> <span class='ocrx_word' id='word_1_207' title='bbox 1616 3000 1845 3081; x_wconf 84' lang='lat' dir='ltr'>inquit,</span> <span class='ocrx_word' id='word_1_208' title='bbox 1898 3022 2033 3080; x_wconf 88' lang='lat' dir='ltr'>„me</span> <span class='ocrx_word' id='word_1_209' title='bbox 2062 2999 2337 3062; x_wconf 88' lang='lat' dir='ltr'>lacrimis</span> <span class='ocrx_word' id='word_1_210' title='bbox 2368 2998 2715 3064; x_wconf 79' lang='lat' dir='ltr'>decoret.“⁶</span> 
     </span>
     <span class='ocr_line' id='line_1_29' title="bbox 487 3083 2715 3167; baseline 0.001 -21"><span class='ocrx_word' id='word_1_211' title='bbox 487 3083 642 3148; x_wconf 87' lang='lat' dir='ltr'>Juro</span> <span class='ocrx_word' id='word_1_212' title='bbox 690 3105 795 3166; x_wconf 88' lang='lat' dir='ltr'>per</span> <span class='ocrx_word' id='word_1_213' title='bbox 839 3085 1109 3167; x_wconf 79' lang='lat' dir='ltr'>supremi</span> <span class='ocrx_word' id='word_1_214' title='bbox 1155 3086 1322 3166; x_wconf 84' lang='lat' dir='ltr'>regis</span> <span class='ocrx_word' id='word_1_215' title='bbox 1363 3107 1625 3167; x_wconf 87' lang='lat' dir='ltr'>regnum</span> <span class='ocrx_word' id='word_1_216' title='bbox 1672 3093 1737 3148; x_wconf 91' lang='lat' dir='ltr'>et</span> <span class='ocrx_word' id='word_1_217' title='bbox 1778 3089 2039 3149; x_wconf 85' lang='lat' dir='ltr'>matrem</span> <span class='ocrx_word' id='word_1_218' title='bbox 2085 3084 2357 3147; x_wconf 81' lang='lat' dir='ltr'>familias</span> <span class='ocrx_word' id='word_1_219' title='bbox 2399 3085 2715 3149; x_wconf 84' lang='lat' dir='ltr'>Junonem</span> 
     </span>
     <span class='ocr_line' id='line_1_30' title="bbox 489 3170 2719 3253; baseline 0.001 -21"><span class='ocrx_word' id='word_1_220' title='bbox 489 3192 589 3232; x_wconf 90' lang='lat' dir='ltr'>me</span> <span class='ocrx_word' id='word_1_221' title='bbox 631 3191 861 3252; x_wconf 76' lang='lat' dir='ltr'>gerraS,</span> <span class='ocrx_word' id='word_1_222' title='bbox 906 3171 1089 3252; x_wconf 81' lang='lat' dir='ltr'>lyraS‚</span> <span class='ocrx_word' id='word_1_223' title='bbox 1137 3192 1340 3251; x_wconf 87' lang='lat' dir='ltr'>nugas</span> <span class='ocrx_word' id='word_1_224' title='bbox 1385 3176 1447 3234; x_wconf 91' lang='lat' dir='ltr'>et</span> <span class='ocrx_word' id='word_1_225' title='bbox 1491 3170 1897 3252; x_wconf 83' lang='lat' dir='ltr'>ampullarias</span> <span class='ocrx_word' id='word_1_226' title='bbox 1945 3171 2417 3234; x_wconf 79' lang='lat' dir='ltr'>mussitationes</span> <span class='ocrx_word' id='word_1_227' title='bbox 2485 3193 2719 3253; x_wconf 86' lang='lat' dir='ltr'>susque</span> 
     </span>
     <span class='ocr_line' id='line_1_31' title="bbox 489 3255 2717 3340; baseline 0.002 -22"><span class='ocrx_word' id='word_1_228' title='bbox 489 3256 690 3337; x_wconf 86' lang='lat' dir='ltr'>deque</span> <span class='ocrx_word' id='word_1_229' title='bbox 755 3255 972 3320; x_wconf 86' lang='lat' dir='ltr'>facere.</span> <span class='ocrx_word' id='word_1_230' title='bbox 1062 3256 1186 3321; x_wconf 88' lang='lat' dir='ltr'>Sed</span> <span class='ocrx_word' id='word_1_231' title='bbox 1243 3258 1627 3340; x_wconf 84' lang='lat' dir='ltr'>promittunt</span> <span class='ocrx_word' id='word_1_232' title='bbox 1682 3262 2155 3320; x_wconf 80' lang='lat' dir='ltr'>testamentum.</span> <span class='ocrx_word' id='word_1_233' title='bbox 2244 3255 2385 3320; x_wconf 83' lang='lat' dir='ltr'>Non</span> <span class='ocrx_word' id='word_1_234' title='bbox 2452 3279 2717 3322; x_wconf 87' lang='lat' dir='ltr'>emerem</span> 
     </span>
     <span class='ocr_line' id='line_1_32' title="bbox 489 3339 2718 3424; baseline 0 -21"><span class='ocrx_word' id='word_1_235' title='bbox 489 3341 648 3405; x_wconf 86' lang='lat' dir='ltr'>illud</span> <span class='ocrx_word' id='word_1_236' title='bbox 690 3341 944 3406; x_wconf 84' lang='lat' dir='ltr'>verbum</span> <span class='ocrx_word' id='word_1_237' title='bbox 991 3339 1354 3406; x_wconf 86' lang='lat' dir='ltr'>titiliniti0.⁷</span> <span class='ocrx_word' id='word_1_238' title='bbox 1444 3342 1675 3406; x_wconf 84' lang='lat' dir='ltr'>Parum</span> <span class='ocrx_word' id='word_1_239' title='bbox 1721 3343 1885 3405; x_wconf 90' lang='lat' dir='ltr'>enim</span> <span class='ocrx_word' id='word_1_240' title='bbox 1932 3343 2065 3424; x_wconf 91' lang='lat' dir='ltr'>spei</span> <span class='ocrx_word' id='word_1_241' title='bbox 2110 3363 2277 3423; x_wconf 86' lang='lat' dir='ltr'>pono</span> <span class='ocrx_word' id='word_1_242' title='bbox 2323 3342 2385 3404; x_wconf 89' lang='lat' dir='ltr'>in</span> <span class='ocrx_word' id='word_1_243' title='bbox 2427 3342 2718 3424; x_wconf 87' lang='lat' dir='ltr'>precibus</span> 
     </span>
     <span class='ocr_line' id='line_1_33' title="bbox 489 3427 2717 3510; baseline 0 -20"><span class='ocrx_word' id='word_1_244' title='bbox 489 3427 844 3506; x_wconf 86' lang='lat' dir='ltr'>stultorum,</span> <span class='ocrx_word' id='word_1_245' title='bbox 874 3428 994 3491; x_wconf 89' lang='lat' dir='ltr'>nisi</span> <span class='ocrx_word' id='word_1_246' title='bbox 1029 3429 1198 3492; x_wconf 84' lang='lat' dir='ltr'>adsit</span> <span class='ocrx_word' id='word_1_247' title='bbox 1228 3431 1446 3501; x_wconf 57' lang='lat' dir='ltr'>virtus</span> <span class='ocrx_word' id='word_1_248' title='bbox 1483 3429 1682 3492; x_wconf 88' lang='lat' dir='ltr'>virtus</span> <span class='ocrx_word' id='word_1_249' title='bbox 1714 3429 1971 3508; x_wconf 88' lang='lat' dir='ltr'>inquam</span> <span class='ocrx_word' id='word_1_250' title='bbox 2004 3428 2349 3510; x_wconf 85' lang='lat' dir='ltr'>praemium</span> <span class='ocrx_word' id='word_1_251' title='bbox 2381 3428 2717 3509; x_wconf 85' lang='lat' dir='ltr'>optimum3</span> 
     </span>
     <span class='ocr_line' id='line_1_34' title="bbox 487 3513 2714 3596; baseline -0 -20"><span class='ocrx_word' id='word_1_252' title='bbox 487 3513 767 3590; x_wconf 81' lang='lat' dir='ltr'>libertaS,</span> <span class='ocrx_word' id='word_1_253' title='bbox 828 3513 1016 3592; x_wconf 53' lang='lat' dir='ltr'>salus</span> <span class='ocrx_word' id='word_1_254' title='bbox 1080 3515 1231 3590; x_wconf 83' lang='lat' dir='ltr'>vita,</span> <span class='ocrx_word' id='word_1_255' title='bbox 1294 3536 1391 3580; x_wconf 91' lang='lat' dir='ltr'>res</span> <span class='ocrx_word' id='word_1_256' title='bbox 1438 3515 1707 3596; x_wconf 89' lang='lat' dir='ltr'>denique</span> <span class='ocrx_word' id='word_1_257' title='bbox 1765 3518 1901 3577; x_wconf 80' lang='lat' dir='ltr'>tota</span> <span class='ocrx_word' id='word_1_258' title='bbox 1966 3516 2198 3576; x_wconf 85' lang='lat' dir='ltr'>virtute</span> <span class='ocrx_word' id='word_1_259' title='bbox 2258 3519 2526 3591; x_wconf 77' lang='lat' dir='ltr'>constat,</span> <span class='ocrx_word' id='word_1_260' title='bbox 2588 3536 2714 3577; x_wconf 85' lang='lat' dir='ltr'>non</span> 
     </span>
     <span class='ocr_line' id='line_1_35' title="bbox 490 3597 2715 3683; baseline 0 -21"><span class='ocrx_word' id='word_1_261' title='bbox 490 3599 816 3683; x_wconf 87' lang='lat' dir='ltr'>suppliciis</span> <span class='ocrx_word' id='word_1_262' title='bbox 858 3599 1288 3664; x_wconf 87' lang='lat' dir='ltr'>muliebribus.</span> <span class='ocrx_word' id='word_1_263' title='bbox 1378 3599 1601 3680; x_wconf 78' lang='lat' dir='ltr'>Itaque</span> <span class='ocrx_word' id='word_1_264' title='bbox 1666 3599 1878 3662; x_wconf 84' lang='lat' dir='ltr'>vicarii</span> <span class='ocrx_word' id='word_1_265' title='bbox 1942 3620 2068 3661; x_wconf 90' lang='lat' dir='ltr'>non</span> <span class='ocrx_word' id='word_1_266' title='bbox 2129 3597 2457 3661; x_wconf 84' lang='lat' dir='ltr'>habebunt</span> <span class='ocrx_word' id='word_1_267' title='bbox 2510 3621 2715 3662; x_wconf 87' lang='lat' dir='ltr'>escam</span> 
     </span>
     <span class='ocr_line' id='line_1_36' title="bbox 489 3683 2719 3766; baseline -0.001 -18"><span class='ocrx_word' id='word_1_268' title='bbox 489 3709 568 3748; x_wconf 84' lang='lat' dir='ltr'>ex</span> <span class='ocrx_word' id='word_1_269' title='bbox 613 3685 738 3749; x_wconf 86' lang='lat' dir='ltr'>ista</span> <span class='ocrx_word' id='word_1_270' title='bbox 784 3707 986 3749; x_wconf 86' lang='lat' dir='ltr'>nassa.</span> <span class='ocrx_word' id='word_1_271' title='bbox 1075 3686 1190 3749; x_wconf 93' lang='lat' dir='ltr'>Dic</span> <span class='ocrx_word' id='word_1_272' title='bbox 1244 3685 1419 3758; x_wconf 84' lang='lat' dir='ltr'>mihi,</span> <span class='ocrx_word' id='word_1_273' title='bbox 1479 3707 1628 3747; x_wconf 87' lang='lat' dir='ltr'>num</span> <span class='ocrx_word' id='word_1_274' title='bbox 1686 3685 2034 3766; x_wconf 86' lang='lat' dir='ltr'>inquilinus</span> <span class='ocrx_word' id='word_1_275' title='bbox 2079 3685 2363 3748; x_wconf 81' lang='lat' dir='ltr'>exiverit.</span> <span class='ocrx_word' id='word_1_276' title='bbox 2451 3683 2574 3747; x_wconf 92' lang='lat' dir='ltr'>Ubi</span> <span class='ocrx_word' id='word_1_277' title='bbox 2621 3689 2719 3748; x_wconf 89' lang='lat' dir='ltr'>est</span> 
     </span>
     <span class='ocr_line' id='line_1_37' title="bbox 486 3770 2717 3851; baseline -0.001 -17"><span class='ocrx_word' id='word_1_278' title='bbox 486 3771 592 3834; x_wconf 90' lang='lat' dir='ltr'>ille</span> <span class='ocrx_word' id='word_1_279' title='bbox 657 3771 1038 3848; x_wconf 83' lang='lat' dir='ltr'>aedificator,</span> <span class='ocrx_word' id='word_1_280' title='bbox 1107 3772 1218 3851; x_wconf 88' lang='lat' dir='ltr'>qui</span> <span class='ocrx_word' id='word_1_281' title='bbox 1287 3771 1538 3834; x_wconf 89' lang='lat' dir='ltr'>volebat</span> <span class='ocrx_word' id='word_1_282' title='bbox 1614 3770 1942 3834; x_wconf 83' lang='lat' dir='ltr'>aedifica-re</span> <span class='ocrx_word' id='word_1_283' title='bbox 2010 3775 2073 3833; x_wconf 88' lang='lat' dir='ltr'>et</span> <span class='ocrx_word' id='word_1_284' title='bbox 2136 3771 2335 3849; x_wconf 81' lang='lat' dir='ltr'>gratis</span> <span class='ocrx_word' id='word_1_285' title='bbox 2399 3770 2717 3833; x_wconf 79' lang='lat' dir='ltr'>incolere?</span> 
     </span>
     <span class='ocr_line' id='line_1_38' title="bbox 488 3854 2717 3938; baseline 0 -19"><span class='ocrx_word' id='word_1_286' title='bbox 488 3856 646 3919; x_wconf 91' lang='lat' dir='ltr'>Eum</span> <span class='ocrx_word' id='word_1_287' title='bbox 720 3857 926 3938; x_wconf 90' lang='lat' dir='ltr'>ipsum</span> <span class='ocrx_word' id='word_1_288' title='bbox 1000 3855 1196 3921; x_wconf 83' lang='lat' dir='ltr'>volo.⁸</span> <span class='ocrx_word' id='word_1_289' title='bbox 1294 3857 1582 3920; x_wconf 86' lang='lat' dir='ltr'>Nummis</span> <span class='ocrx_word' id='word_1_290' title='bbox 1657 3877 1863 3918; x_wconf 85' lang='lat' dir='ltr'>carere</span> <span class='ocrx_word' id='word_1_291' title='bbox 1935 3876 2208 3936; x_wconf 90' lang='lat' dir='ltr'>possum.</span> <span class='ocrx_word' id='word_1_292' title='bbox 2307 3854 2717 3920; x_wconf 83' lang='lat' dir='ltr'>Lotianorum</span> 
     </span>
     <span class='ocr_line' id='line_1_39' title="bbox 488 3940 2718 4025; baseline 0 -20"><span class='ocrx_word' id='word_1_293' title='bbox 488 3942 876 4025; x_wconf 85' lang='lat' dir='ltr'>triumphum</span> <span class='ocrx_word' id='word_1_294' title='bbox 920 3963 1123 4023; x_wconf 87' lang='lat' dir='ltr'>neque</span> <span class='ocrx_word' id='word_1_295' title='bbox 1168 3943 1311 4007; x_wconf 83' lang='lat' dir='ltr'>volo</span> <span class='ocrx_word' id='word_1_296' title='bbox 1357 3963 1562 4024; x_wconf 86' lang='lat' dir='ltr'>neque</span> <span class='ocrx_word' id='word_1_297' title='bbox 1607 3962 1859 4022; x_wconf 89' lang='lat' dir='ltr'>possum</span> <span class='ocrx_word' id='word_1_298' title='bbox 1904 3940 2057 4024; x_wconf 86' lang='lat' dir='ltr'>pati.</span> <span class='ocrx_word' id='word_1_299' title='bbox 2147 3940 2374 4003; x_wconf 78' lang='lat' dir='ltr'>Vincat</span> <span class='ocrx_word' id='word_1_300' title='bbox 2416 3940 2718 4006; x_wconf 83' lang='lat' dir='ltr'>honestas</span> 
     </span>
    </p>
   </div>
   <div class='ocr_carea' id='block_1_9' title="bbox 486 4056 891 4065">
    <p class='ocr_par' dir='ltr' id='par_1_9' title="bbox 486 4056 891 4065">
     <span class='ocr_line' id='line_1_40' title="bbox 486 4056 891 4065; baseline 0 0"><span class='ocrx_word' id='word_1_301' title='bbox 486 4056 891 4065; x_wconf 95' lang='lat' dir='ltr'> </span> 
     </span>
    </p>
   </div>
   <div class='ocr_carea' id='block_1_10' title="bbox 481 4091 2720 4503">
    <p class='ocr_par' dir='ltr' id='par_1_10' title="bbox 481 4091 2720 4503">
     <span class='ocr_line' id='line_1_41' title="bbox 623 4091 2716 4160; baseline -0.001 -14"><span class='ocrx_word' id='word_1_302' title='bbox 623 4096 640 4126; x_wconf 84' lang='lat'><strong>¹</strong></span> <span class='ocrx_word' id='word_1_303' title='bbox 676 4093 725 4148; x_wconf 87' lang='lat' dir='ltr'>S.</span> <span class='ocrx_word' id='word_1_304' title='bbox 764 4094 860 4146; x_wconf 79' lang='grc'>277</span> <span class='ocrx_word' id='word_1_305' title='bbox 897 4097 967 4146; x_wconf 86' lang='grc' dir='ltr'>Α.</span> <span class='ocrx_word' id='word_1_306' title='bbox 997 4093 1046 4146; x_wconf 91' lang='lat'>8.</span> <span class='ocrx_word' id='word_1_307' title='bbox 1153 4095 1172 4125; x_wconf 76' lang='lat'>²</span> <span class='ocrx_word' id='word_1_308' title='bbox 1191 4093 1454 4146; x_wconf 86' lang='lat' dir='ltr'>Hiernach</span> <span class='ocrx_word' id='word_1_309' title='bbox 1492 4093 1689 4144; x_wconf 84' lang='lat' dir='ltr'>haftete</span> <span class='ocrx_word' id='word_1_310' title='bbox 1725 4107 1790 4144; x_wconf 84' lang='lat' dir='ltr'>an</span> <span class='ocrx_word' id='word_1_311' title='bbox 1826 4093 1943 4144; x_wconf 86' lang='lat' dir='ltr'>dem</span> <span class='ocrx_word' id='word_1_312' title='bbox 1980 4091 2159 4144; x_wconf 83' lang='lat' dir='ltr'>Hause</span> <span class='ocrx_word' id='word_1_313' title='bbox 2202 4091 2286 4144; x_wconf 86' lang='lat' dir='ltr'>die</span> <span class='ocrx_word' id='word_1_314' title='bbox 2320 4091 2716 4160; x_wconf 84' lang='lat' dir='ltr'>Verpflichtung</span> 
     </span>
     <span class='ocr_line' id='line_1_42' title="bbox 485 4160 2718 4228; baseline -0.001 -14"><span class='ocrx_word' id='word_1_315' title='bbox 485 4179 554 4215; x_wconf 87' lang='lat' dir='ltr'>zu</span> <span class='ocrx_word' id='word_1_316' title='bbox 588 4161 912 4216; x_wconf 80' lang='lat' dir='ltr'>Seolmessen</span> <span class='ocrx_word' id='word_1_317' title='bbox 945 4165 1030 4214; x_wconf 80' lang='lat' dir='ltr'>fiir</span> <span class='ocrx_word' id='word_1_318' title='bbox 1066 4162 1150 4215; x_wconf 86' lang='lat' dir='ltr'>die</span> <span class='ocrx_word' id='word_1_319' title='bbox 1185 4162 1372 4214; x_wconf 87' lang='lat' dir='ltr'>beiden</span> <span class='ocrx_word' id='word_1_320' title='bbox 1417 4160 1805 4213; x_wconf 85' lang='lat' dir='ltr'>Mutianischen</span> <span class='ocrx_word' id='word_1_321' title='bbox 1849 4160 2065 4228; x_wconf 77' lang='lat' dir='ltr'>Briider,</span> <span class='ocrx_word' id='word_1_322' title='bbox 2112 4161 2246 4212; x_wconf 88' lang='lat' dir='ltr'>doch</span> <span class='ocrx_word' id='word_1_323' title='bbox 2281 4161 2497 4212; x_wconf 83' lang='lat' dir='ltr'>wurden</span> <span class='ocrx_word' id='word_1_324' title='bbox 2532 4161 2609 4214; x_wconf 89' lang='lat' dir='ltr'>sie</span> <span class='ocrx_word' id='word_1_325' title='bbox 2642 4160 2718 4212; x_wconf 88' lang='lat' dir='ltr'>im</span> 
     </span>
     <span class='ocr_line' id='line_1_43' title="bbox 485 4227 2717 4285; baseline -0 -3"><span class='ocrx_word' id='word_1_326' title='bbox 485 4231 770 4284; x_wconf 79' lang='lat' dir='ltr'>Kontrakte</span> <span class='ocrx_word' id='word_1_327' title='bbox 808 4233 938 4285; x_wconf 86' lang='lat'>1515</span> <span class='ocrx_word' id='word_1_328' title='bbox 975 4247 1074 4282; x_wconf 85' lang='lat' dir='ltr'>nur</span> <span class='ocrx_word' id='word_1_329' title='bbox 1111 4232 1230 4282; x_wconf 87' lang='lat' dir='ltr'>dem</span> <span class='ocrx_word' id='word_1_330' title='bbox 1268 4247 1352 4282; x_wconf 82' lang='lat' dir='ltr'>am</span> <span class='ocrx_word' id='word_1_331' title='bbox 1388 4230 1579 4282; x_wconf 85' lang='lat' dir='ltr'>Mainz.</span> <span class='ocrx_word' id='word_1_332' title='bbox 1618 4228 1749 4282; x_wconf 83' lang='lat' dir='ltr'>Hofe</span> <span class='ocrx_word' id='word_1_333' title='bbox 1786 4229 2151 4280; x_wconf 75' lang='lat' dir='ltr'>verstorbenen</span> <span class='ocrx_word' id='word_1_334' title='bbox 2178 4229 2384 4282; x_wconf 86' lang='lat' dir='ltr'>Johann</span> <span class='ocrx_word' id='word_1_335' title='bbox 2418 4227 2535 4281; x_wconf 65' lang='lat' dir='ltr'>Mur</span> <span class='ocrx_word' id='word_1_336' title='bbox 2568 4245 2717 4282; x_wconf 86' lang='lat' dir='ltr'>zuer-</span> 
     </span>
     <span class='ocr_line' id='line_1_44' title="bbox 483 4295 2717 4352; baseline 0 -2"><span class='ocrx_word' id='word_1_337' title='bbox 483 4300 657 4352; x_wconf 85' lang='lat' dir='ltr'>kannt.</span> <span class='ocrx_word' id='word_1_338' title='bbox 696 4299 744 4352; x_wconf 88' lang='lat' dir='ltr'>S.</span> <span class='ocrx_word' id='word_1_339' title='bbox 790 4299 884 4351; x_wconf 85' lang='grc'>277</span> <span class='ocrx_word' id='word_1_340' title='bbox 923 4303 985 4351; x_wconf 80' lang='grc' dir='ltr'>Α.</span> <span class='ocrx_word' id='word_1_341' title='bbox 1025 4301 1072 4352; x_wconf 87' lang='lat'>3.</span> <span class='ocrx_word' id='word_1_342' title='bbox 1163 4301 1183 4330; x_wconf 79' lang='lat'>³</span> <span class='ocrx_word' id='word_1_343' title='bbox 1218 4301 1266 4351; x_wconf 85' lang='lat' dir='ltr'>S.</span> <span class='ocrx_word' id='word_1_344' title='bbox 1306 4300 1405 4352; x_wconf 82' lang='lat'>206</span> <span class='ocrx_word' id='word_1_345' title='bbox 1443 4301 1503 4350; x_wconf 93' lang='lat' dir='ltr'>A.</span> <span class='ocrx_word' id='word_1_346' title='bbox 1541 4299 1589 4351; x_wconf 83' lang='lat'>2.</span> <span class='ocrx_word' id='word_1_347' title='bbox 1688 4299 1707 4330; x_wconf 74' lang='lat'><strong>⁴</strong></span> <span class='ocrx_word' id='word_1_348' title='bbox 1742 4295 1989 4350; x_wconf 89' lang='lat' dir='ltr'>Osmund.</span> <span class='ocrx_word' id='word_1_349' title='bbox 2028 4298 2078 4351; x_wconf 88' lang='lat' dir='ltr'>S.</span> <span class='ocrx_word' id='word_1_350' title='bbox 2116 4297 2215 4349; x_wconf 86' lang='grc'>279</span> <span class='ocrx_word' id='word_1_351' title='bbox 2249 4301 2310 4351; x_wconf 88' lang='lat' dir='ltr'>A.</span> <span class='ocrx_word' id='word_1_352' title='bbox 2348 4297 2394 4348; x_wconf 81' lang='lat'>2.</span> <span class='ocrx_word' id='word_1_353' title='bbox 2489 4299 2511 4330; x_wconf 76' lang='lat'>⁵</span> <span class='ocrx_word' id='word_1_354' title='bbox 2546 4296 2596 4350; x_wconf 89' lang='lat' dir='ltr'>S.</span> <span class='ocrx_word' id='word_1_355' title='bbox 2618 4298 2717 4350; x_wconf 89' lang='grc'>277</span> 
     </span>
     <span class='ocr_line' id='line_1_45' title="bbox 485 4363 2720 4436; baseline 0 -18"><span class='ocrx_word' id='word_1_356' title='bbox 485 4371 545 4420; x_wconf 88' lang='lat' dir='ltr'>A.</span> <span class='ocrx_word' id='word_1_357' title='bbox 584 4369 630 4420; x_wconf 87' lang='lat'>3.</span> <span class='ocrx_word' id='word_1_358' title='bbox 737 4369 758 4399; x_wconf 83' lang='lat'><strong>⁶</strong></span> <span class='ocrx_word' id='word_1_359' title='bbox 794 4367 897 4422; x_wconf 80' lang='lat' dir='ltr'>Cic.</span> <span class='ocrx_word' id='word_1_360' title='bbox 935 4367 1140 4420; x_wconf 80' lang='lat' dir='ltr'>Tuscul.</span> <span class='ocrx_word' id='word_1_361' title='bbox 1177 4367 1218 4432; x_wconf 82' lang='grc' dir='ltr'>Ι,</span> <span class='ocrx_word' id='word_1_362' title='bbox 1261 4369 1338 4433; x_wconf 80' lang='lat'>15,</span> <span class='ocrx_word' id='word_1_363' title='bbox 1376 4367 1457 4420; x_wconf 87' lang='lat'>34.</span> <span class='ocrx_word' id='word_1_364' title='bbox 1567 4367 1585 4398; x_wconf 79' lang='lat'>⁷</span> <span class='ocrx_word' id='word_1_365' title='bbox 1620 4363 2042 4432; x_wconf 74' lang='lat' dir='ltr'>Sprichwortlich</span> <span class='ocrx_word' id='word_1_366' title='bbox 2080 4382 2184 4418; x_wconf 85' lang='lat' dir='ltr'>von</span> <span class='ocrx_word' id='word_1_367' title='bbox 2222 4365 2364 4420; x_wconf 83' lang='lat' dir='ltr'>einer</span> <span class='ocrx_word' id='word_1_368' title='bbox 2396 4381 2526 4436; x_wconf 71' lang='lat' dir='ltr'>ganz</span> <span class='ocrx_word' id='word_1_369' title='bbox 2564 4369 2720 4420; x_wconf 73' lang='lat' dir='ltr'>weit-</span> 
     </span>
     <span class='ocr_line' id='line_1_46' title="bbox 481 4432 2199 4503; baseline 0 -14"><span class='ocrx_word' id='word_1_370' title='bbox 481 4435 628 4489; x_wconf 86' lang='lat' dir='ltr'>losen</span> <span class='ocrx_word' id='word_1_371' title='bbox 663 4435 844 4489; x_wconf 81' lang='lat' dir='ltr'>Sache.</span> <span class='ocrx_word' id='word_1_372' title='bbox 986 4437 1006 4467; x_wconf 79' lang='lat'>⁸</span> <span class='ocrx_word' id='word_1_373' title='bbox 1041 4435 1206 4503; x_wconf 87' lang='lat' dir='ltr'>Georg</span> <span class='ocrx_word' id='word_1_374' title='bbox 1243 4434 1477 4490; x_wconf 82' lang='lat' dir='ltr'>Osmund</span> <span class='ocrx_word' id='word_1_375' title='bbox 1509 4433 1789 4490; x_wconf 69' lang='lat' dir='ltr'>Bullensis,</span> <span class='ocrx_word' id='word_1_376' title='bbox 1829 4432 1878 4489; x_wconf 90' lang='lat' dir='ltr'>S.</span> <span class='ocrx_word' id='word_1_377' title='bbox 1917 4433 2017 4488; x_wconf 86' lang='grc'>279</span> <span class='ocrx_word' id='word_1_378' title='bbox 2052 4437 2115 4492; x_wconf 87' lang='lat' dir='ltr'>A.</span> <span class='ocrx_word' id='word_1_379' title='bbox 2152 4433 2199 4489; x_wconf 81' lang='lat'>2.</span> 
     </span>
    </p>
   </div>
  </div>
 </body>
</html>
