3084 4895
1181 414 1366 485 Eobau
1402 448 1471 487 au
1509 421 1740 489 Mutian.
2466 419 2594 499 593

319 628 446 687 que
507 606 968 688 cognovissem,
1029 603 1488 669 abstinuissem
1555 604 1804 669 medius
1870 603 2062 667 fidius
2130 602 2595 668 consuetudine

316 697 452 755 tua.
545 690 672 755 Sed
739 712 882 754 cum
941 695 1007 753 te
1069 689 1323 753 inanem
1393 690 1889 754 versificatorem
1956 711 2094 753 esse
2162 688 2591 765 credidissem,

315 776 540 857 quales
604 777 758 841 boni
829 776 1128 839 dicuntur
1195 780 1442 857 poetae,
1510 774 1697 839 facile
1762 773 2145 852 adducebar,
2212 778 2305 852 ut,
2374 775 2429 837 si
2492 795 2593 837 res

317 861 710 944 postulasset
775 865 843 923 et
909 881 1113 923 meam
1186 881 1443 941 operam
1518 860 1982 943 requisivisses,
2060 880 2387 956 nunquam
2470 860 2593 923 tibi

317 948 622 1009 deessem.
715 946 926 1027 Atque
969 951 1040 1009 tu
1089 945 1246 1009 haec
1309 945 1643 1009 mendacia
1711 945 1888 1022 dieis,
1952 945 2111 1025 ipsis
2180 939 2594 1007 Cretensibus

315 1031 729 1095 mendacior.¹
822 1031 1052 1094 Mirum
1099 1034 1406 1113 quantam
1465 1030 1808 1094 stultitiam
1874 1030 2137 1105 scribaS,
2197 1030 2368 1111 quod
2414 1034 2479 1092 te
2522 1031 2591 1093 iu

317 1138 390 1180 os
435 1116 736 1198 percussi,
783 1120 1008 1196 utpote
1053 1116 1164 1197 qui
1210 1121 1276 1178 te
1323 1115 1761 1183 vindicaturus
1804 1116 1926 1181 sis:
1986 1119 2059 1178 ut
2104 1114 2321 1177 malim
2382 1115 2593 1178 victus

319 1202 642 1285 quiescere
711 1222 902 1282 quam
974 1202 1174 1265 victor
1242 1200 1518 1281 gloriari,
1577 1206 1640 1264 et
1695 1200 1773 1281 (si
1821 1201 1944 1263 diis
2008 1198 2241 1282 placet)
2310 1200 2595 1264 facturus

319 1292 394 1351 ut
454 1307 639 1350 nemo
700 1286 1100 1351 literatorum
1146 1307 1246 1349 me
1289 1286 1455 1349 inter
1520 1286 1724 1350 bonos
1791 1284 2025 1349 referat
2092 1289 2371 1366 votaque
2440 1306 2594 1348 con-

322 1372 577 1436 cludere
647 1393 862 1452 queaS.
955 1370 1080 1434 Sed
1151 1371 1294 1433 vide
1360 1392 1619 1453 quaes0,
1690 1370 1856 1435 bone
1918 1372 2012 1433 vir
2056 1372 2157 1452 (ut
2200 1372 2290 1432 rei
2334 1392 2594 1434 causam

321 1458 608 1535 habeas),
676 1479 841 1539 quae
895 1456 982 1519 sit
1035 1456 1351 1537 sapientia
1415 1456 1827 1519 recubantem
1876 1456 1941 1518 in
1988 1455 2253 1519 aedibus
2326 1456 2597 1537 propriis

322 1542 804 1624 Aperbacchum
867 1541 1186 1623 semelque
1245 1540 1360 1603 abs
1403 1546 1470 1604 te
1527 1542 1806 1623 graviter
1875 1562 2069 1604 manu
2133 1562 2387 1604 caesum
2448 1562 2596 1623 pro—

322 1628 672 1701 hibentem,
735 1650 814 1689 ne
875 1648 1094 1690 rursus
1153 1626 1464 1703 caederes,
1526 1627 1698 1708 quod
1751 1648 1921 1689 esses
1965 1629 2104 1689 tum
2154 1626 2592 1708 vapulaturuS,

326 1713 528 1777 multo
594 1734 788 1793 quam
852 1713 1029 1794 prius
1097 1713 1524 1792 importunius
1593 1711 1941 1775 verberare.
2033 1710 2255 1774 Testes
2323 1710 2592 1793 appe110,

326 1800 438 1879 qui
500 1799 812 1862 viderunt.
904 1797 1084 1879 Roga
1147 1800 1629 1861 conterraneum
1694 1800 1871 1859 tuum
1920 1797 2018 1859 tui
2066 1796 2334 1861 multum
2406 1797 2596 1860 dissi-

327 1884 558 1947 milem.
677 1882 750 1946 Si
824 1883 1194 1946 ebrietatem
1272 1883 1575 1960 causaris,
1662 1882 2021 1945 memineris
2094 1881 2253 1945 illud
2330 1881 2593 1945 Pittaci:

328 1968 526 2046 ,Ebrii
598 1968 835 2050 duplici
897 1968 1000 2031 via
1056 1968 1400 2050 puniendi}
1493 1966 1564 2031 Si
1611 1988 1739 2031 non
1784 1968 1918 2048 ipse
1981 1965 2178 2044 vides,
2250 1988 2438 2048 quam
2511 1968 2598 2030 sis

328 2053 682 2135 pulchellus
729 2054 1065 2117 simulator
1110 2056 1174 2115 et
1220 2052 1671 2129 dissimulator,
1720 2073 1882 2133 quae
1941 2051 2066 2116 duo
2124 2017 2281 2116 vitia
2336 2053 2597 2115 menda-

329 2140 582 2202 cissime
629 2138 814 2202 nobis
858 2138 1102 2220 objicis.
1195 2137 1502 2214 Quocirca
1549 2138 1741 2201 abeas
1786 2158 1926 2201 cum
1974 2138 2104 2201 tuis
2136 2138 2279 2201 istis
2312 2138 2601 2202 minutiis

330 2224 392 2286 in
443 2224 781 2305 pessimam
831 2225 1056 2287 malam
1106 2245 1355 2287 crucem
1389 2228 1452 2286 et
1483 2224 1674 2287 minis
1706 2228 1888 2300 terre,
1937 2244 2098 2304 quos
2145 2228 2358 2305 potes3
2405 2223 2599 2305 Aper-

328 2310 609 2373 bacchus
659 2309 814 2373 talia
861 2331 986 2373 non
1037 2314 1233 2372 curat.
1328 2308 1478 2373 Sive
1533 2329 1763 2390 corpus
1824 2312 2111 2371 nostrum
2169 2309 2301 2371 sive
2366 2308 2595 2372 famam

334 2396 668 2460 incesseris
713 2399 1080 2476 (utrumque
1135 2395 1302 2458 enim
1360 2393 1518 2458 velle
1578 2395 1858 2470 videris),
1912 2392 2181 2458 efficiam
2231 2398 2303 2458 ut
2348 2394 2599 2458 ducaris

333 2481 750 2563 poenitentia.
843 2480 1222 2558 Mutianum,
1263 2479 1723 2556 Herebordum,
1772 2479 2054 2554 Crotum,
2117 2479 2401 2543 homines
2446 2501 2598 2543 exa-

332 2567 592 2630 mussim
641 2566 993 2647 optimOS.⁸
1051 2587 1178 2629 non
1225 2569 1325 2628 est
1384 2566 1553 2647 quod
1610 2565 1768 2628 mihi
1834 2585 2173 2647 proponaS,
2242 2585 2403 2645 quos
2469 2566 2599 2629 scio

331 2673 540 2732 nugas
583 2655 730 2714 tuas
775 2671 1010 2731 susque
1059 2651 1261 2732 deque
1305 2651 1567 2729 laturos,
1614 2673 1815 2733 aeque
1846 2673 1921 2714 ac
1952 2671 2105 2714 nos
2089 2651 2597 2714 contemnimus

336 2736 628 2801 Ceterum
677 2737 933 2817 quando
965 2737 1052 2800 ita
1089 2735 1205 2812 viS,
1237 2736 1506 2818 posthac
1550 2737 1669 2799 tibi
1716 2737 1866 2798 mali
1912 2736 2079 2818 quod
2116 2740 2337 2816 potero
2370 2736 2597 2799 faciam

338 2815 691 2902 meritoque
735 2823 799 2884 id
850 2820 1074 2884 faciam
1123 2827 1254 2884 tuo,
1346 2821 1443 2883 Ex
1489 2821 1805 2885 Laterano
1838 2825 2067 2903 quarto
2098 2820 2365 2884 Kalend.
2415 2821 2599 2884 Mart.

336 2907 521 2970 Anno
568 2907 649 2970 M.
699 2907 771 2969 D.
820 2905 1045 2969 nonof‘

543 2991 749 3068 Quum
797 2992 877 3054 ad
922 2992 1088 3056 hanc
1148 2991 1479 3076 epistolam
1527 3012 1667 3056 meo
1706 2990 1946 3072 judicio
2011 2991 2293 3072 graviter
2344 2991 2598 3072 quidem

332 3077 444 3139 sed
495 3077 756 3158 pacifice
800 3077 1284 3158 rescripsissem,
1330 3078 1497 3141 hanc
1539 3077 1818 3141 remisit:

513 3213 777 3294 „Petrus
821 3212 1271 3296 Aperbacchus
1316 3214 1579 3278 Eobano
1628 3213 1847 3288 Hesso,
1895 3212 2085 3275 militi
2130 3211 2424 3292 gloriosa

542 3314 820 3393 Eobane,
882 3320 954 3378 ut
1009 3315 1211 3394 vide0,
1275 3337 1348 3378 eo
1395 3315 1704 3397 processit
1747 3314 2004 3377 insania
2046 3318 2179 3387 tua,
2227 3317 2301 3376 ut
2346 3313 2603 3394 contegi

340 3399 614 3480 amplius
649 3400 826 3464 nolit.
919 3401 990 3463 In
1037 3403 1251 3464 animo
1298 3400 1612 3464 habebam
1660 3399 1899 3482 primae
1944 3398 2145 3462 solum
2195 3402 2343 3461 tuae
2390 3399 2599 3462 crimi-

337 3486 588 3548 nationi
635 3485 1014 3567 respondere
1057 3507 1263 3567 neque
1309 3486 1608 3567 deinceps
1642 3485 1901 3548 verbum
1935 3485 2241 3547 emittere.
2334 3483 2599 3558 Quando

337 3575 551 3634 autem
584 3571 714 3633 otio
748 3576 967 3634 nostro
1001 3575 1334 3652 tantopere
1366 3571 1614 3634 invides
1647 3577 1728 3644 et,
1764 3591 1923 3652 quas
1964 3569 2151 3632 bonis
2195 3568 2395 3631 literis
2443 3568 2602 3630 bene

337 3656 496 3719 alias
527 3656 876 3720 locaremus
913 3657 1112 3720 bonas
1146 3657 1352 3735 horaS,
1386 3657 1643 3738 ineptiis
1672 3658 1802 3719 tuis
1836 3654 2119 3735 legendis
2150 3653 2314 3716 male
2344 3654 2602 3734 perdere

337 3741 534 3822 cogiS,
580 3743 834 3805 tametsi
898 3742 1303 3804 Aristarchus
1350 3762 1476 3805 non
1523 3743 1663 3818 sim,
1725 3741 2043 3803 excutiam
2106 3744 2319 3802 tamen
2382 3760 2601 3802 omnes

337 3827 588 3906 vigilias
633 3831 801 3905 tuas,
849 3833 922 3890 ut
966 3829 1045 3890 ad
1092 3828 1392 3890 amussim
1443 3828 1705 3889 referam
1770 3825 2132 3902 literariam,
2197 3824 2489 3904 daboque
2534 3825 2597 3887 in

337 3911 660 3992 publicum
713 3913 1008 3988 visendos
1041 3933 1280 3976 errores
1316 3919 1480 3989 tuos,
1515 3913 1749 3992 quibus
1780 3932 1907 3973 non
1942 3910 2146 3972 solum
2178 3910 2243 3972 in
2280 3909 2600 3972 latinitate

339 3997 448 4059 sed
484 4001 548 4059 et
579 3997 1032 4080 orthographia
1065 4003 1129 4060 et
1159 4020 1364 4060 rerum
1401 3997 1767 4078 ignorantia
1816 3996 2176 4058 foedissime
2221 3994 2439 4076 lapsus
2485 3993 2600 4056 es‚²

475 4163 501 4190 α
529 4163 558 4200 o
596 4150 632 4202 t.

582 4217 650 4284 gL
687 4215 737 4269 S.
781 4216 876 4268 137
915 4219 978 4270 A.
1018 4217 1064 4268 3.
1158 4217 1176 4247 2
1211 4215 1419 4268 Eobans
1453 4215 1943 4283 Jugeiidutiodukte
1983 4213 2237 4264 Godichte
2263 4213 2327 4264 de
2352 4227 2599 4279 puguau.

337 4284 403 4336 do
439 4299 653 4336 recessu
688 4285 993 4336 studentum
1030 4284 1312 4351 Erphurd,
1348 4284 1414 4336 de
1449 4283 1607 4336 laude
1644 4287 1741 4337 otc.
1781 4281 2043 4350 gymnasii
2080 4280 2269 4333 lite1mat
2322 4281 2460 4347 apud
2505 4279 2600 4332 Er-

374 4352 630 4420 hordiam,
667 4354 734 4405 de
769 4353 1062 4405 amantium
1099 4351 1440 4405 infoelicitatc
1476 4353 1585 4404 und
1623 4351 1877 4404 Gedichte
1915 4367 1979 4403 an
2018 4350 2102 4401 die
2138 4349 2357 4401 Familia
2384 4364 2487 4400 von
2511 4350 2604 4400 der

367 4420 579 4473 Iarthen
641 4421 876 4488 (letztere
929 4422 1078 4473 nicht
1134 4421 1545 4488 xeroffentlicht)
1603 4419 1839 4474 1506-8
1895 4419 2073 4486 zeigen
2131 4417 2411 4484 allerdings
2464 4417 2601 4468 noch

395 4509 663 4548 zensohrift
693 4510 748 4550 N.
777 4510 828 4548 F.
857 4509 1124 4558 Supp1.1x.
2110 4487 2193 4550 38
