3084 4895
536 378 664 479 370
881 369 890 378 ’
1371 381 1545 466 Briefe
1582 382 1673 466 <ies
1710 411 1757 467 J.
1800 411 1947 469 1513.

536 592 727 669 teque
794 605 996 648 morer
1059 605 1248 667 quam
1313 605 1427 668 par
1487 583 1573 648 sit
1618 584 1878 662 diutius,
1945 585 2339 649 cunctationi
2386 584 2552 664 huic,
2624 587 2807 668 quod

539 671 800 756 sepositi
849 671 1057 752 operis
1102 692 1341 734 moram
1413 675 1817 753 expurgaret,
1886 671 2124 753 subjeci
2190 675 2542 735 auctarium
2614 675 2809 754 quasi

538 759 699 824 sorti
743 758 864 822 tibi
909 756 1162 820 debitae
1206 755 1607 820 fenusculum
1659 777 1785 820 non
1832 757 2123 821 illiberali
2180 778 2391 821 manu.
2482 757 2809 822 Probabis

541 846 671 910 scio
717 843 906 906 fidem
951 847 1015 907 et
1061 842 1476 924 diligentiam.
1569 839 1907 907 Caelatura
1967 843 2148 925 clipei
2206 865 2503 925 expressa
2564 843 2666 907 fac
2728 849 2811 907 ut

541 929 738 995 Solon
785 929 890 993 ille
935 928 1416 992 Atheniensium
1463 928 1628 992 lator
1674 929 1882 1012 legum
1923 928 2391 993 illustrissimus
2424 933 2489 992 et
2520 928 2809 994 Romani

534 1017 697 1099 juris
742 1017 963 1082 auctor
1007 1021 1073 1078 et
1115 1035 1343 1096 parens
1387 1014 1469 1078 ab
1515 1015 1759 1096 origine
1802 1015 2061 1098 primuS,
2110 1015 2280 1096 quod
2327 1015 2572 1080 indicat
2606 1015 2809 1080 Pom—

542 1103 774 1187 ponius
828 1099 1321 1183 jurisconsultus
1377 1105 1440 1164 et
1502 1101 1791 1184 princeps
1846 1101 2255 1165 historiarum
2320 1100 2505 1164 Titus
2574 1101 2810 1166 Livius

540 1194 604 1252 et
673 1192 765 1262 tu,
833 1191 1054 1270 utpote
1123 1187 1364 1270 peritus
1430 1187 1861 1268 antiquitatis,
1930 1209 2055 1250 non
2127 1189 2399 1268 ignoras.
2492 1187 2652 1250 Nam
2728 1195 2811 1252 ut

539 1272 973 1339 ecclesiastica
1016 1278 1210 1350 secta,
1258 1272 1361 1336 cui
1405 1294 1522 1337 nos
1568 1293 1787 1336 omnes
1833 1273 2071 1338 addicti
2118 1295 2356 1351 sumne,
2406 1278 2807 1356 propagatur

545 1382 624 1424 ex
670 1363 871 1424 matre
917 1379 1263 1440 synagoga,
1309 1358 1403 1421 ita
1447 1359 1631 1422 civile
1656 1358 1761 1440 jus
1794 1363 1857 1424 et
1888 1360 2169 1424 urbanae
2198 1360 2369 1440 leges
2402 1361 2807 1442 peregrinam

544 1445 789 1510 habent
833 1444 1106 1508 radicem
1155 1444 1423 1509 Athenis
1468 1444 1621 1508 olim
1670 1445 1925 1509 Solonis
1957 1446 2274 1527 sapientia
2304 1445 2804 1510 corroboratam.

541 1531 740 1596 Solon
786 1532 1068 1612 inquam,
1117 1531 1371 1594 divinus
1418 1531 1523 1594 ille
1571 1531 1663 1594 vir
1710 1536 1775 1594 et
1819 1553 1932 1594 rex
1976 1531 2172 1595 studii
2206 1533 2405 1595 nostri
2438 1532 2803 1614 primariae,

537 1640 655 1682 sua
723 1617 1054 1699 majestate
1127 1617 1345 1698 cingat
1413 1616 1689 1681 militare
1751 1619 1961 1700 gentis
2026 1622 2178 1681 tuae
2253 1617 2659 1686 simulacrum
2738 1623 2808 1682 et

540 1707 814 1785 augusta
882 1724 1036 1767 voce
1103 1710 1376 1784 quatuor
1442 1702 1752 1768 lateribus
1818 1705 2071 1808 aspiret.
2177 1701 2428 1768 Titulus
2493 1705 2559 1767 in
2624 1705 2804 1768 hunc

543 1789 796 1854 modum
851 1794 1287 1854 summotenus
1331 1793 1569 1853 exstet:
1620 1777 1882 1866 Νόμοις
1939 1784 2205 1864 πείθου,
2273 1811 2482 1853 verum
2544 1789 2636 1853 sic
2696 1791 2805 1854 in·-

541 1875 747 1940 ferne:
789 1862 1144 1972 Ἀλήθειαν
1174 1862 1422 1954 ανέχου,
1470 1897 1507 1938 a
1552 1875 1813 1938 sinistro
1844 1875 2068 1939 latere:
2124 1872 2358 1948 Φίλοις
2399 1865 2667 1960 βοήθει,
2718 1877 2804 1940 ad

541 1963 858 2026 dextram.
885 1947 1150 2044 Ἀρετήν
1194 1955 1467 2024 ἐπαίνει.
1559 1959 1805 2036 Quibus
1850 1961 2048 2025 lector
2106 1962 2445 2025 sententiis
2502 1967 2806 2026 monetur

545 2069 762 2130 parere
803 2046 1072 2129 legibue,
1122 2047 1452 2111 veritatem
1511 2047 1879 2110 sust-inere*
1922 2052 1990 2111 et
2033 2048 2354 2126 extollere,
2417 2048 2639 2112 amicis
2692 2049 2800 2112 in-

543 2134 779 2198 servire
809 2139 874 2197 et
908 2132 1066 2197 ferre
1099 2153 1302 2215 opem,
1335 2154 1472 2196 esse
1517 2132 1792 2215 denique
1837 2134 2094 2198 virtutis
2124 2099 2417 2198 laudatior
2448 2138 2514 2197 et
2544 2156 2799 2217 praeco.

540 2219 822 2286 Primum
867 2223 965 2284 est
1001 2219 1309 2301 justitiae,
1344 2217 1525 2301 cujus
1557 2218 1756 2283 veluti
1788 2219 1940 2284 deae
1972 2221 2304 2284 summatis
2334 2220 2802 2300 religiosissimi

539 2306 899 2372 sacerdotes
929 2327 1185 2386 sumus;
1229 2304 1574 2370 secundum
1604 2305 2009 2370 sanctissimi
2056 2305 2540 2389 gravissimique
2586 2307 2800 2388 philo-

541 2391 746 2476 sophi,
792 2392 904 2475 qui
949 2396 1013 2457 et
1054 2413 1200 2457 osor
1261 2391 1577 2457 mendacii
1637 2395 1700 2457 et
1757 2391 2047 2457 veritatis
2116 2415 2250 2457 esse
2319 2392 2508 2459 debet
2572 2415 2799 2458 aman-

540 2481 863 2561 tissimus3
909 2478 1167 2543 tertium
1221 2478 1455 2543 oratori
1522 2477 1701 2543 vellit
1764 2501 2001 2555 aurem,
2059 2482 2130 2543 ut
2198 2480 2438 2543 homini
2498 2480 2565 2543 in
2625 2480 2800 2545 civili

543 2568 678 2631 vita
707 2587 782 2631 ac
813 2564 1156 2629 forensium
1190 2586 1398 2627 rerum
1446 2570 1597 2629 actu
1642 2586 1887 2647 semper
1932 2569 2263 2647 occupate,
2298 2566 2478 2647 cujus
2508 2566 2797 2631 studium

541 2657 638 2717 est
702 2651 1035 2716 defendere
1100 2672 1268 2724 suos,
1335 2651 1555 2715 amicis
1624 2650 1865 2729 adesse,
1927 2656 2244 2733 praestare
2310 2651 2497 2716 fidem
2553 2652 2795 2729 clienti,

541 2738 918 2803 adversariis
967 2737 1175 2818 legum
1222 2737 1466 2818 laqueis
1496 2736 1804 2815 insidiari,
1852 2745 1915 2801 et
1959 2738 2377 2803 reclamantes
2424 2738 2796 2821 oppugnare

541 2846 670 2889 non
715 2823 918 2889 solum
966 2822 1292 2904 ingeniose
1340 2827 1403 2886 et
1447 2823 1689 2901 callide,
1736 2824 1848 2889 sed
1896 2824 2087 2887 etiam
2134 2824 2466 2903 instanter,
2513 2826 2797 2907 graviter

544 2915 607 2975 et
651 2917 724 2974 ut
768 2909 951 2992 ajunt
1004 2910 1184 2991 equis
1228 2914 1294 2973 et
1336 2910 1552 2989 remis;
1610 2913 1909 2991 quartum
1964 2912 2138 2975 omni
2193 2911 2361 2975 bono
2406 2915 2472 2974 et
2515 2912 2792 2993 sapienti

543 2996 674 3061 viro
743 2996 1054 3078 congruit,
1119 3000 1192 3059 ut
1258 2995 1482 3059 vitium
1554 2996 1794 3069 virtuti,
1869 3000 2145 3061 scortum
2213 2997 2481 3061 honesto
2555 2997 2792 3076 officie,

539 3082 888 3149 modestiae
949 3081 1367 3164 petulantiam
1425 3086 1490 3144 et
1546 3082 1906 3164 superbiam
1968 3082 2234 3147 allectus
2294 3083 2551 3147 'virtutis
2610 3104 2793 3165 prae-

543 3170 728 3233 conio
773 3172 1136 3251 postponat.
1226 3167 1287 3230 Is
1321 3167 1484 3231 enim
1534 3168 1835 3233 virtutem
1880 3169 2126 3251 proprie
2172 3191 2443 3251 veroque
2476 3168 2505 3207 b
2551 3169 2790 3247 laudat,

541 3256 652 3337 qui
699 3277 764 3318 re
811 3255 1011 3336 magis
1071 3276 1256 3335 quam
1320 3254 1511 3317 verbo
1574 3254 1851 3319 celebrat
1906 3260 1969 3317 et
2027 3256 2303 3319 miratur.
2399 3256 2566 3321 Haec
2632 3256 2790 3320 bene

541 3343 930 3405 conveniunt
996 3340 1296 3404 instituto
1363 3346 1426 3401 et
1493 3340 1715 3404 honori
1786 3346 1917 3403 tu0.
2008 3340 2091 3404 Es
2150 3341 2585 3425 jurisperitus:
2658 3344 2789 3407 cole

535 3428 887 3510 justitiam3
934 3448 1000 3489 es
1048 3425 1481 3508 philosophus,
1531 3427 1890 3507 insignibus
1960 3426 2234 3491 donatus
2302 3430 2785 3509 magistrorum:

540 3513 810 3577 adhaere
857 3513 1140 3591 veritati3
1189 3534 1254 3574 es
1285 3516 1496 3575 orator
1527 3517 1885 3593 spectatus:
1937 3512 2202 3577 Mutiani
2236 3513 2783 3596 Tranquillitatem

543 3601 623 3665 ab
671 3600 904 3682 injuria.
951 3599 1302 3662 morionum
1350 3597 1603 3661 vindica
1636 3604 1700 3662 et
1732 3600 2004 3683 quietem
2038 3601 2243 3663 securi
2275 3601 2467 3664 animi
2504 3605 2781 3683 protege.

543 3686 710 3763 Quid
756 3686 911 3749 dicit
952 3689 1167 3749 orator
1213 3682 1569 3749 Caecilius?
1655 3684 1795 3749 Non
1844 3706 2027 3767 posse
2062 3686 2349 3749 Attilium
2386 3684 2781 3755 Crescentem

539 3771 934 3835 familiariter
978 3775 1043 3834 et
1085 3770 1272 3835 unice
1315 3769 1617 3835 dilectum
1663 3794 1729 3836 se
1777 3771 2079 3835 incolumi
2123 3772 2416 3855 injuriam
2454 3772 2781 3855 accipere.¹

541 3858 686 3921 Pari
755 3855 1042 3939 exemplo
1110 3858 1639 3920 calumniatorum
1705 3879 1981 3921 meorum
2041 3858 2443 3923 insolentiam
2512 3860 2783 3925 oratoria

543 3944 1032 4008 comminatione
1100 3947 1180 4019 et,
1240 3944 1292 4006 si
1353 3962 1510 4025 opus
1572 3943 1687 4007 erit
1749 3944 2085 4025 praesidio,
2152 3945 2385 4009 forensi
2440 3946 2784 4010 calliditate

541 4031 900 4112 depressam
949 4051 1221 4092 exarma.
1311 4028 1579 4094 Virtutis
1612 4035 1706 4093 es't
1738 4030 2024 4130 improbo
2060 4032 2468 4096 conviciatori
2500 4033 2784 4097 resistere

539 4121 604 4181 et
647 4117 812 4179 tueri
876 4117 1296 4179 innocentem.
1387 4114 1735 4196 Postquam
1793 4117 2103 4199 imagines
2162 4118 2513 4201 gentilitias
2581 4118 2785 4201 graeci

538 4202 972 4284 legumlatoris
1017 4202 1400 4265 auctoritate
1431 4200 1851 4284 pulcherrima
1881 4204 2329 4286 quadrifariam
2364 4226 2644 4269 exornat
2650 4204 2785 4281 eriS,

676 4402 703 4430 α
731 4388 1038 4441 substinere
1179 4390 1206 4427 b
1237 4387 1321 4450 Se,
1358 4388 1504 4439 nieht
1539 4404 1781 4457 vereque.

681 4458 699 4486 ⁸
732 4456 870 4510 Plin.
909 4455 1209 4524 (Caecilius)
1246 4455 1340 4522 Ep.
1376 4456 1466 4509 VI.
1504 4455 1554 4523 8,
1592 4458 1640 4515 3.
