3084 4895
1192 423 1401 489 Mutian
1437 451 1504 488 an
1539 419 1735 488 Urban.
2452 430 2575 497 323

358 603 766 674 frustratione
827 605 1013 670 nobis
1070 605 1296 670 illudit.
1389 603 1720 687 Utcunque
1764 603 1865 682 sit,
1911 601 2405 667 subministrabo
2449 626 2577 670 non

357 698 666 778 quantum
731 697 1048 756 structura
1101 693 1309 756 forsa-n
1365 692 1593 771 exigit,¹
1639 691 1747 754 sed
1802 709 1912 771 pro
1966 688 2375 753 facultatibus
2426 689 2577 754 sub-

354 782 604 845 sidium.
695 777 868 842 Scire
912 778 1114 860 cupi0‚
1163 779 1311 859 quid
1359 783 1511 858 agat
1554 777 1625 840 D.
1673 774 2083 839 Herebordus
2167 774 2338 838 Nihil
2370 776 2447 839 ad
2480 799 2578 839 me

355 867 594 930 scribit.
686 863 825 926 Vidi
873 863 1244 944 Cupidinem
1293 862 1783 943 triumphantem
1833 859 2152 923 Tilonini.¹
2245 861 2384 924 Vidi
2431 863 2575 933 olim

351 953 476 1017 alio
540 953 815 1014 auctore.
908 949 1068 1025 Quid
1135 970 1304 1013 nunc
1371 947 1743 1030 profitetur?
1830 946 1992 1022 Quid
2052 946 2337 1009 sentiunt
2380 949 2578 1011 circu-

352 1039 578 1102 larium
636 1033 1291 1116 artium'magist1·i?²
1381 1033 1681 1098 Suntne²
1736 1032 2073 1096 concordes
2133 1035 2195 1095 et
2251 1033 2581 1096 unanimes

354 1146 494 1188 cum
560 1121 798 1205 poeta?
905 1120 1060 1184 Item
1120 1121 1441 1185 rediitneb
1494 1143 1633 1183 cum
1693 1119 2023 1182 Ambrosio
2092 1117 2578 1199 Someringus‘?⁸

355 1209 520 1273 Cura
562 1212 635 1272 ut
679 1208 787 1270 diu
831 1206 1061 1269 valeaS.

659 1308 782 1362 Cod.
816 1305 948 1362 Frcf.
985 1305 1098 1358 335.

354 1495 586 1567 (Gotha.)
736 1499 742 1506 ·
1395 1431 1538 1540 264.
2078 1491 2234 1559 (etwa
2266 1490 2375 1544 Juli
2412 1455 2582 1562 1513.)

1091 1602 1380 1672 Mutian
1423 1622 1522 1672 an
1563 1600 1837 1672 Urban.

365 1733 764 1804 (Verurteilmzy
798 1733 884 1784 des
919 1731 1302 1784 anmasscnden
1339 1731 1556 1794 Carduae,
1592 1731 1682 1784 der
1713 1730 1817 1784 mit
1850 1731 1946 1784 den
1984 1731 2258 1800 Sophisten
2284 1731 2365 1786 im
2387 1733 2583 1797 Bemde,

357 1805 475 1858 und
515 1802 820 1868 Geisselunq
853 1801 1024 1854 seiner
1054 1798 1405 1868 Kampfweise
1439 1800 1605 1852 durch
1636 1799 1751 1852 eine
1776 1800 2035 1867 poeti-eche
2057 1799 2307 1854 Antwort.
2367 1802 2585 1870 Eryb'tx-

688 1870 819 1923 licha
854 1869 1110 1923 Anekdote
1141 1885 1243 1922 von
1276 1869 1409 1921 xwei
1443 1868 1723 1922 Studenten
1758 1868 1840 1920 bei
1870 1869 1969 1920 den
2002 1868 2255 1937 Bam.)

537 1983 908 2035 Venerando
942 1984 1111 2044 patri
1141 1983 1221 2033 H.
1259 1983 1513 2033 Urbano
1552 1983 1746 2033 amico
1784 1983 2072 2044 perpetui
2104 1985 2401 2044 temporis

1303 2068 1390 2119 M.
1425 2067 1646 2119 Rufus.

565 2177 634 2244 S.
721 2179 958 2262 Belegi,
1005 2178 1276 2256 Urbane,
1333 2177 1629 2244 Bucolica
1674 2179 1769 2244 vel
1813 2179 2026 2262 potius
2078 2179 2353 2245 invidiae
2408 2183 2588 2246 testi-

362 2267 576 2330 monia
619 2266 828 2328 nescio
877 2265 1054 2346 cujus
1109 2264 1296 2328 Cordi
1353 2265 1566 2329 Rieu}
1654 2264 1869 2330 Subiit
1926 2265 2031 2329 ille
2086 2287 2307 2330 censor
2353 2267 2588 2350 judicio

364 2373 502 2414 meo
549 2351 860 2414 stultitiae
905 2356 1096 2432 atque
1142 2351 1537 2431 arrogantiae
1584 2350 1835 2426 crimen,
1897 2351 2045 2414 dum
2108 2353 2445 2433 sophorum
2490 2355 2588 2417 in-

363 2437 570 2501 vidiae
631 2437 907 2501 serviens
963 2460 1140 2501 suam
1195 2436 1589 2518 jactantiam,
1636 2437 1907 2501 alienam
1966 2439 2267 2517 notando,
2333 2439 2589 2523 detegit,

365 2546 494 2587 non
527 2524 736 2587 minus
784 2522 1115 2605 culpabilis
1160 2544 1349 2605 quam
1394 2522 1708 2601 ProteuS,⁵
1742 2524 1795 2585 si
1828 2522 1998 2588 furor
2027 2525 2310 2607 poeticus
2342 2526 2589 2609 culpam

362 2609 596 2673 habere
662 2612 891 2691 potest.
981 2608 1132 2685 Quis
1198 2612 1524 2691 poetarum
1592 2610 1689 2673 sui
1756 2610 1953 2691 ipsius
1996 2610 2239 2692 integer
2284 2617 2347 2677 et
2391 2614 2593 2677 incor-

365 2700 591 2777 ruptus
659 2700 755 2759 est
823 2695 1085 2759 censor?
1172 2695 1567 2777 Deprehendi
1633 2696 1698 2758 in
1766 2695 2059 2758 omnibus
2122 2693 2465 2779 φιλαυτίαν
2530 2703 2595 2762 et

364 2801 552 2845 nemo
598 2801 725 2845 non
771 2782 945 2863 cupit
989 2802 1206 2843 omnes
1251 2781 1635 2844 antecedere.
1724 2780 1822 2844 Ita
1866 2780 1956 2857 fit,
1998 2785 2071 2845 ut
2100 2782 2181 2845 ab
2212 2783 2592 2847 Aristarchis

362 2866 461 2930 vel
507 2866 698 2929 etiam
743 2865 970 2929 Momis
1029 2867 1298 2930 carbone
1355 2871 1669 2930 notentur.
1759 2864 2115 2947 Interrogat
2167 2864 2275 2950 per
2326 2870 2593 2933 ironiam

366 2952 637 3015 Cordus:
713 2952 932 3033 „Quid‚
997 2952 1172 3028 refer,
1201 2963 1226 2990 0
1297 2939 1482 3014 οὐδὲν
1544 2942 1722 3033 ἄγαν,
1782 2952 1882 3015 dic
1942 2952 2095 3034 quid
2150 2953 2329 3017 tibid
2386 2952 2596 3037 γνῶθι

365 3027 638 3100 σεαυτόν
681 3036 1005 3102 Profuit‘?“
1099 3038 1235 3101 Hoc
1279 3060 1357 3101 ex
1402 3039 1739 3120 sophorum
1799 3038 2040 3101 invidia
2092 3040 2424 3120 prolatum,
2487 3042 2595 3124 qui

368 3124 587 3187 dolent
660 3128 723 3187 et
791 3125 1068 3205 graviter
1142 3124 1352 3187 serunt
1424 3126 1554 3187 suis
1628 3123 2133 3190 cavillationibus
2207 3148 2461 3208 graecas
2533 3133 2597 3191 et

366 3210 602 3273 latinas
673 3210 888 3275 literas
961 3209 1198 3292 ubique
1269 3210 1553 3291 gentium
1630 3208 1958 3291 praelatas.
2066 3210 2201 3292 Ego
2268 3214 2593 3277 veritatem

367 3296 716 3373 honorabo,
777 3317 958 3377 quae,
1002 3299 1076 3358 ut
1123 3296 1304 3359 Plato
1361 3296 1595 3376 inquit,
1650 3294 1929 3359 omnium
1989 3295 2131 3359 fons
2176 3300 2273 3361 est
2316 3302 2379 3362 et
2421 3300 2595 3380 origo

369 3381 715 3461 bonorum3
779 3381 956 3462 cujus
1011 3402 1126 3463 ego
1187 3402 1324 3445 sum
1370 3382 1859 3459 amantissimus,
1905 3385 1979 3444 ut
2021 3383 2207 3444 nosti.
2300 3384 2597 3459 Quamvis

366 3473 580 3532 tutum
649 3489 772 3531 non
844 3468 927 3531 sit
987 3467 1398 3548 pronuntiare
1463 3467 1627 3531 inter
1696 3468 1949 3530 amicos
2038 3466 2362 3531 Traditum
2432 3470 2594 3533 enim

369 3558 472 3619 est
517 3552 900 3635 antiquitus:
949 3547 1154 3636 φίλων
1196 3540 1415 3639 κριτής
1455 3541 1545 3638 μή
1590 3548 1784 3635 γίνου.
1850 3553 2034 3617 Nunc
2076 3553 2156 3617 ad
2193 3553 2501 3635 jugulum.

504 3772 532 3799 ⁸
559 3757 692 3811 Sunt
724 3773 804 3809 ne.
943 3761 971 3799 b
998 3758 1154 3811 rediit
1185 3775 1266 3813 ne.
1407 3772 1430 3800 ο
1461 3759 1617 3811 refert
1654 3758 1799 3811 Tem.
1939 3762 1967 3800 d
1992 3758 2088 3811 tibi
2122 3758 2261 3824 fehlt.

509 3828 525 3856 ¹
557 3826 828 3895 Philymni
853 3825 1186 3896 (Syasticani)
1215 3826 1530 3895 Triumphus
1553 3828 1764 3881 Bacchi.
1804 3826 2015 3893 Cupido
2051 3827 2238 3879 Xenia.
2276 3828 2424 3880 Witt.
2451 3830 2598 3881 1511.

365 3897 414 3947 4.
475 3894 630 3947 Diese
676 3898 835 3962 Ausg.
885 3896 1051 3948 mcint
1095 3896 1182 3961 M„
1231 3911 1382 3949 wenn
1427 3912 1484 3948 er
1525 3900 1663 3964 sagt:
1718 3896 1829 3949 vidi
1878 3895 2001 3948 olim
2049 3896 2149 3948 alio
2195 3899 2403 3949 auctore
2450 3898 2496 3951 d.
2547 3899 2597 3950 h.

367 3966 527 4016 unter
562 3964 774 4015 anderm
811 3964 1030 4031 Namen,
1059 3966 1158 4016 den
1181 3964 1380 4017 Tilonin
1416 3966 1470 4017 in
1505 3964 1799 4031 lappischer
1834 3964 2080 4031 Spielerei
2105 3981 2171 4016 zu
2196 3966 2386 4017 {indern
2412 3966 2599 4033 liebte3

371 4034 508 4085 1513
560 4033 765 4085 scheint
817 4033 1014 4085 Tilonin
1065 4034 1165 4085 den
1213 4034 1528 4100 Triumphus
1571 4050 1674 4085 neu
1721 4034 1979 4101 ausgelegt
2023 4050 2088 4086 zu
2124 4034 2306 4088 haben.
2448 4038 2467 4067 ²
2502 4037 2600 4089 Die

367 4100 735 4168 Philosophen,
775 4102 856 4153 die
891 4117 994 4154 von
1024 4101 1226 4154 Tilonin
1259 4106 1539 4168 ungestiim
1576 4102 1889 4170 angegriffen
1910 4103 2135 4155 wurden.
2242 4104 2262 4135 ³
2281 4104 2397 4171 Vgl.
2427 4104 2475 4158 S.
2500 4106 2596 4157 321

371 4172 434 4223 A.
477 4172 520 4223 1.
592 4170 702 4221 Auf
735 4169 906 4222 dieser
940 4170 1093 4222 Reise
1142 4186 1250 4223 war
1295 4170 1621 4237 Sommering
1670 4172 1753 4223 bei
1785 4170 1854 4223 M.
1894 4170 2208 4238 eingekehrt.
2350 4174 2371 4204 ⁴
2406 4173 2601 4226 Cordus

363 4239 681 4291 iibersandte
721 4238 864 4290 seine
899 4238 1148 4291 Bucolica
1182 4256 1265 4291 am
1304 4241 1350 4293 ’ῖς
1387 4243 1518 4308 Aug.
1578 4240 1681 4308 (ΒΓ.
1722 4238 1857 4307 283).
1930 4239 2212 4291 Vielleicht
2261 4242 2442 4307 gehbrt
2494 4244 2601 4295 also

366 4308 460 4359 der
495 4306 580 4360 ΒΓ.
619 4307 672 4358 in
712 4307 798 4359 die
835 4310 1007 4359 ersten
1041 4308 1174 4374 Tage
1208 4309 1342 4360 nach
1381 4310 1424 4359 7.
1467 4313 1603 4377 Aug.
1675 4308 1826 4361 Noch
1862 4324 1941 4359 am
1986 4310 2062 4360 13.
2100 4311 2231 4375 Aug.
2270 4310 2499 4364 schreibt
2531 4312 2603 4363 M.

367 4398 390 4423 »
433 4375 612 4427 uidam
647 4375 872 4430 Ricina«
906 4375 990 4431 Br,
1030 4375 1144 4428 289.
1231 4377 1379 4429 Doch
1415 4377 1577 4429 sehon
1625 4377 1699 4429 im
1733 4377 1872 4429 Marz
1918 4377 2155 4443 verlangt
2188 4376 2257 4429 M.
2296 4378 2389 4431 das
2423 4380 2599 4431 Werk.

418 4443 484 4511 gl.
521 4442 608 4495 Br.
646 4442 762 4497 236.
901 4446 922 4476 ⁶
955 4444 1170 4513 Tilonin,
1207 4460 1386 4512 wegen
1421 4446 1592 4499 seiner
1626 4446 2299 4513 Namenvertauschungen.

2060 4515 2199 4579 21*
