3084 4895
759 391 1010 462 Spalatin
1048 409 1116 444 an
1155 391 1273 446 Seb.
1314 353 1601 449 Morstadt.
1676 393 1885 446 Mutian
1925 409 1993 445 an
2030 391 2231 446 Urban.
2488 391 2624 456 -471

855 563 1224 632 Sebastiano
1259 562 1700 622 Mol-ostam&
1736 563 2117 626 spoletinus.

563 672 629 739 S.
735 673 1031 738 Urbanus
1097 677 1314 737 noster
1381 678 1446 736 et
1515 673 1825 737 Heni-icus
1890 673 2195 738 Laneius²
2258 675 2416 740 mihi
2484 675 2619 740 suis

354 759 880 842 significaverunt
953 759 1172 837 literis,
1248 760 1336 822 mi
1411 760 1735 822 carissime.
1809 758 2209 838 Sebastiane,
2281 763 2345 824 te
2416 781 2619 844 nuper

357 848 632 928 priorem
677 850 752 908 ut
797 848 1032 908 vocant
1075 845 1370 908 coenobii
1415 845 1677 922 factum,
1723 845 1786 908 id
1821 845 2180 926 quod'adeo
2216 867 2313 908 me
2346 845 2623 910 delectat

351 937 418 995 et
479 935 665 994 tanta
730 930 928 994 afficit
1001 930 1355 1012 voluptate,
1417 934 1489 992 ut
1550 951 1677 993 non
1748 931 1978 1012 possim
2049 930 2204 994 mihi
2273 936 2625 1012 temperare

357 1019 651 1100 quamvis
695 1022 1068 1100 occupatuS,
1115 1017 1270 1096 quin
1319 1015 1441 1079 tibi
1486 1015 1653 1078 hano
1698 1017 1895 1079 animi
1942 1017 2065 1078 mei
2110 1016 2424 1080 laetitiam
2490 1017 2629 1100 ipse

355 1103 594 1184 scripto
661 1101 940 1183 probem.
1033 1101 1205 1164 Deus
1273 1122 1422 1182 ergo
1490 1105 1771 1181 praestet
1839 1101 1959 1166 tibi
2004 1102 2067 1164 id
2112 1103 2312 1166 animi
2372 1102 2437 1164 in
2500 1104 2627 1168 isto

356 1189 758 1270 magistratu,
807 1187 978 1269 quod
1025 1185 1426 1267 profuturum
1475 1188 1561 1249 sit
1606 1191 1737 1248 tam
1787 1187 1957 1264 olim,
2024 1207 2215 1286 quam
2262 1208 2437 1250 nunc
2468 1207 2627 1269 'pro-

359 1274 539 1336 desse
583 1277 815 1354 potest.
911 1272 1056 1335 Seio
1101 1271 1292 1346 enim,
1341 1272 1392 1333 si
1438 1275 1503 1334 te
1548 1273 1755 1352 ipsum
1806 1293 2092 1352 sequaris
2136 1277 2203 1335 et
2244 1276 2423 1336 tuam
2480 1293 2627 1354 pro-

363 1359 622 1422 bitatem
673 1361 748 1436 et·
783 1356 1242 1433 innocentiam,
1306 1377 1632 1437 nunquam
1682 1357 1763 1420 ab
1810 1357 2021 1420 officio
2088 1357 2237 1420 boni
2292 1359 2494 1438 patris
2548 1381 2627 1422 ne

353 1465 633 1524 unguem
683 1441 940 1524 quidem
987 1443 1189 1506 latum
1240 1445 1354 1505 aut
1400 1442 1673 1522 digitum
1720 1448 2154 1506 transversum
2190 1443 2358 1525 quod
2394 1444 2627 1508 dicitur

349 1533 727 1592 erratui-um.
821 1527 873 1592 Ο
922 1533 1235 1610 quantum
1308 1529 1426 1591 erit
1491 1527 1647 1590 mihi
1716 1528 2070 1612 voluptatis
2137 1528 2497 1592 diutissime
2560 1534 2627 1593 te

353 1615 566 1678 videre
611 1614 736 1677 isla
769 1614 1086 1694 dignitate
1118 1613 1570 1694 conspicuum!
1645 1613 1761 1676 Est
1792 1614 1962 1677 enim
1998 1615 2100 1676 via
2132 1614 2303 1677 sicui:
2331 1613 2627 1694 pulcher-

350 1700 512 1763 rima
557 1699 652 1762 ita
697 1699 1170 1781 eompendiaria
1214 1698 1294 1760 ad
1341 1721 1545 1761 veram
1584 1699 1651 1761 in
1682 1699 1902 1762 ordine
1944 1699 2303 1764 coenobiali
2334 1700 2624 1781 gloriam,

351 1787 472 1849 etsi
535 1783 872 1848 laboriosa.
965 1783 1088 1847 Sed
1154 1805 1392 1864 quaeso
1455 1784 1600 1864 quis
1654 1785 1787 1848 otio
1835 1785 2161 1867 quippiam
2225 1787 2441 1866 magni
2504 1809 2625 1850 un-

349 1891 542 1952 quam
591 1874 975 1936 conseeutus
1023 1868 1170 1931 est‘?
1263 1869 1622 1932 Labori-bus
1690 1869 1981 1941 honores,
2051 1871 2382 1934 laboribus
2448 1893 2621 1954 opeS,

349 1955 678 2020 laboribus
724 1955 1028 2032 amicitia,
1075 1954 1404 2017 laboribus
1467 1954 1715 2018 coelum
1776 1955 1985 2036 ipsum
2058 1956 2430 2036 aequiritur.
2530 1957 2625 2021 Tu

347 2043 546 2126 igitur
613 2062 824 2124 perge,
895 2043 968 2104 ut
1030 2039 1318 2118 coep-isti,
1385 2045 1450 2103 et
1515 2045 1591 2102 ut
1654 2040 1943 2122 privatus
2013 2040 2253 2115 vixisti,
2322 2042 2415 2104 ita
2484 2037 2627 2108 vive

349 2128 578 2200 ceteris
625 2127 1026 2208 praeposit-us
1073 2125 1384 2207 regendis,
1476 2124 1679 2188 Nemo
1726 2125 1896 2189 enim
1944 2125 2171 2190 melius
2215 2127 2383 2208 regit
2442 2127 2623 2208 alioS,

353 2234 546 2296 quam
615 2212 726 2292 qui
796 2211 958 2274 bene
1025 2214 1091 2274 et
1155 2210 1427 2274 fideliter
1496 2212 1727 2292 paruit.
1819 2211 1989 2288 Vale,
2057 2211 2145 2274 mi
2210 2211 2403 2294 prior,
2473 2235 2618 2278 eum

351 2298 653 2364 omnibus
699 2297 924 2362 amicis
969 2301 1036 2359 et
1080 2296 1181 2359 dic
1225 2297 1392 2359 sicui:
1435 2296 1707 2360 salutem
1742 2294 2097 2374 Musardo,³
2128 2297 2221 2361 ita
2254 2300 2327 2360 ut
2359 2299 2620 2363 tandem

349 2385 592 2450 scribat
637 2383 814 2462 mihi,
861 2386 924 2446 et
971 2381 1164 2463 dilige
1207 2385 1340 2444 tam
1388 2403 1486 2444 me
1533 2403 1727 2463 quam
1776 2381 2099 2447 Urbanum
2148 2385 2215 2447 et
2258 2403 2433 2449 meos
2464 2385 2617 2450 olim

353 2470 723 2553 discipulos.
817 2467 1018 2550 Spero
1082 2468 1251 2531 enim
1319 2488 1545 2531 omnes
1595 2468 1849 2556 *probos
1914 2469 2065 2533 fore.
2159 2469 2429 2537 Cui-sim.
2521 2471 2619 2533 Ex

351 2578 496 2623 arce
543 2556 859 2620 electoria.

659 2654 784 2710 Cod.
821 2653 956 2709 Frcf.
994 2652 1110 2708 398.

349 2844 581 2917 (eotha.)
1401 2823 1549 2890 404.
2032 2840 2103 2908 (n.
2142 2840 2224 2897 27.
2262 2844 2399 2913 Aug.
2440 2842 2613 2913 1514.)

1101 2950 1391 3023 Mutian
1434 2972 1536 3022 an
1578 2949 1860 3023 Urban.

351 3084 623 3150 (Dietmar
655 3082 802 3135 zahlt
835 3080 981 3135 keine
1015 3058 1184 3144 Miet'e,
1222 3081 1386 3135 daher
1417 3081 1565 3134 kann
1601 3080 1679 3145 M,
1708 3080 1831 3135 hein
1862 3080 2123 3135 Gesohenk
2161 3080 2257 3149 fiir
2297 3080 2622 3149 Pfefftnyers

349 3152 604 3217 Hoohxeit
654 3150 864 3217 kaufen.
940 3150 1133 3221 Saltem
1184 3149 1286 3201 mit
1347 3148 1548 3203 Gordus
1600 3148 1716 3203 und
1767 3149 1955 3206 Euhan
2004 3150 2133 3203 iiber
2184 3151 2283 3203 den
2334 3150 2503 3217 Brief
2526 3150 2618 3205 der

551 3220 892 3288 Landyrae'ifhn
925 3219 1093 3273 Anna
1127 3236 1172 3272 v.
1209 3216 1423 3271 Hessen.
1498 3218 1677 3273 Sohilo
1711 3218 1813 3273 soll
1846 3218 2137 3289 Rechmmq
2172 3218 2419 3287 ableqen.)

775 3333 1154 3397 DIgnissimo
1190 3345 1302 3383 suo
1337 3332 1508 3394 patri
1540 3332 1799 3384 Urbano
1835 3334 1925 3385 M.
1960 3332 2182 3384 Rufus.

556 3444 620 3509 S.
711 3443 794 3506 Et
861 3447 978 3507 tua
1051 3446 1281 3526 sponte
1347 3446 1413 3507 et
1480 3444 1639 3507 meis
1706 3444 1961 3526 scriptis
2028 3442 2395 3507 admonitus
2463 3441 2621 3505 facis

349 3531 584 3609 omnia,
649 3551 812 3613 quae
859 3529 982 3593 mei
1029 3550 1252 3593 amans
1299 3532 1364 3593 et
1408 3528 1593 3593 valde
1653 3528 1862 3593 bonus
1919 3528 2013 3592 vir
2069 3528 2273 3601 facere
2319 3528 2381 3589 in
2434 3526 2623 3589 amici

349 3616 626 3699 negotiis
694 3615 900 3679 debet.
997 3617 1132 3696 Ago
1196 3614 1318 3679 tibi
1377 3615 1619 3695 gratias
1664 3614 1978 3695 ingentes.
2072 3613 2400 3697 Scripsisti
2468 3611 2616 3674 olim

355 3703 436 3767 de
468 3701 613 3766 Tito
660 3700 894 3765 Mario:
949 3698 1360 3782 „Dithmarus
1393 3700 1626 3763 dioi'rur
1672 3723 1808 3764 esse
1850 3687 2217 3781 βομβὺλιος
2260 3686 2620 3781 ἅνθρωπος

353 3792 420 3850 et
466 3789 794 3868 impostor.
893 3785 1272 3848 Aedificabit
1309 3787 1448 3849 sine
1493 3806 1611 3849 suo
1656 3786 2076 3849 incommoda
2168 3785 2312 3848 Non
2346 3782 2621 3845 libent-er

352 3874 561 3937 looavi
607 3872 660 3935 ei
711 3873 986 3936 domum.
1082 3871 1206 3935 Sed
1254 3870 1474 3934 vicarii
1535 3871 1775 3935 nullam
1846 3892 2113 3953 aequam
2184 3869 2615 3933 conditionem

349 3960 638 4040 accipere
703 3956 990 4022 volentes
1056 3956 1367 4043 dederunt
1439 3956 1630 4040 hujus
1689 3958 1779 4021 rei
1839 3952 2332 4021 occasionem.“⁴
2421 3952 2617 4014 Verus

499 4198 514 4229 ¹
551 4195 653 4249 Ein
678 4195 916 4249 fiiiherer
941 4193 1164 4251 Schiiler
1185 4193 1449 4261 Spalatins
1471 4194 1527 4247 in
1556 4193 1919 4262 Georgenthal.
1974 4192 2091 4245 Nur
2108 4191 2246 4245 noch
2266 4189 2461 4243 einmal
2485 4189 2619 4241 1512

241 4289 248 4294 ¹
357 4266 412 4319 in
451 4265 626 4318 einem
660 4264 748 4317 ΒΓ.
786 4262 925 4331 Spal.
963 4279 1029 4315 an
1064 4262 1294 4316 Musard.
1333 4262 1583 4315 eiwiihnt.
1657 4262 1707 4317 S.
1747 4262 1848 4315 213
1883 4264 1945 4315 A.
1981 4261 2030 4314 4.
2140 4260 2159 4291 2
2196 4257 2358 4312 Wohl
2394 4256 2479 4309 ein
2518 4256 2619 4309 Ge-

358 4350 418 4389 or
453 4332 708 4400 euthaler,
746 4334 894 4385 sonst
927 4331 1077 4385 nieht
1110 4333 1352 4399 genannt,
1384 4331 1662 4399 jedenfalls
1699 4331 1787 4384 ein
1820 4330 2059 4383 friiherer
2093 4326 2315 4381 Sohuler
2338 4324 2619 4392 Spalatins.

345 4403 436 4473 'Vg
457 4444 469 4457 .
507 4400 559 4457 S.
599 4402 664 4455 41
704 4402 767 4457 A.
806 4401 854 4454 3.
953 4400 974 4432 ³
1005 4398 1204 4453 Lehrer
1238 4399 1295 4451 in
1329 4398 1692 4469 Georgenthal.
1730 4398 1782 4455 S.
1804 4398 1906 4452 212
1925 4399 1987 4453 A.
2008 4398 2056 4452 6.
2153 4397 2175 4428 ⁴
2208 4396 2317 4449 Auf
2349 4392 2619 4448 dieselben
