3084 4895
858 413 1070 468 Mutia-n
1107 431 1179 468 an
1212 412 1381 483 Lang.
1455 412 1782 467 Mosellanus
1819 428 1888 465 an
1925 411 2154 485 Mutiau.
2507 413 2634 477 611

368 592 437 652 et
500 586 715 651 suavis
782 606 933 666 erga
1002 584 1143 666 pios
1186 589 1251 650 et
1307 585 1470 649 bene
1534 582 1838 648 eruditos.
1929 582 2094 659 Quid
2161 582 2352 661 enim,
2402 582 2641 665 Lange,

372 675 755 754 Hieronymo
806 670 1211 735 mirabilius?
1298 670 1652 734 Murmurat
1697 674 1771 732 ut
1815 670 2090 749 rusticus
2149 668 2473 748 Dalmata3
2528 670 2640 733 sed

368 764 508 822 tum
578 757 737 821 mihi
804 756 1059 821 videtur
1127 755 1262 838 ejus
1329 756 1592 837 scriptio
1657 755 1934 825 maxime
1995 754 2279 835 jucunda
2333 760 2398 818 et
2442 756 2639 834 utilis,

370 866 513 909 cum
560 844 764 907 saevit
814 842 1129 905 ferociter.
1221 841 1497 905 Tantum
1540 840 1875 921 jurgatrici
1918 840 2152 917 tribuo,
2217 840 2404 904 modo
2451 840 2642 905 docta

369 932 476 1007 sit,
544 928 839 993 orationi.
952 926 1415 990 Contenderem
1484 930 1556 989 111
1625 946 1872 988 mecum
1937 946 2097 1007 opus
2163 945 2396 988 novum
2469 947 2640 989 com—

372 1015 747 1091 municares,
809 1014 935 1075 nisi
982 1016 1154 1075 certo
1224 1014 1445 1075 scirem
1514 1010 1724 1075 adhuc
1782 1010 2017 1075 fessum
2085 1010 2411 1075 authorem
2484 1034 2639 1088 esse,

368 1101 685 1182 jactatum
755 1097 1003 1161 scilicet
1071 1102 1135 1160 et
1200 1098 1367 1159 male
1437 1100 1785 1159 tractatum
1855 1116 2072 1158 eorum
2139 1096 2454 1173 manibuS,
2530 1098 2642 1177 qui

371 1189 600 1261 lavere,
666 1184 776 1265 qui
846 1184 1115 1246 vest-iere
1176 1187 1241 1245 et
1304 1182 1635 1245 cultiorem
1703 1180 2192 1261 nitidioremque
2257 1181 2506 1259 fecere‚¹
2568 1187 2644 1245 ut

371 1234 708 1334 amabilior
750 1273 960 1332 tecum
1022 1265 1361 1331 habitaret.
1456 1266 1648 1329 Redit
1695 1264 2012 1329 AlzatuS.²
2099 1266 2273 1329 Petit
2325 1266 2513 1343 idem,
2569 1273 2644 1331 ut

378 1356 505 1418 sibi
552 1356 911 1418 substituas
957 1351 1295 1415 Lectiones
1341 1352 1644 1433 antiquas
1686 1348 1880 1414 111113.ξι
1969 1349 2176 1429 Nosti,
2232 1351 2384 1431 quid
2432 1351 2638 1415 velim.

374 1440 520 1503 Non
570 1440 809 1504 facient
854 1437 1105 1502 Gothae
1148 1442 1399 1501 tantam
1450 1458 1709 1499 moram.
1797 1434 2146 1500 Remittam
2201 1440 2352 1499 ante
2406 1434 2643 1501 Christi

374 1526 677 1589 natalem.
770 1524 940 1601 Vale,
988 1523 1353 1587 doctissime
1398 1527 1463 1585 et
1500 1522 1966 1593 ‚humanissime
2007 1520 2242 1603 Lange.

1869 1604 2042 1671 Tuus
2087 1606 2433 1671 MutianUS.

686 1707 814 1761 0011.
854 1707 1058 1761 Camer.
1096 1706 1299 1761 Monac.
1338 1704 1485 1772 vm,
1525 1703 1604 1758 18.
1644 1704 1964 1772 Autograph.

381 1895 613 1964 Leipzig.
1182 1842 1198 1858 ’
1434 1876 1581 1942 545.
1671 1892 1679 1901 ·
2247 1892 2295 1945 9.
2333 1891 2450 1944 Jan.
2492 1894 2640 1947 1517.

1016 2004 1505 2075 Mosellanus⁴
1550 2023 1650 2075 an
1697 2004 2006 2074 Mutian.

573 2134 702 2202 (Lob
735 2150 836 2186 von
871 2133 1117 2187 Matiane
1152 2132 1555 2199 Freundschaft.
1641 2120 2012 2201 &bersendunq
2045 2132 2132 2184 des
2168 2130 2454 2199 Basilius)

524 2247 959 2299 Eruditissimo
996 2248 1183 2298 simul
1218 2250 1281 2298 et
1316 2248 1762 2297 humanissimo
1796 2247 1935 2297 viro
1973 2245 2262 2297 Mutiano
2300 2245 2490 2296 Ruffo

964 2332 1200 2393 jurium
1237 2332 1496 2391 doctori,
1532 2333 1736 2383 amico
1773 2330 2052 2392 optimo.⁶

588 2441 818 2506 Salvus
864 2443 971 2521 sis,
1020 2442 1258 2526 optime
1314 2442 1618 2506 Mutiane.
1711 2442 1852 2506 Jam
1904 2442 2012 2506 diu
2060 2463 2264 2523 neque
2327 2441 2461 2523 ipse
2523 2440 2644 2505 tibi

378 2529 603 2608 scripsi
672 2549 873 2609 neque
918 2551 956 2590 a
1000 2532 1069 2592 te
1114 2530 1438 2593 literarum
1509 2529 1752 2609 aliquid
1821 2529 2053 2610 accepi.
2147 2529 2416 2591 Causam
2489 2529 2644 2591 mihi

380 2613 596 2676 videor
671 2615 1127 2695 propemodum
1205 2615 1570 2696 conjectura
1658 2615 1981 2696 consequi,
2069 2614 2366 2676 videlicet
2453 2614 2644 2693 quod,

382 2704 819 2780 praeterquam
870 2701 1040 2780 quod
1085 2701 1283 2763 istinc
1326 2723 1362 2763 a
1408 2705 1473 2764 te
1520 2700 1630 2782 qui
1694 2699 1968 2781 perferat
2021 2720 2200 2761 rarus
2264 2703 2382 2774 est,
2452 2700 2643 2761 etiam

384 2784 497 2846 ubi
540 2787 848 2847 terrarum
882 2784 1272 2849 Mosellanus
1302 2793 1473 2866 agat,
1509 2807 1633 2848 non
1668 2786 1929 2848 omnino
1965 2785 2292 2864 cognitum
2326 2783 2641 2848 habueris.

379 2868 523 2949 Ipse
569 2873 738 2932 certe
784 2871 895 2949 qui
928 2870 1084 2932 mihi
1117 2871 1409 2934 conscius
1442 2891 1582 2933 sum
1617 2872 2010 2933 committere
2041 2889 2366 2949 nunquam
2403 2875 2643 2949 potem,

382 2958 457 3016 ut
523 2953 797 3017 Mutiani
871 2957 997 3017 mei
1072 2976 1293 3036 parum
1369 2976 1610 3019 memor
1674 2955 1911 3031 videar,
1979 2975 2104 3036 quo
2172 2955 2524 3036 dispeream
2591 2957 2643 3018 si

382 3059 568 3119 quem
639 3061 917 3120 unquam
989 3060 1199 3103 coram
1277 3046 1578 3121 expertus
1647 3061 1784 3103 sum
1857 3039 2198 3102 humanius
2273 3043 2642 3103 humanum.

380 3124 605 3205 ltaque
648 3126 832 3187 mitto
877 3125 1000 3188 tibi
1044 3127 1109 3188 in
1156 3127 1517 3208 praesentia
1564 3147 1694 3187 una
1737 3147 1878 3188 cum
1926 3125 2049 3206 hijs
2094 3125 2295 3188 literis
2327 3125 2641 3206 quendam

382 3207 605 3271 Basilii
649 3209 821 3272 illius
866 3209 1083 3290 Magni
1127 3211 1409 3274 libellum
1460 3217 1676 3274 nostra
1722 3232 1924 3291 nuper
1952 3209 2271 3273 industria
2307 3231 2384 3272 ex
2417 3229 2644 3290 graeco

383 3294 652 3357 latinum
733 3293 1027 3358 factum.⁶
1138 3295 1275 3371 Quo
1342 3295 1406 3358 id
1476 3317 1794 3373 successu,
1863 3299 2043 3358 tuum
2115 3295 2512 3375 aliorumque
2579 3297 2642 3358 in

384 3400 652 3460 quorum
700 3402 929 3443 manus
974 3381 1331 3461 pervenerit
1374 3385 1511 3444 esto
1552 3381 1886 3461 judicium.
1977 3381 2107 3442 Nos
2171 3386 2339 3444 certe
2399 3403 2647 3444 summa

382 3485 501 3544 ope
546 3465 757 3528 annisi
803 3485 1041 3542 summ,
1095 3487 1174 3529 ne
1218 3467 1471 3529 saeculo
1519 3465 1668 3528 huic
1713 3471 1930 3530 nostro
1985 3465 2285 3528 dictionis
2348 3470 2484 3528 tum
2533 3468 2643 3528 -in-

382 3549 682 3614 affectata
752 3549 1159 3630 simplicitate
1229 3558 1367 3615 tum
1435 3551 1779 3632 figurarum
1850 3551 2025 3614 velut
2083 3551 2232 3616 flore
2278 3572 2498 3632 parum
2545 3574 2641 3616 re-

384 3635 717 3715 spondisse
765 3635 961 3698 videri
1006 3637 1339 3717 possimus,
1430 3636 1612 3699 Hanc
1658 3636 2299 3711 lucubratiunculam,
2348 3638 2518 3717 quod
2565 3639 2644 3699 ad

384 3725 664 3783 nostram
713 3721 948 3783 attinet
994 3743 1270 3802 operam,
1320 3721 1644 3798 humilem,
1680 3723 1734 3784 si
1767 3741 1913 3784 vero
1964 3721 2268 3784 Basilium
2312 3722 2642 3785 authorem

526 3993 543 4023 ¹
579 3991 687 4043 Der
720 3991 1073 4045 Buchbinder.
1218 3994 1238 4024 2
1273 3994 1510 4045 Andreas
1552 3992 1806 4056 Alciatus,
1844 3991 1954 4043 ital.
1993 3990 2468 4056 Rechtsgelelnter.
2542 3993 2642 4044 Ge-

385 4059 553 4111 meint
570 4061 688 4111 sind
710 4060 825 4111 hier
842 4060 986 4112 scine
1009 4061 1419 4113 Annotationes
1406 4078 1460 4112 iu
1482 4065 1588 4112 tres
1613 4061 1922 4138 posteriores
1949 4059 2145 4111 codicis
2184 4059 2375 4111 Justin.
2431 4064 2641 4127 Argent

390 4129 537 4181 1515.
681 4129 701 4160 ³
736 4127 945 4180 Coelius
1000 4128 1344 4195 Rhodiginus
1399 4131 1671 4196 Antiquai.
1710 4128 1917 4180 lection.
1956 4127 1988 4180 l.
2027 4127 2210 4193 XXX,
2263 4129 2361 4180 den
2401 4127 2468 4182 M.
2508 4131 2643 4181 auch

386 4210 472 4246 11111
529 4199 572 4248 1.
619 4195 745 4247 Dez.
808 4198 939 4248 1516
985 4197 1097 4248 sich
1152 4197 1404 4249 ausbittet
1441 4197 1550 4266 (Br.
1587 4198 1711 4264 624)
1748 4199 1856 4249 und
1894 4198 1946 4247 111
1984 4195 2069 4249 ΒΓ.
2108 4168 2210 4247 5472
2246 4197 2376 4249 beu]-
2377 4197 2505 4250 teilt.

458 4265 479 4296 ⁴
514 4263 631 4330 Vgl.
670 4264 721 4317 S.
760 4264 861 4317 606
897 4267 958 4316 A.
996 4264 1043 4315 2.
1185 4268 1207 4296 ⁶
1240 4255 1469 4318 Auseere
1521 4267 1764 4318 Adresse.
1905 4267 1926 4298 ὅ
1963 4263 2150 4316 Basilii
2201 4265 2270 4316 M.
2320 4266 2386 4316 ad
2435 4267 2642 4332 Grregor.

387 4330 517 4385 Naz.
570 4347 671 4398 ep„
720 4347 765 4398 εξ]
756 4333 955 4384 usdem
994 4333 1059 4384 de
1092 4332 1293 4384 ratione
1346 4335 1487 4387 vitae
1545 4334 1808 4386 solitariae
1861 4332 2072 4384 libellus
2126 4336 2224 4384 etc.
2297 4333 2437 4400 Lips
2497 4336 2642 4405 1516.

386 4373 697 4466 Schmidt,
736 4400 793 4454 P.
831 4399 1031 4452 Mosell.
1070 4399 1119 4453 S.
1159 4401 1240 4454 26.
2095 4469 2234 4534 39*
