3084 4895
906 422 1132 477 Publius
1170 438 1238 478 an
1273 420 1476 475 Urban.
1550 420 1761 475 Mutian
1798 435 1867 472 an
1906 416 2105 473 Urban.
2508 422 2636 485 511

374 596 680 678 tissimus,
750 616 913 677 quos
979 597 1388 659 sacrosancta
1460 592 1691 656 habuit
1762 591 2044 655 ecclesia.
2154 590 2343 656 Nunc
2405 592 2634 657 valeas.

381 682 618 747 Datum
663 702 833 745 anno
879 680 1344 744 conservatoris
1389 676 1622 741 MDXV
1670 677 1751 740 ad
1792 676 1945 740 Idus
1990 676 2298 741 Januarii.

691 779 814 835 cod.
853 778 986 833 Frcf.
1023 777 1143 832 428.

375 967 606 1037 (eotha.)
1430 948 1577 1012 448.
2282 962 2419 1033 (Ans.
2462 963 2637 1032 1515.)

1126 1074 1416 1146 Mutian
1460 1024 1563 1143 an
1605 1071 1884 1143 Urban.

377 1205 581 1274 (Gru-ss
613 1220 718 1257 von
751 1203 1029 1267 Reuchl‘m,
1064 1203 1166 1256 den
1197 1203 1283 1255 ἀκέο
1315 1201 1711 1255 Dominikaner
1734 1200 1859 1255 hart
1882 1200 2184 1268 bedrc'inyen.
2250 1199 2346 1252 Wo
2371 1200 2639 1253 fflasmus

374 1272 558 1327 weile?
627 1272 984 1341 Empfehluny
1017 1272 1106 1324 des
1141 1287 1331 1324 ast-men
1373 1270 1589 1335 Gordus,
1626 1270 1909 1323 Bedauem
1952 1270 2056 1322 mit
2101 1268 2301 1329 E'obau,
2358 1267 2640 1337 Warmmq

373 1360 470 1395 vor
513 1342 687 1395 einem
740 1340 1037 1408 R'o'mlinqe‚
1082 1340 1174 1393 der
1206 1340 1271 1392 in
1316 1338 1376 1391 U.
1413 1338 1611 1391 Hau-se.
1683 1338 2001 1391 Phoreensis
2053 1338 2192 1389 werd
2240 1338 2329 1390 ein
2381 1336 2642 1390 Bio'ehlev‘n

371 1410 488 1465 Jac.
546 1410 748 1464 Faber-s
797 1426 873 1463 an
924 1408 999 1461 M.
1046 1408 1218 1476 qeben.
1288 1406 1430 1529 {itte
1479 1424 1579 1460 um
1628 1406 1933 1541 Bjsoryuny
1982 1406 2075 1458 der
2128 1406 2335 1459 Bu‘chm·
2382 1406 2470 1458 des
2522 1406 2638 1461 Alb.

1344 1492 1679 1543 pweowssus.

1125 1591 1208 1640 H.
1244 1588 1503 1640 Urbano
1538 1589 1630 1639 M.
1665 1587 1888 1640 Rufus.

584 1698 648 1763 S.
741 1700 1027 1781 Capnion
1074 1706 1196 1764 te⁸
1263 1700 1470 1765 salute
1533 1699 1807 1782 plurima
1874 1698 2115 1775 donat‚'
2189 1698 2379 1762 homo
2444 1700 2639 1762 trium

374 1787 736 1867 linguarum
823 1787 1264 1867 peritissimus
1376 1786 1659 1863 Vexatur
1739 1790 1951 1848 autem
2019 1806 2056 1846 a
2116 1783 2638 1863 DominicalibuS,

377 1893 646 1955 quorum
697 1872 1124 1955 arrogantiam
1188 1872 1331 1955 quis
1391 1872 1599 1935 ferat?
1689 1870 1983 1933 Christus
2040 1870 2357 1945 admonet,
2405 1875 2479 1932 ut
2523 1890 2639 1933 no-

377 1979 634 2021 scamus
679 1956 1055 2021 fermentum
1127 1956 1631 2034 Pharisaeorum,
1665 2026 1667 2028 ,
1701 1956 1871 2037 quod
1940 1959 2037 2017 est
2100 1954 2469 2035 hypocrisis,
2557 1954 2642 2018 Et

376 2044 504 2107 alio
552 2041 692 2106 loco
743 2042 1176 2124 „Attendite“,
1238 2043 1469 2123 inquit,
1522 2064 1639 2125 „ne
1677 2041 1999 2123 justitiam
2055 2049 2331 2103 vestram
2388 2039 2641 2104 faciatis

377 2150 589 2193 coram
655 2127 1044 2203 hominibus,
1107 2134 1180 2191 ut
1239 2128 1586 2191 videamini
1644 2128 1727 2189 ab
1789 2128 1908 2205 eis;
1977 2126 2221 2206 alioqui
2287 2126 2639 2189 mercedem

375 2234 509 2278 non
556 2212 810 2277 habetis
853 2215 1026 2295 apud
1070 2213 1278 2291 deum,
1324 2220 1569 2296 patrem
1617 2216 1919 2289 vestrum,
1964 2212 2078 2293 qui
2120 2212 2185 2273 in
2233 2211 2425 2275 coelis
2479 2207 2635 2274 est.“

380 2302 490 2364 Ait
518 2298 774 2363 Esaias:
801 2300 1354 2382 .„Appropinquat
1387 2298 1542 2363 mihi
1578 2297 1681 2361 hic
1713 2298 1987 2380 populus
2018 2318 2123 2361 ore
2156 2318 2271 2360 suo
2304 2300 2369 2359 et
2397 2296 2585 2361 labiis
2612 2298 2641 2336 ¹³

375 2408 480 2450 me
527 2384 820 2464 honorat,
867 2406 975 2449 cor
1020 2390 1231 2449 autem
1278 2384 1467 2466 longe
1512 2384 1697 2447 abest
1741 2406 1779 2447 a
1824 2381 1985 2447 me.“
2080 2381 2212 2445 Hos
2242 2382 2643 2449 simulatores

381 2473 478 2536 vir
523 2472 950 2548 doctissimae,
999 2471 1126 2534 imo
1177 2493 1291 2535 nos
1337 2492 1577 2548 omneS‚
1612 2471 1721 2552 qui
1752 2469 1973 2532 Musas
2005 2469 2291 2546 colimus„
2326 2471 2640 2534 sentimus

379 2579 520 2622 esse
590 2557 1002 2638 gravissimos
1066 2556 1301 2620 hostes.
1393 2556 1755 2620 Detrahunt
1819 2555 2006 2619 nobis
2066 2560 2130 2632 et
2188 2556 2641 2620 contumeliam

381 2643 809 2725 injuriamque
854 2642 1100 2706 faciunt
1143 2643 1396 2706 vesanis
1442 2643 1575 2706 suis
1622 2639 2256 2715 contradictionibus,
2303 2641 2512 2704 solum
2556 2641 2641 2705 ob

380 2729 446 2792 id
480 2728 651 2811 quod
686 2728 898 2792 fontes
930 2727 1238 2792 habemus
1269 2730 1336 2791 et
1367 2728 1490 2810 ipsi
1521 2733 1774 2791 tantum
1796 2727 2089 2791 turbidos
2120 2727 2289 2790 rivos
2320 2746 2641 2798 sacrarum

381 2815 726 2878 literarum.
816 2812 964 2877 Sed·
987 2815 1246 2877 tandem
1315 2814 1551 2877 veritas
1614 2813 1963 2877 interclusa
2023 2811 2381 2894 respirabit.
2471 2812 2643 2875 Haec

383 2901 463 2965 de
507 2900 751 2963 alienis.
845 2899 989 2963 Non
1054 2899 1237 2981 plura
1302 2900 1529 2978 dicam,
1588 2921 1667 2963 ne
1722 2901 1997 2981 imputes
2060 2897 2220 2961 illud
2288 2897 2644 2961 Menedemi

383 2985 782 3049 Terentiani:
861 2984 1312 3067 „Tantumnec
1367 2984 1450 3048 ab
1510 3007 1576 3048 re
1625 2989 1744 3048 tua
1796 2984 1918 3047 tibi
1964 2987 2065 3046 est
2106 2984 2241 3060 otii,
2302 2984 2512 3046 aliena
2570 2986 2646 3047 ut

381 3091 582 3149 cures,
647 3091 810 3153 quae
872 3071 950 3134 ad
997 3075 1062 3133 te
1107 3069 1266 3134 nihil
1327 3066 1766 3152 pertinent‘?“²
1855 3069 2123 3133 Valeant
2186 3069 2296 3132 isti
2363 3068 2648 3132 Pseudo-

380 3162 644 3220 catones
687 3161 752 3220 et
800 3157 1099 3219 desinant
1145 3161 1397 3220 nostros
1441 3150 1835 3236 πανταγίους
1877 3156 2205 3218 incessere.
2301 3153 2413 3217 Dic
2466 3154 2641 3229 mihi,

381 3243 704 3306 carissime
748 3241 1022 3320 Urbane,
1069 3241 1179 3306 ubi
1213 3243 1299 3305 sit
1331 3241 1685 3305 Erasmus?
1774 3240 1974 3321 Ajunt
2016 3261 2155 3302 esse
2200 3238 2642 3319 Moguntiaci.³

386 3329 480 3392 Do
525 3328 648 3391 tibi
713 3327 1049 3408 epistolam
1110 3329 1422 3408 elegantis
1482 3326 1928 3406 ludimagistri.
2020 3324 2261 3387 Videbo
2322 3325 2638 3405 juvenem.

385 3413 560 3478 Bene
627 3413 871 3476 scribit.
964 3414 1056 3477 De
1122 3413 1376 3494 Bisurgi
1450 3412 1611 3475 citra
1678 3415 1895 3474 notam
1964 3410 2123 3473 Ritii
2187 3409 2643 3473 consulemus.⁴

523 3561 550 3590 a
577 3549 642 3599 de
681 3547 829 3600 Tenx.
969 3551 998 3589 b
1029 3547 1178 3600 Tema.
1214 3546 1332 3613 fiiyt
1367 3547 1474 3599 tuis
1507 3545 1694 3598 lainam.
1836 3559 1860 3588 ο
1887 3545 2106 3598 Tantum
2146 3560 2229 3597 ne.

525 3617 542 3647 ¹
579 3616 755 3669 Weist
789 3616 882 3668 auf
913 3616 1066 3670 einen
1117 3615 1288 3684 (nicht
1335 3613 1661 3682 erhaltenen)
1709 3613 1795 3667 ΒΥ.
1833 3613 2121 3666 Reuchlins
2156 3628 2223 3666 an
2257 3612 2459 3666 Mutian
2518 3613 2643 3682 (vgl.

381 3683 433 3738 S.
471 3683 576 3738 482
612 3687 673 3738 A.
712 3683 784 3752 5),
821 3685 947 3738 oder
981 3685 1074 3737 auf
1103 3683 1374 3739 miindlich
1425 3683 1596 3736 durch
1645 3683 1747 3735 den
1791 3697 1876 3734 am
1921 3681 2067 3734 Ende
2112 3682 2414 3734 erwahnten
2464 3681 2644 3736 Pforz-

381 3752 590 3806 heimer
641 3752 880 3806 bestellte
935 3753 1146 3806 Griisse.
1289 3753 1308 3786 ²
1341 3752 1624 3806 Heautont.
1669 3751 1712 3817 I,
1759 3752 1806 3805 1.
1854 3750 1920 3802 23
1958 3766 2033 3817 sq.
2176 3751 2197 3782 ⁸
2230 3750 2481 3804 Erasmus
2534 3767 2645 3806 war

383 3822 522 3875 1514
555 3837 660 3874 von
694 3821 932 3890 England
977 3821 1116 3876 nach
1168 3820 1529 3874 Deutschland
1584 3818 1793 3940 (Basess
1841 3819 2273 3886 zuriickgekehrt,
2323 3835 2416 3871 um
2462 3818 2641 3888 Friihj.

383 3891 520 3944 1515
569 3905 671 3942 von
725 3905 916 3942 neuem
961 3890 1098 3942 nach
1145 3889 1381 3956 England
1419 3905 1486 3941 zu
1556 3889 1676 3940 ehn.
1796 3886 2021 3940 eidemal
2076 3887 2325 3940 besuchte
2361 3903 2419 3939 er
2456 3887 2644 3942 Mainz.

453 3959 474 3990 ⁴
507 3957 753 4010 Eur-icius
789 3958 988 4012 Cordus
1024 3958 1171 4010 hatte
1208 3957 1265 4008 in
1301 3957 1502 4010 seinem
1578 3957 1685 4009 ebr.
1739 3957 1873 4008 1515
1922 3955 2255 4024 gedichteten
2307 3956 2643 4010 Itinerarium

381 4026 708 4093 (Nocturnae
743 4025 1144 4094 periclitationis
1179 4025 1302 4094 etc.)
1339 4027 1440 4078 den
1473 4025 1610 4078 Vers
1646 4023 2013 4093 geschrieben:
2055 4024 2213 4077 »Cum
2260 4025 2487 4077 refluum
2534 4025 2645 4078 vidi

382 4095 597 4148 sinuosa
643 4095 700 4147 in
745 4094 884 4148 valle
943 4095 1332 4162 Visurgum.«
1400 4085 1547 4147 Uber
1590 4093 1675 4146 die
1724 4092 1878 4145 Form
1935 4093 2174 4160 Visurgis
2220 4095 2349 4146 statt
2382 4093 2644 4162 Visurgus

383 4163 591 4216 scheint
642 4163 713 4216 M.
769 4180 837 4216 zu
887 4162 1020 4216 Rate
1073 4177 1302 4230 gezogen
1354 4163 1565 4216 worden
1622 4179 1691 4214 zu
1744 4161 1871 4214 sein.
1944 4161 2005 4213 In
2042 4162 2161 4212 dem
2198 4161 2339 4214 Marz
2379 4163 2511 4215 1515
2585 4178 2639 4213 e-

383 4232 728 4286 sebi-iebenen
764 4231 850 4286 Br.
889 4231 992 4284 458
1027 4235 1191 4284 neunt
1225 4230 1296 4284 M.
1335 4232 1440 4284 den
1475 4231 1695 4284 Dichter
1743 4233 1921 4282 zuerst
1970 4229 2223 4284 Bul-icius,
2297 4230 2345 4282 V
2347 4231 2412 4298 gl.
2452 4230 2501 4284 S.
2559 4248 2561 4250 ’
2610 4231 2645 4282 4

389 4303 450 4354 Α.
488 4302 536 4355 4.
609 4300 718 4352 Der
752 4300 990 4368 folgende
1026 4299 1218 4353 Scherz
1256 4299 1356 4352 mit
1391 4300 1591 4352 Codrus
1630 4299 1839 4352 bezieht
1872 4298 1988 4352 sich
2025 4299 2118 4350 auf
2150 4300 2251 4352 den
2274 4313 2377 4350 von
2400 4298 2642 4352 Juvenal.

382 4368 478 4435 ΙΙΙ,
516 4369 632 4422 203.
671 4368 773 4422 208
808 4369 1111 4421 erwahnten
1155 4383 1336 4421 armen
1382 4367 1605 4420 Dichter
1648 4369 1819 4420 dieses
1866 4367 2117 4428 Namens,
2166 4383 2317 4419 wenn
2363 4368 2512 4419 nicht
2556 4368 2651 4420 auf

383 4438 483 4490 den
509 4453 613 4491 von
635 4437 705 4490 M.
730 4437 856 4490 sehr
877 4438 1016 4490 hoch
1041 4438 1379 4504 geschatzten
1415 4435 1664 4490 Italiener
1696 4437 1897 4490 Codrus
1933 4436 2152 4488 Urceus,
2208 4435 2324 4503 Vgl.
2346 4435 2396 4488 S.
2418 4437 2486 4487 42
2509 4439 2571 4488 A.
2591 4436 2642 4492 4.
