<?xml version="1.0" encoding="UTF-8"?>
<!DOCTYPE html PUBLIC "-//W3C//DTD XHTML 1.0 Transitional//EN"
    "http://www.w3.org/TR/xhtml1/DTD/xhtml1-transitional.dtd">
<html xmlns="http://www.w3.org/1999/xhtml" xml:lang="en" lang="en">
 <head>
  <title>
</title>
<meta http-equiv="Content-Type" content="text/html;charset=utf-8" />
  <meta name='ocr-system' content='tesseract 3.04.00' />
  <meta name='ocr-capabilities' content='ocr_page ocr_carea ocr_par ocr_line ocrx_word'/>
</head>
<body>
  <div class='ocr_page' id='page_1' title='image "./derbriefwechsel02kraugoog_0742.png"; bbox 0 0 3084 4895; ppageno 0'>
   <div class='ocr_carea' id='block_1_1' title="bbox 454 424 2049 523">
    <p class='ocr_par' dir='ltr' id='par_1_1' title="bbox 454 424 2049 523">
     <span class='ocr_line' id='line_1_1' title="bbox 454 424 2049 523; baseline -0.004 -19"><span class='ocrx_word' id='word_1_1' title='bbox 454 442 581 511; x_wconf 83' lang='lat'>656</span> <span class='ocrx_word' id='word_1_2' title='bbox 1149 436 1257 497; x_wconf 88' lang='lat' dir='ltr'>Der</span> <span class='ocrx_word' id='word_1_3' title='bbox 1295 440 1590 512; x_wconf 82' lang='lat' dir='ltr'>gedruckte</span> <span class='ocrx_word' id='word_1_4' title='bbox 1629 424 2049 523; x_wconf 47' lang='lat' dir='ltr'>Briefwechsels</span> 
     </span>
    </p>
   </div>
   <div class='ocr_carea' id='block_1_2' title="bbox 448 616 2718 3288">
    <p class='ocr_par' dir='ltr' id='par_1_2' title="bbox 448 616 2718 1909">
     <span class='ocr_line' id='line_1_2' title="bbox 470 616 2718 700; baseline 0 -19"><span class='ocrx_word' id='word_1_5' title='bbox 470 617 850 700; x_wconf 80' lang='lat' dir='ltr'>adjuverint,</span> <span class='ocrx_word' id='word_1_6' title='bbox 910 617 1227 688; x_wconf 76' lang='lat' dir='ltr'>auxerint,</span> <span class='ocrx_word' id='word_1_7' title='bbox 1288 620 1523 681; x_wconf 86' lang='lat' dir='ltr'>certum</span> <span class='ocrx_word' id='word_1_8' title='bbox 1571 638 1708 679; x_wconf 86' lang='lat' dir='ltr'>esse</span> <span class='ocrx_word' id='word_1_9' title='bbox 1753 616 1818 679; x_wconf 87' lang='lat' dir='ltr'>in</span> <span class='ocrx_word' id='word_1_10' title='bbox 1865 616 2039 680; x_wconf 89' lang='lat' dir='ltr'>coelo</span> <span class='ocrx_word' id='word_1_11' title='bbox 2095 617 2421 683; x_wconf 89' lang='lat' dir='ltr'>definitum</span> <span class='ocrx_word' id='word_1_12' title='bbox 2483 620 2718 693; x_wconf 91' lang='lat' dir='ltr'>locum,</span> 
     </span>
     <span class='ocr_line' id='line_1_3' title="bbox 468 702 2716 799; baseline -0 -31"><span class='ocrx_word' id='word_1_13' title='bbox 468 705 579 768; x_wconf 92' lang='lat' dir='ltr'>ubi</span> <span class='ocrx_word' id='word_1_14' title='bbox 649 703 820 767; x_wconf 87' lang='lat' dir='ltr'>beati</span> <span class='ocrx_word' id='word_1_15' title='bbox 873 704 1267 799; x_wconf 48' lang='lat' dir='ltr'>&#39;sempiterno</span> <span class='ocrx_word' id='word_1_16' title='bbox 1328 714 1538 797; x_wconf 55' lang='lat' dir='ltr'>aexjofl</span> <span class='ocrx_word' id='word_1_17' title='bbox 1601 702 1918 765; x_wconf 60' lang='lat' dir='ltr'>fruantur!</span> <span class='ocrx_word' id='word_1_18' title='bbox 1965 739 2038 747; x_wconf 91' lang='lat'><em>-</em></span> <span class='ocrx_word' id='word_1_19' title='bbox 2093 703 2196 767; x_wconf 90' lang='lat' dir='ltr'>hic</span> <span class='ocrx_word' id='word_1_20' title='bbox 2258 706 2528 770; x_wconf 85' lang='lat' dir='ltr'>verbosa</span> <span class='ocrx_word' id='word_1_21' title='bbox 2584 710 2716 769; x_wconf 91' lang='lat' dir='ltr'>ter-</span> 
     </span>
     <span class='ocr_line' id='line_1_4' title="bbox 460 790 2714 873; baseline 0 -20"><span class='ocrx_word' id='word_1_22' title='bbox 460 792 697 854; x_wconf 87' lang='lat' dir='ltr'>minum</span> <span class='ocrx_word' id='word_1_23' title='bbox 763 790 998 854; x_wconf 87' lang='lat' dir='ltr'>habeat</span> <span class='ocrx_word' id='word_1_24' title='bbox 1055 807 1469 873; x_wconf 65' lang='lat' dir='ltr'>anoowocsvy,</span> <span class='ocrx_word' id='word_1_25' title='bbox 1530 811 1609 851; x_wconf 89' lang='lat' dir='ltr'>ne</span> <span class='ocrx_word' id='word_1_26' title='bbox 1673 795 1855 871; x_wconf 89' lang='lat' dir='ltr'>putes</span> <span class='ocrx_word' id='word_1_27' title='bbox 1903 812 2000 851; x_wconf 89' lang='lat' dir='ltr'>me</span> <span class='ocrx_word' id='word_1_28' title='bbox 2046 792 2311 855; x_wconf 88' lang='lat' dir='ltr'>colorem</span> <span class='ocrx_word' id='word_1_29' title='bbox 2361 799 2426 856; x_wconf 88' lang='lat' dir='ltr'>et</span> <span class='ocrx_word' id='word_1_30' title='bbox 2471 797 2714 856; x_wconf 88' lang='lat' dir='ltr'>motum</span> 
     </span>
     <span class='ocr_line' id='line_1_5' title="bbox 460 875 2716 960; baseline -0 -20"><span class='ocrx_word' id='word_1_31' title='bbox 460 877 766 941; x_wconf 88' lang='lat' dir='ltr'>orationis</span> <span class='ocrx_word' id='word_1_32' title='bbox 830 878 1085 939; x_wconf 85' lang='lat' dir='ltr'>ornatui</span> <span class='ocrx_word' id='word_1_33' title='bbox 1132 876 1678 940; x_wconf 85' lang='lat' dir='ltr'>accommodatum</span> <span class='ocrx_word' id='word_1_34' title='bbox 1739 876 1800 937; x_wconf 88' lang='lat' dir='ltr'>in</span> <span class='ocrx_word' id='word_1_35' title='bbox 1865 875 2086 939; x_wconf 88' lang='lat' dir='ltr'>humili</span> <span class='ocrx_word' id='word_1_36' title='bbox 2135 882 2198 939; x_wconf 87' lang='lat' dir='ltr'>et</span> <span class='ocrx_word' id='word_1_37' title='bbox 2245 879 2516 959; x_wconf 76' lang='lat' dir='ltr'>simplici</span> <span class='ocrx_word' id='word_1_38' title='bbox 2563 901 2716 960; x_wconf 88' lang='lat' dir='ltr'>syn-</span> 
     </span>
     <span class='ocr_line' id='line_1_6' title="bbox 458 960 2716 1047; baseline 0 -21"><span class='ocrx_word' id='word_1_39' title='bbox 458 985 723 1044; x_wconf 87' lang='lat' dir='ltr'>ceraque</span> <span class='ocrx_word' id='word_1_40' title='bbox 769 963 1037 1042; x_wconf 79' lang='lat' dir='ltr'>epistola</span> <span class='ocrx_word' id='word_1_41' title='bbox 1084 963 1490 1041; x_wconf 72' lang='lat' dir='ltr'>quaesivisse.</span> <span class='ocrx_word' id='word_1_42' title='bbox 1585 960 1958 1042; x_wconf 66' lang='lat' dir='ltr'>Significam</span> <span class='ocrx_word' id='word_1_43' title='bbox 2007 968 2252 1027; x_wconf 77' lang='lat' dir='ltr'>tantum</span> <span class='ocrx_word' id='word_1_44' title='bbox 2309 965 2474 1028; x_wconf 82' lang='lat' dir='ltr'>volui</span> <span class='ocrx_word' id='word_1_45' title='bbox 2521 968 2716 1047; x_wconf 79' lang='lat' dir='ltr'>caput</span> 
     </span>
     <span class='ocr_line' id='line_1_7' title="bbox 448 1048 2717 1131; baseline -0 -18"><span class='ocrx_word' id='word_1_46' title='bbox 448 1049 675 1131; x_wconf 87' lang='lat' dir='ltr'>judicii</span> <span class='ocrx_word' id='word_1_47' title='bbox 754 1050 951 1111; x_wconf 78' lang='lat' dir='ltr'>nostri</span> <span class='ocrx_word' id='word_1_48' title='bbox 1018 1050 1093 1111; x_wconf 79' lang='lat' dir='ltr'>de</span> <span class='ocrx_word' id='word_1_49' title='bbox 1158 1054 1434 1122; x_wconf 84' lang='lat' dir='ltr'>auctore,</span> <span class='ocrx_word' id='word_1_50' title='bbox 1510 1048 1910 1128; x_wconf 82' lang='lat' dir='ltr'>potissimum</span> <span class='ocrx_word' id='word_1_51' title='bbox 1985 1048 2100 1111; x_wconf 84' lang='lat' dir='ltr'>hac</span> <span class='ocrx_word' id='word_1_52' title='bbox 2173 1073 2382 1123; x_wconf 78' lang='lat' dir='ltr'>causa,</span> <span class='ocrx_word' id='word_1_53' title='bbox 2449 1058 2524 1113; x_wconf 88' lang='lat' dir='ltr'>ut</span> <span class='ocrx_word' id='word_1_54' title='bbox 2593 1050 2717 1112; x_wconf 88' lang='lat' dir='ltr'>tibi</span> 
     </span>
     <span class='ocr_line' id='line_1_8' title="bbox 460 1133 2715 1214; baseline 0 -17"><span class='ocrx_word' id='word_1_55' title='bbox 460 1135 905 1198; x_wconf 86' lang='lat' dir='ltr'>monachorum</span> <span class='ocrx_word' id='word_1_56' title='bbox 956 1135 1333 1214; x_wconf 83' lang='lat' dir='ltr'>politissimo</span> <span class='ocrx_word' id='word_1_57' title='bbox 1381 1144 1630 1214; x_wconf 77' lang='lat' dir='ltr'>gratum</span> <span class='ocrx_word' id='word_1_58' title='bbox 1681 1133 2045 1197; x_wconf 85' lang='lat' dir='ltr'>faceremus.</span> <span class='ocrx_word' id='word_1_59' title='bbox 2138 1134 2304 1198; x_wconf 80' lang='lat' dir='ltr'>Sunt.</span> <span class='ocrx_word' id='word_1_60' title='bbox 2351 1138 2516 1199; x_wconf 86' lang='lat' dir='ltr'>enim</span> <span class='ocrx_word' id='word_1_61' title='bbox 2557 1138 2715 1199; x_wconf 81' lang='lat' dir='ltr'>haec</span> 
     </span>
     <span class='ocr_line' id='line_1_9' title="bbox 454 1221 2714 1303; baseline -0.001 -18"><span class='ocrx_word' id='word_1_62' title='bbox 454 1228 565 1285; x_wconf 84' lang='lat' dir='ltr'>tua</span> <span class='ocrx_word' id='word_1_63' title='bbox 610 1221 829 1285; x_wconf 77' lang='lat' dir='ltr'>verba:</span> <span class='ocrx_word' id='word_1_64' title='bbox 882 1222 1304 1303; x_wconf 86' lang='lat' dir='ltr'>„Historicum</span> <span class='ocrx_word' id='word_1_65' title='bbox 1358 1221 1688 1296; x_wconf 81' lang='lat' dir='ltr'>mittimus,</span> <span class='ocrx_word' id='word_1_66' title='bbox 1746 1227 1923 1283; x_wconf 89' lang='lat' dir='ltr'>tuum</span> <span class='ocrx_word' id='word_1_67' title='bbox 1975 1222 2050 1283; x_wconf 89' lang='lat' dir='ltr'>de</span> <span class='ocrx_word' id='word_1_68' title='bbox 2097 1221 2215 1285; x_wconf 87' lang='lat' dir='ltr'>hoc</span> <span class='ocrx_word' id='word_1_69' title='bbox 2254 1223 2563 1303; x_wconf 87' lang='lat' dir='ltr'>judicium</span> <span class='ocrx_word' id='word_1_70' title='bbox 2615 1246 2714 1285; x_wconf 83' lang='lat' dir='ltr'>re-</span> 
     </span>
     <span class='ocr_line' id='line_1_10' title="bbox 456 1304 2714 1391; baseline 0 -21"><span class='ocrx_word' id='word_1_71' title='bbox 456 1306 838 1389; x_wconf 83' lang='lat' dir='ltr'>quirentes.“</span> <span class='ocrx_word' id='word_1_72' title='bbox 935 1306 1207 1384; x_wconf 87' lang='lat' dir='ltr'>Varium,</span> <span class='ocrx_word' id='word_1_73' title='bbox 1258 1307 1341 1369; x_wconf 92' lang='lat' dir='ltr'>mi</span> <span class='ocrx_word' id='word_1_74' title='bbox 1382 1304 1620 1387; x_wconf 87' lang='lat' dir='ltr'>Lange,</span> <span class='ocrx_word' id='word_1_75' title='bbox 1655 1310 1719 1367; x_wconf 90' lang='lat' dir='ltr'>et</span> <span class='ocrx_word' id='word_1_76' title='bbox 1751 1306 2063 1369; x_wconf 88' lang='lat' dir='ltr'>eruditum</span> <span class='ocrx_word' id='word_1_77' title='bbox 2114 1316 2211 1370; x_wconf 86' lang='lat' dir='ltr'>est</span> <span class='ocrx_word' id='word_1_78' title='bbox 2256 1330 2434 1391; x_wconf 81' lang='lat' dir='ltr'>opus,</span> <span class='ocrx_word' id='word_1_79' title='bbox 2513 1310 2714 1374; x_wconf 88' lang='lat' dir='ltr'>Grae-</span> 
     </span>
     <span class='ocr_line' id='line_1_11' title="bbox 455 1392 2710 1477; baseline 0 -20"><span class='ocrx_word' id='word_1_80' title='bbox 455 1395 674 1458; x_wconf 89' lang='lat' dir='ltr'>canica</span> <span class='ocrx_word' id='word_1_81' title='bbox 730 1393 1016 1474; x_wconf 86' lang='lat' dir='ltr'>symbola</span> <span class='ocrx_word' id='word_1_82' title='bbox 1069 1393 1401 1467; x_wconf 89' lang='lat' dir='ltr'>Reuchlin,</span> <span class='ocrx_word' id='word_1_83' title='bbox 1448 1397 1521 1455; x_wconf 92' lang='lat' dir='ltr'>ut</span> <span class='ocrx_word' id='word_1_84' title='bbox 1567 1392 1880 1465; x_wconf 83' lang='lat' dir='ltr'>existimO,</span> <span class='ocrx_word' id='word_1_85' title='bbox 1941 1399 2004 1455; x_wconf 89' lang='lat' dir='ltr'>et</span> <span class='ocrx_word' id='word_1_86' title='bbox 2064 1394 2468 1475; x_wconf 76' lang='lat' dir='ltr'>Pyrkheimer</span> <span class='ocrx_word' id='word_1_87' title='bbox 2527 1418 2710 1477; x_wconf 87' lang='lat' dir='ltr'>grae-</span> 
     </span>
     <span class='ocr_line' id='line_1_12' title="bbox 454 1478 2710 1560; baseline 0 -16"><span class='ocrx_word' id='word_1_88' title='bbox 454 1480 689 1544; x_wconf 88' lang='lat' dir='ltr'>cissimi</span> <span class='ocrx_word' id='word_1_89' title='bbox 758 1480 1098 1542; x_wconf 75' lang='lat' dir='ltr'>contulere.</span> <span class='ocrx_word' id='word_1_90' title='bbox 1192 1478 1477 1560; x_wconf 88' lang='lat' dir='ltr'>Denique</span> <span class='ocrx_word' id='word_1_91' title='bbox 1523 1480 1587 1541; x_wconf 88' lang='lat' dir='ltr'>in</span> <span class='ocrx_word' id='word_1_92' title='bbox 1638 1479 1998 1541; x_wconf 89' lang='lat' dir='ltr'>universum</span> <span class='ocrx_word' id='word_1_93' title='bbox 2063 1500 2180 1560; x_wconf 84' lang='lat' dir='ltr'>ego</span> <span class='ocrx_word' id='word_1_94' title='bbox 2245 1482 2462 1551; x_wconf 80' lang='lat' dir='ltr'>tritum</span> <span class='ocrx_word' id='word_1_95' title='bbox 2534 1482 2710 1544; x_wconf 90' lang='lat' dir='ltr'>illum</span> 
     </span>
     <span class='ocr_line' id='line_1_13' title="bbox 453 1563 2716 1646; baseline 0 -17"><span class='ocrx_word' id='word_1_96' title='bbox 453 1565 827 1629; x_wconf 83' lang='lat' dir='ltr'>versiculum</span> <span class='ocrx_word' id='word_1_97' title='bbox 876 1564 1267 1646; x_wconf 80' lang='lat' dir='ltr'>suffragante</span> <span class='ocrx_word' id='word_1_98' title='bbox 1316 1565 1580 1626; x_wconf 73' lang='lat' dir='ltr'>veritate</span> <span class='ocrx_word' id='word_1_99' title='bbox 1627 1563 1968 1644; x_wconf 86' lang='lat' dir='ltr'>proferam:</span> <span class='ocrx_word' id='word_1_100' title='bbox 2037 1564 2242 1645; x_wconf 85' lang='lat' dir='ltr'>„Sunt</span> <span class='ocrx_word' id='word_1_101' title='bbox 2315 1568 2497 1642; x_wconf 84' lang='lat' dir='ltr'>bona,</span> <span class='ocrx_word' id='word_1_102' title='bbox 2557 1575 2716 1630; x_wconf 86' lang='lat' dir='ltr'>sunt</span> 
     </span>
     <span class='ocr_line' id='line_1_14' title="bbox 454 1649 2712 1734; baseline 0 -19"><span class='ocrx_word' id='word_1_103' title='bbox 454 1653 765 1734; x_wconf 84' lang='lat' dir='ltr'>quaedam</span> <span class='ocrx_word' id='word_1_104' title='bbox 832 1652 1189 1725; x_wconf 82' lang='lat' dir='ltr'>mediocria,</span> <span class='ocrx_word' id='word_1_105' title='bbox 1260 1656 1411 1714; x_wconf 88' lang='lat' dir='ltr'>sunt</span> <span class='ocrx_word' id='word_1_106' title='bbox 1480 1650 1647 1712; x_wconf 86' lang='lat' dir='ltr'>mala</span> <span class='ocrx_word' id='word_1_107' title='bbox 1719 1649 1988 1731; x_wconf 83' lang='lat' dir='ltr'>plu1·a“‚²</span> <span class='ocrx_word' id='word_1_108' title='bbox 2038 1654 2347 1731; x_wconf 80' lang='lat' dir='ltr'>quamvis,</span> <span class='ocrx_word' id='word_1_109' title='bbox 2401 1659 2468 1715; x_wconf 91' lang='lat' dir='ltr'>ut</span> <span class='ocrx_word' id='word_1_110' title='bbox 2517 1656 2712 1716; x_wconf 82' lang='lat' dir='ltr'>corri-</span> 
     </span>
     <span class='ocr_line' id='line_1_15' title="bbox 453 1737 2716 1821; baseline 0 -19"><span class='ocrx_word' id='word_1_111' title='bbox 453 1744 640 1821; x_wconf 88' lang='lat' dir='ltr'>gatur</span> <span class='ocrx_word' id='word_1_112' title='bbox 707 1760 944 1816; x_wconf 88' lang='lat' dir='ltr'>versus,</span> <span class='ocrx_word' id='word_1_113' title='bbox 1015 1738 1282 1819; x_wconf 88' lang='lat' dir='ltr'>plurima</span> <span class='ocrx_word' id='word_1_114' title='bbox 1344 1742 1496 1799; x_wconf 87' lang='lat' dir='ltr'>sunt</span> <span class='ocrx_word' id='word_1_115' title='bbox 1566 1738 1733 1799; x_wconf 89' lang='lat' dir='ltr'>bona</span> <span class='ocrx_word' id='word_1_116' title='bbox 1780 1737 1875 1799; x_wconf 84' lang='lat' dir='ltr'>vel</span> <span class='ocrx_word' id='word_1_117' title='bbox 1919 1737 2276 1815; x_wconf 83' lang='lat' dir='ltr'>mediocria,</span> <span class='ocrx_word' id='word_1_118' title='bbox 2333 1742 2485 1803; x_wconf 84' lang='lat' dir='ltr'>sunt</span> <span class='ocrx_word' id='word_1_119' title='bbox 2547 1741 2716 1803; x_wconf 85' lang='lat' dir='ltr'>mala</span> 
     </span>
     <span class='ocr_line' id='line_1_16' title="bbox 452 1848 2616 1909; baseline -0.001 -20"><span class='ocrx_word' id='word_1_120' title='bbox 452 1848 672 1909; x_wconf 86' lang='lat' dir='ltr'>pauca.</span> <span class='ocrx_word' id='word_1_121' title='bbox 1530 1870 1535 1877; x_wconf 78' lang='lat'><strong>·</strong></span> <span class='ocrx_word' id='word_1_122' title='bbox 2611 1850 2616 1853; x_wconf 94' lang='lat'>·</span> 
     </span>
    </p>

    <p class='ocr_par' dir='ltr' id='par_1_3' title="bbox 452 1908 2715 3288">
     <span class='ocr_line' id='line_1_17' title="bbox 658 1908 2712 1991; baseline 0.001 -18"><span class='ocrx_word' id='word_1_123' title='bbox 658 1911 813 1986; x_wconf 81' lang='lat' dir='ltr'>Quis</span> <span class='ocrx_word' id='word_1_124' title='bbox 858 1914 956 1973; x_wconf 84' lang='lat' dir='ltr'>est</span> <span class='ocrx_word' id='word_1_125' title='bbox 997 1908 1105 1974; x_wconf 88' lang='lat' dir='ltr'>ille</span> <span class='ocrx_word' id='word_1_126' title='bbox 1167 1908 1480 1971; x_wconf 83' lang='lat' dir='ltr'>Martinus</span> <span class='ocrx_word' id='word_1_127' title='bbox 1547 1908 1769 1984; x_wconf 88' lang='lat' dir='ltr'>Luder,</span> <span class='ocrx_word' id='word_1_128' title='bbox 1840 1909 1948 1990; x_wconf 88' lang='lat' dir='ltr'>qui</span> <span class='ocrx_word' id='word_1_129' title='bbox 2019 1910 2392 1991; x_wconf 85' lang='lat' dir='ltr'>interposito</span> <span class='ocrx_word' id='word_1_130' title='bbox 2460 1911 2712 1975; x_wconf 86' lang='lat' dir='ltr'>Joanne</span> 
     </span>
     <span class='ocr_line' id='line_1_18' title="bbox 456 1994 2714 2077; baseline 0 -17"><span class='ocrx_word' id='word_1_131' title='bbox 456 1997 658 2077; x_wconf 84' lang='lat' dir='ltr'>Fugio</span> <span class='ocrx_word' id='word_1_132' title='bbox 729 2002 791 2059; x_wconf 88' lang='lat' dir='ltr'>et</span> <span class='ocrx_word' id='word_1_133' title='bbox 856 1996 1193 2059; x_wconf 87' lang='lat' dir='ltr'>Venceslao</span> <span class='ocrx_word' id='word_1_134' title='bbox 1270 1994 1473 2059; x_wconf 87' lang='lat' dir='ltr'>Linck</span> <span class='ocrx_word' id='word_1_135' title='bbox 1547 1994 1856 2057; x_wconf 64' lang='lat' dir='ltr'>«loannem</span> <span class='ocrx_word' id='word_1_136' title='bbox 1927 1994 2214 2075; x_wconf 87' lang='lat' dir='ltr'>Langum</span> <span class='ocrx_word' id='word_1_137' title='bbox 2287 1999 2574 2077; x_wconf 85' lang='lat' dir='ltr'>sequitur</span> <span class='ocrx_word' id='word_1_138' title='bbox 2647 2004 2714 2061; x_wconf 88' lang='lat' dir='ltr'>et</span> 
     </span>
     <span class='ocr_line' id='line_1_19' title="bbox 456 2080 2712 2163; baseline 0.001 -18"><span class='ocrx_word' id='word_1_139' title='bbox 456 2085 855 2147; x_wconf 84' lang='lat' dir='ltr'>continenter</span> <span class='ocrx_word' id='word_1_140' title='bbox 916 2082 1236 2163; x_wconf 83' lang='lat' dir='ltr'>praecedit</span> <span class='ocrx_word' id='word_1_141' title='bbox 1297 2080 1669 2161; x_wconf 83' lang='lat' dir='ltr'>Stupitium,</span> <span class='ocrx_word' id='word_1_142' title='bbox 1731 2081 1971 2144; x_wconf 84' lang='lat' dir='ltr'>ordinis</span> <span class='ocrx_word' id='word_1_143' title='bbox 2036 2083 2222 2144; x_wconf 78' lang='lat' dir='ltr'>vestri</span> <span class='ocrx_word' id='word_1_144' title='bbox 2271 2083 2712 2163; x_wconf 77' lang='lat' dir='ltr'>praefectum?</span> 
     </span>
     <span class='ocr_line' id='line_1_20' title="bbox 454 2168 2709 2249; baseline 0 -17"><span class='ocrx_word' id='word_1_145' title='bbox 454 2170 730 2249; x_wconf 84' lang='lat' dir='ltr'>Insignis</span> <span class='ocrx_word' id='word_1_146' title='bbox 778 2177 874 2231; x_wconf 86' lang='lat' dir='ltr'>est</span> <span class='ocrx_word' id='word_1_147' title='bbox 920 2169 1163 2232; x_wconf 86' lang='lat' dir='ltr'>incuria</span> <span class='ocrx_word' id='word_1_148' title='bbox 1196 2172 1257 2229; x_wconf 83' lang='lat' dir='ltr'>et</span> <span class='ocrx_word' id='word_1_149' title='bbox 1294 2168 1595 2229; x_wconf 85' lang='lat' dir='ltr'>notabilis</span> <span class='ocrx_word' id='word_1_150' title='bbox 1643 2168 2020 2247; x_wconf 82' lang='lat' dir='ltr'>ignorantia.</span> <span class='ocrx_word' id='word_1_151' title='bbox 2057 2168 2110 2229; x_wconf 84' lang='lat' dir='ltr'>si</span> <span class='ocrx_word' id='word_1_152' title='bbox 2145 2168 2242 2230; x_wconf 89' lang='lat' dir='ltr'>hic</span> <span class='ocrx_word' id='word_1_153' title='bbox 2276 2170 2338 2231; x_wconf 90' lang='lat' dir='ltr'>in</span> <span class='ocrx_word' id='word_1_154' title='bbox 2380 2192 2709 2233; x_wconf 86' lang='lat' dir='ltr'>numerum</span> 
     </span>
     <span class='ocr_line' id='line_1_21' title="bbox 452 2253 2712 2336; baseline -0.001 -16"><span class='ocrx_word' id='word_1_155' title='bbox 452 2257 778 2336; x_wconf 84' lang='lat' dir='ltr'>redigitur,</span> <span class='ocrx_word' id='word_1_156' title='bbox 808 2256 835 2294; x_wconf 77' lang='lat' dir='ltr'>b</span> <span class='ocrx_word' id='word_1_157' title='bbox 883 2277 1067 2335; x_wconf 88' lang='lat' dir='ltr'>quem</span> <span class='ocrx_word' id='word_1_158' title='bbox 1118 2255 1333 2317; x_wconf 88' lang='lat' dir='ltr'>eodem</span> <span class='ocrx_word' id='word_1_159' title='bbox 1384 2255 1593 2334; x_wconf 89' lang='lat' dir='ltr'>capite</span> <span class='ocrx_word' id='word_1_160' title='bbox 1636 2253 1824 2315; x_wconf 86' lang='lat' dir='ltr'><strong>XLII.</strong></span> <span class='ocrx_word' id='word_1_161' title='bbox 1890 2254 2173 2335; x_wconf 82' lang='lat' dir='ltr'>principe</span> <span class='ocrx_word' id='word_1_162' title='bbox 2219 2254 2355 2318; x_wconf 89' lang='lat' dir='ltr'>loco</span> <span class='ocrx_word' id='word_1_163' title='bbox 2407 2256 2712 2335; x_wconf 85' lang='lat' dir='ltr'>dignatus</span> 
     </span>
     <span class='ocr_line' id='line_1_22' title="bbox 455 2340 2715 2421; baseline -0 -16"><span class='ocrx_word' id='word_1_164' title='bbox 455 2348 583 2421; x_wconf 81' lang='lat' dir='ltr'>est3</span> <span class='ocrx_word' id='word_1_165' title='bbox 631 2364 755 2405; x_wconf 90' lang='lat' dir='ltr'>non</span> <span class='ocrx_word' id='word_1_166' title='bbox 804 2342 1009 2404; x_wconf 88' lang='lat' dir='ltr'>dicam</span> <span class='ocrx_word' id='word_1_167' title='bbox 1055 2340 1307 2421; x_wconf 85' lang='lat' dir='ltr'>injuria,</span> <span class='ocrx_word' id='word_1_168' title='bbox 1356 2340 1505 2420; x_wconf 86' lang='lat' dir='ltr'>quia</span> <span class='ocrx_word' id='word_1_169' title='bbox 1552 2340 1687 2401; x_wconf 88' lang='lat' dir='ltr'>fieri</span> <span class='ocrx_word' id='word_1_170' title='bbox 1737 2345 1964 2420; x_wconf 85' lang='lat' dir='ltr'>potest,</span> <span class='ocrx_word' id='word_1_171' title='bbox 2022 2344 2094 2402; x_wconf 82' lang='lat' dir='ltr'>ut</span> <span class='ocrx_word' id='word_1_172' title='bbox 2137 2340 2299 2404; x_wconf 86' lang='lat' dir='ltr'>alius</span> <span class='ocrx_word' id='word_1_173' title='bbox 2345 2342 2430 2405; x_wconf 85' lang='lat' dir='ltr'>sit</span> <span class='ocrx_word' id='word_1_174' title='bbox 2473 2341 2715 2417; x_wconf 88' lang='lat' dir='ltr'>Luder,</span> 
     </span>
     <span class='ocr_line' id='line_1_23' title="bbox 453 2426 2710 2510; baseline -0.001 -16"><span class='ocrx_word' id='word_1_175' title='bbox 453 2430 616 2494; x_wconf 85' lang='lat' dir='ltr'>alius</span> <span class='ocrx_word' id='word_1_176' title='bbox 648 2440 672 2468; x_wconf 77' lang='lat'>‘³</span> <span class='ocrx_word' id='word_1_177' title='bbox 719 2426 1009 2492; x_wconf 79' lang='lat' dir='ltr'>Luther.³</span> <span class='ocrx_word' id='word_1_178' title='bbox 1098 2427 1301 2503; x_wconf 82' lang='lat' dir='ltr'>Quare</span> <span class='ocrx_word' id='word_1_179' title='bbox 1346 2427 1513 2491; x_wconf 87' lang='lat' dir='ltr'>inter</span> <span class='ocrx_word' id='word_1_180' title='bbox 1559 2430 1778 2508; x_wconf 83' lang='lat' dir='ltr'>poetas</span> <span class='ocrx_word' id='word_1_181' title='bbox 1827 2434 1969 2506; x_wconf 81' lang='lat' dir='ltr'>post</span> <span class='ocrx_word' id='word_1_182' title='bbox 2019 2426 2436 2493; x_wconf 80' lang='lat' dir='ltr'>Aventinum‘</span> <span class='ocrx_word' id='word_1_183' title='bbox 2483 2428 2710 2510; x_wconf 84' lang='lat' dir='ltr'>Spala-</span> 
     </span>
     <span class='ocr_line' id='line_1_24' title="bbox 454 2513 2706 2595; baseline 0 -16"><span class='ocrx_word' id='word_1_184' title='bbox 454 2520 660 2580; x_wconf 85' lang='lat' dir='ltr'>tinum</span> <span class='ocrx_word' id='word_1_185' title='bbox 732 2521 1015 2579; x_wconf 86' lang='lat' dir='ltr'>nostrum</span> <span class='ocrx_word' id='word_1_186' title='bbox 1086 2515 1558 2595; x_wconf 80' lang='lat' dir='ltr'>integerrimum</span> <span class='ocrx_word' id='word_1_187' title='bbox 1629 2513 1994 2593; x_wconf 88' lang='lat' dir='ltr'>theologum</span> <span class='ocrx_word' id='word_1_188' title='bbox 2053 2520 2115 2576; x_wconf 78' lang='lat' dir='ltr'>et</span> <span class='ocrx_word' id='word_1_189' title='bbox 2181 2519 2322 2595; x_wconf 84' lang='lat' dir='ltr'>post</span> <span class='ocrx_word' id='word_1_190' title='bbox 2393 2513 2706 2578; x_wconf 88' lang='lat' dir='ltr'>Sturnum</span> 
     </span>
     <span class='ocr_line' id='line_1_25' title="bbox 456 2599 2710 2683; baseline -0 -17"><span class='ocrx_word' id='word_1_191' title='bbox 456 2605 667 2666; x_wconf 87' lang='lat' dir='ltr'>nescio</span> <span class='ocrx_word' id='word_1_192' title='bbox 714 2623 841 2683; x_wconf 91' lang='lat' dir='ltr'>qua</span> <span class='ocrx_word' id='word_1_193' title='bbox 886 2603 951 2664; x_wconf 88' lang='lat' dir='ltr'>in</span> <span class='ocrx_word' id='word_1_194' title='bbox 1000 2601 1254 2680; x_wconf 85' lang='lat' dir='ltr'>regione</span> <span class='ocrx_word' id='word_1_195' title='bbox 1309 2599 1656 2663; x_wconf 79' lang='lat' dir='ltr'>volantem⁶</span> <span class='ocrx_word' id='word_1_196' title='bbox 1714 2599 2099 2672; x_wconf 87' lang='lat' dir='ltr'>Rubianum,</span> <span class='ocrx_word' id='word_1_197' title='bbox 2155 2601 2358 2663; x_wconf 90' lang='lat' dir='ltr'>virum</span> <span class='ocrx_word' id='word_1_198' title='bbox 2425 2603 2710 2666; x_wconf 89' lang='lat' dir='ltr'>omnium</span> 
     </span>
     <span class='ocr_line' id='line_1_26' title="bbox 456 2686 2714 2769; baseline -0 -17"><span class='ocrx_word' id='word_1_199' title='bbox 456 2689 772 2764; x_wconf 86' lang='lat' dir='ltr'>horarum,</span> <span class='ocrx_word' id='word_1_200' title='bbox 843 2688 963 2750; x_wconf 88' lang='lat' dir='ltr'>hoc</span> <span class='ocrx_word' id='word_1_201' title='bbox 1033 2695 1130 2750; x_wconf 88' lang='lat' dir='ltr'>est</span> <span class='ocrx_word' id='word_1_202' title='bbox 1187 2686 1349 2768; x_wconf 86' lang='lat' dir='ltr'>jocis</span> <span class='ocrx_word' id='word_1_203' title='bbox 1414 2690 1478 2748; x_wconf 90' lang='lat' dir='ltr'>et</span> <span class='ocrx_word' id='word_1_204' title='bbox 1545 2686 1725 2748; x_wconf 79' lang='lat' dir='ltr'>seriis</span> <span class='ocrx_word' id='word_1_205' title='bbox 1794 2686 2026 2767; x_wconf 86' lang='lat' dir='ltr'>pariter</span> <span class='ocrx_word' id='word_1_206' title='bbox 2092 2694 2310 2767; x_wconf 86' lang='lat' dir='ltr'>aptum</span> <span class='ocrx_word' id='word_1_207' title='bbox 2379 2693 2443 2750; x_wconf 85' lang='lat' dir='ltr'>et</span> <span class='ocrx_word' id='word_1_208' title='bbox 2509 2710 2714 2769; x_wconf 86' lang='lat' dir='ltr'>nuper</span> 
     </span>
     <span class='ocr_line' id='line_1_27' title="bbox 452 2771 2708 2854; baseline -0 -16"><span class='ocrx_word' id='word_1_209' title='bbox 452 2775 777 2838; x_wconf 87' lang='lat' dir='ltr'>Bononiae</span> <span class='ocrx_word' id='word_1_210' title='bbox 825 2773 1259 2854; x_wconf 82' lang='lat' dir='ltr'>theologorum</span> <span class='ocrx_word' id='word_1_211' title='bbox 1307 2771 1668 2852; x_wconf 85' lang='lat' dir='ltr'>insignibus</span> <span class='ocrx_word' id='word_1_212' title='bbox 1731 2772 2055 2834; x_wconf 85' lang='lat' dir='ltr'>donatum.</span> <span class='ocrx_word' id='word_1_213' title='bbox 2118 2773 2520 2838; x_wconf 79' lang='lat' dir='ltr'>nominavit?</span> <span class='ocrx_word' id='word_1_214' title='bbox 2611 2775 2708 2837; x_wconf 84' lang='lat' dir='ltr'>An</span> 
     </span>
     <span class='ocr_line' id='line_1_28' title="bbox 456 2857 2710 2941; baseline -0 -17"><span class='ocrx_word' id='word_1_215' title='bbox 456 2862 617 2935; x_wconf 82' lang='lat' dir='ltr'>ideo,</span> <span class='ocrx_word' id='word_1_216' title='bbox 668 2861 835 2941; x_wconf 87' lang='lat' dir='ltr'>quod</span> <span class='ocrx_word' id='word_1_217' title='bbox 886 2860 1091 2922; x_wconf 90' lang='lat' dir='ltr'>bonus</span> <span class='ocrx_word' id='word_1_218' title='bbox 1139 2864 1322 2940; x_wconf 79' lang='lat' dir='ltr'>poeta</span> <span class='ocrx_word' id='word_1_219' title='bbox 1370 2860 1576 2922; x_wconf 92' lang='lat' dir='ltr'>bonus</span> <span class='ocrx_word' id='word_1_220' title='bbox 1633 2857 1967 2939; x_wconf 80' lang='lat' dir='ltr'>theologus</span> <span class='ocrx_word' id='word_1_221' title='bbox 2027 2880 2272 2941; x_wconf 87' lang='lat' dir='ltr'>semper</span> <span class='ocrx_word' id='word_1_222' title='bbox 2317 2861 2402 2922; x_wconf 87' lang='lat' dir='ltr'>sit</span> <span class='ocrx_word' id='word_1_223' title='bbox 2445 2859 2710 2924; x_wconf 88' lang='lat' dir='ltr'>habit-us</span> 
     </span>
     <span class='ocr_line' id='line_1_29' title="bbox 453 2942 2705 3025; baseline 0 -16"><span class='ocrx_word' id='word_1_224' title='bbox 453 2955 519 3010; x_wconf 89' lang='lat' dir='ltr'>et</span> <span class='ocrx_word' id='word_1_225' title='bbox 582 2971 613 3008; x_wconf 87' lang='lat' dir='ltr'>e</span> <span class='ocrx_word' id='word_1_226' title='bbox 681 2948 970 3009; x_wconf 73' lang='lat' dir='ltr'>diverso?</span> <span class='ocrx_word' id='word_1_227' title='bbox 1062 2945 1417 3007; x_wconf 86' lang='lat' dir='ltr'>Admodum</span> <span class='ocrx_word' id='word_1_228' title='bbox 1487 2942 1644 3006; x_wconf 84' lang='lat' dir='ltr'>mihi</span> <span class='ocrx_word' id='word_1_229' title='bbox 1712 2945 1920 3025; x_wconf 87' lang='lat' dir='ltr'>placet</span> <span class='ocrx_word' id='word_1_230' title='bbox 1983 2945 2366 3008; x_wconf 84' lang='lat' dir='ltr'>eruditorum</span> <span class='ocrx_word' id='word_1_231' title='bbox 2441 2967 2705 3010; x_wconf 88' lang='lat' dir='ltr'>nomen-</span> 
     </span>
     <span class='ocr_line' id='line_1_30' title="bbox 456 3030 2708 3113; baseline 0 -17"><span class='ocrx_word' id='word_1_232' title='bbox 456 3035 716 3106; x_wconf 84' lang='lat' dir='ltr'>clatura,</span> <span class='ocrx_word' id='word_1_233' title='bbox 766 3054 893 3096; x_wconf 90' lang='lat' dir='ltr'>non</span> <span class='ocrx_word' id='word_1_234' title='bbox 940 3032 1141 3094; x_wconf 88' lang='lat' dir='ltr'>solum</span> <span class='ocrx_word' id='word_1_235' title='bbox 1190 3052 1400 3094; x_wconf 88' lang='lat' dir='ltr'>amore</span> <span class='ocrx_word' id='word_1_236' title='bbox 1448 3030 1821 3104; x_wconf 88' lang='lat' dir='ltr'>studiorum,</span> <span class='ocrx_word' id='word_1_237' title='bbox 1884 3031 1990 3093; x_wconf 90' lang='lat' dir='ltr'>sed</span> <span class='ocrx_word' id='word_1_238' title='bbox 2039 3036 2370 3113; x_wconf 85' lang='lat' dir='ltr'>propterea</span> <span class='ocrx_word' id='word_1_239' title='bbox 2434 3034 2708 3096; x_wconf 80' lang='lat' dir='ltr'>maxime</span> 
     </span>
     <span class='ocr_line' id='line_1_31' title="bbox 455 3116 2709 3202; baseline -0.002 -18"><span class='ocrx_word' id='word_1_240' title='bbox 455 3121 642 3202; x_wconf 90' lang='lat' dir='ltr'>quod,</span> <span class='ocrx_word' id='word_1_241' title='bbox 692 3124 762 3181; x_wconf 86' lang='lat' dir='ltr'>ut</span> <span class='ocrx_word' id='word_1_242' title='bbox 814 3119 1176 3182; x_wconf 83' lang='lat' dir='ltr'>Athenaeus</span> <span class='ocrx_word' id='word_1_243' title='bbox 1237 3118 1450 3186; x_wconf 79' lang='lat' dir='ltr'>tradit,</span> <span class='ocrx_word' id='word_1_244' title='bbox 1513 3117 1632 3178; x_wconf 85' lang='lat' dir='ltr'>sub</span> <span class='ocrx_word' id='word_1_245' title='bbox 1681 3118 1934 3180; x_wconf 87' lang='lat' dir='ltr'>nomine</span> <span class='ocrx_word' id='word_1_246' title='bbox 1993 3116 2510 3198; x_wconf 82' lang='lat' dir='ltr'>philosophorum</span> <span class='ocrx_word' id='word_1_247' title='bbox 2584 3121 2709 3181; x_wconf 84' lang='lat' dir='ltr'>vir-</span> 
     </span>
     <span class='ocr_line' id='line_1_32' title="bbox 456 3203 2710 3288; baseline -0.002 -17"><span class='ocrx_word' id='word_1_248' title='bbox 456 3213 625 3271; x_wconf 83' lang='lat' dir='ltr'>tutes</span> <span class='ocrx_word' id='word_1_249' title='bbox 669 3206 839 3288; x_wconf 84' lang='lat' dir='ltr'>ipsas</span> <span class='ocrx_word' id='word_1_250' title='bbox 908 3205 1307 3268; x_wconf 84' lang='lat' dir='ltr'>admiramur.</span> <span class='ocrx_word' id='word_1_251' title='bbox 1400 3203 1519 3279; x_wconf 83' lang='lat' dir='ltr'>Qui</span> <span class='ocrx_word' id='word_1_252' title='bbox 1585 3203 1911 3266; x_wconf 84' lang='lat' dir='ltr'>Erasmum</span> <span class='ocrx_word' id='word_1_253' title='bbox 1983 3204 2218 3274; x_wconf 87' lang='lat' dir='ltr'>laudat,</span> <span class='ocrx_word' id='word_1_254' title='bbox 2282 3205 2710 3286; x_wconf 80' lang='lat' dir='ltr'>eloquentiam</span> 
     </span>
    </p>
   </div>
   <div class='ocr_carea' id='block_1_3' title="bbox 454 3357 620 3362">
    <p class='ocr_par' dir='ltr' id='par_1_4' title="bbox 454 3357 620 3362">
     <span class='ocr_line' id='line_1_33' title="bbox 454 3357 620 3362; baseline 0 0"><span class='ocrx_word' id='word_1_255' title='bbox 454 3357 620 3362; x_wconf 95' lang='lat' dir='ltr'> </span> 
     </span>
    </p>
   </div>
   <div class='ocr_carea' id='block_1_4' title="bbox 625 3355 790 3362">
    <p class='ocr_par' dir='ltr' id='par_1_5' title="bbox 625 3355 790 3362">
     <span class='ocr_line' id='line_1_34' title="bbox 625 3355 790 3362; baseline 0 1533"><span class='ocrx_word' id='word_1_256' title='bbox 625 3355 790 3362; x_wconf 95' lang='lat' dir='ltr'> </span> 
     </span>
    </p>
   </div>
   <div class='ocr_carea' id='block_1_5' title="bbox 453 3423 2711 4527">
    <p class='ocr_par' dir='ltr' id='par_1_6' title="bbox 456 3423 2708 3550">
     <span class='ocr_line' id='line_1_35' title="bbox 596 3423 2708 3495; baseline 0 -16"><span class='ocrx_word' id='word_1_257' title='bbox 596 3442 623 3469; x_wconf 75' lang='lat'>⁹·</span> <span class='ocrx_word' id='word_1_258' title='bbox 651 3443 753 3495; x_wconf 90' lang='lat' dir='ltr'>quo</span> <span class='ocrx_word' id='word_1_259' title='bbox 787 3431 915 3478; x_wconf 71' lang='lat' dir='ltr'>stult</span> <span class='ocrx_word' id='word_1_260' title='bbox 952 3442 1081 3478; x_wconf 80' lang='lat' dir='ltr'>aevo</span> <span class='ocrx_word' id='word_1_261' title='bbox 1116 3425 1342 3476; x_wconf 77' lang='lat' dir='ltr'>Krause.</span> <span class='ocrx_word' id='word_1_262' title='bbox 1484 3427 1512 3463; x_wconf 87' lang='lat' dir='ltr'>b</span> <span class='ocrx_word' id='word_1_263' title='bbox 1540 3423 1805 3491; x_wconf 81' lang='lat' dir='ltr'>redegitur</span> <span class='ocrx_word' id='word_1_264' title='bbox 1851 3423 2066 3490; x_wconf 73' lang='lat' dir='ltr'>Autoqr.</span> <span class='ocrx_word' id='word_1_265' title='bbox 2104 3441 2157 3477; x_wconf 80' lang='lat' dir='ltr'>u.</span> <span class='ocrx_word' id='word_1_266' title='bbox 2196 3423 2371 3476; x_wconf 80' lang='lat' dir='ltr'>Kolde.</span> <span class='ocrx_word' id='word_1_267' title='bbox 2512 3441 2536 3467; x_wconf 75' lang='lat' dir='ltr'>t·</span> <span class='ocrx_word' id='word_1_268' title='bbox 2566 3427 2708 3479; x_wconf 88' lang='lat' dir='ltr'>aliud</span> 
     </span>
     <span class='ocr_line' id='line_1_36' title="bbox 456 3497 629 3550; baseline -0.012 0"><span class='ocrx_word' id='word_1_269' title='bbox 456 3497 629 3550; x_wconf 79' lang='lat' dir='ltr'>Kolde.</span> 
     </span>
    </p>

    <p class='ocr_par' dir='ltr' id='par_1_7' title="bbox 453 3559 2711 4458">
     <span class='ocr_line' id='line_1_37' title="bbox 599 3559 2706 3630; baseline -0.001 -12"><span class='ocrx_word' id='word_1_270' title='bbox 599 3569 612 3596; x_wconf 90' lang='lat'><strong>¹</strong></span> <span class='ocrx_word' id='word_1_271' title='bbox 651 3565 755 3618; x_wconf 84' lang='lat' dir='ltr'>Cic.</span> <span class='ocrx_word' id='word_1_272' title='bbox 812 3563 1085 3616; x_wconf 87' lang='lat' dir='ltr'>Somnium</span> <span class='ocrx_word' id='word_1_273' title='bbox 1138 3562 1275 3630; x_wconf 86' lang='lat' dir='ltr'>Scip.</span> <span class='ocrx_word' id='word_1_274' title='bbox 1314 3562 1361 3614; x_wconf 87' lang='lat'>3.</span> <span class='ocrx_word' id='word_1_275' title='bbox 1504 3563 1523 3594; x_wconf 77' lang='lat'><strong>2</strong></span> <span class='ocrx_word' id='word_1_276' title='bbox 1560 3559 1782 3616; x_wconf 81' lang='lat' dir='ltr'>Martial.</span> <span class='ocrx_word' id='word_1_277' title='bbox 1823 3561 1862 3618; x_wconf 81' lang='lat'>1,</span> <span class='ocrx_word' id='word_1_278' title='bbox 1903 3561 1964 3614; x_wconf 83' lang='lat' dir='ltr'>1ss</span> <span class='ocrx_word' id='word_1_279' title='bbox 2003 3561 2132 3629; x_wconf 84' lang='lat'>(17).</span> <span class='ocrx_word' id='word_1_280' title='bbox 2275 3563 2296 3592; x_wconf 82' lang='lat'>³</span> <span class='ocrx_word' id='word_1_281' title='bbox 2331 3562 2466 3615; x_wconf 78' lang='lat' dir='ltr'>iren.</span> <span class='ocrx_word' id='word_1_282' title='bbox 2505 3562 2572 3622; x_wconf 87' lang='lat' dir='ltr'>II,</span> <span class='ocrx_word' id='word_1_283' title='bbox 2608 3564 2706 3616; x_wconf 77' lang='lat'>42:</span> 
     </span>
     <span class='ocr_line' id='line_1_38' title="bbox 459 3629 2709 3697; baseline -0.001 -10"><span class='ocrx_word' id='word_1_284' title='bbox 459 3635 741 3688; x_wconf 76' lang='lat' dir='ltr'>»Omnibus</span> <span class='ocrx_word' id='word_1_285' title='bbox 811 3639 989 3686; x_wconf 85' lang='lat' dir='ltr'>autem</span> <span class='ocrx_word' id='word_1_286' title='bbox 1062 3631 1333 3684; x_wconf 81' lang='lat' dir='ltr'>Germanis</span> <span class='ocrx_word' id='word_1_287' title='bbox 1406 3631 1802 3697; x_wconf 79' lang='lat' dir='ltr'>antesignanum</span> <span class='ocrx_word' id='word_1_288' title='bbox 1863 3629 2147 3682; x_wconf 74' lang='lat' dir='ltr'>Martinum</span> <span class='ocrx_word' id='word_1_289' title='bbox 2207 3630 2498 3684; x_wconf 83' lang='lat' dir='ltr'>Luthe1·um</span> <span class='ocrx_word' id='word_1_290' title='bbox 2559 3631 2709 3684; x_wconf 86' lang='lat' dir='ltr'>Vite-</span> 
     </span>
     <span class='ocr_line' id='line_1_39' title="bbox 456 3699 2710 3772; baseline -0.002 -15"><span class='ocrx_word' id='word_1_291' title='bbox 456 3705 789 3772; x_wconf 84' lang='lat' dir='ltr'>bergensium</span> <span class='ocrx_word' id='word_1_292' title='bbox 814 3703 1132 3754; x_wconf 84' lang='lat' dir='ltr'>ordinarium</span> <span class='ocrx_word' id='word_1_293' title='bbox 1154 3700 1363 3768; x_wconf 84' lang='lat' dir='ltr'>publico</span> <span class='ocrx_word' id='word_1_294' title='bbox 1388 3701 1598 3753; x_wconf 85' lang='lat' dir='ltr'>nomine</span> <span class='ocrx_word' id='word_1_295' title='bbox 1633 3700 1991 3768; x_wconf 84' lang='lat' dir='ltr'>theologorum</span> <span class='ocrx_word' id='word_1_296' title='bbox 2016 3699 2278 3768; x_wconf 85' lang='lat' dir='ltr'>appellare</span> <span class='ocrx_word' id='word_1_297' title='bbox 2307 3701 2517 3753; x_wconf 88' lang='lat' dir='ltr'>honoris</span> <span class='ocrx_word' id='word_1_298' title='bbox 2542 3703 2710 3766; x_wconf 74' lang='lat' dir='ltr'>gratia</span> 
     </span>
     <span class='ocr_line' id='line_1_40' title="bbox 456 3769 2710 3840; baseline -0.001 -14"><span class='ocrx_word' id='word_1_299' title='bbox 456 3774 722 3827; x_wconf 72' lang='lat' dir='ltr'>voluimus</span> <span class='ocrx_word' id='word_1_300' title='bbox 759 3773 823 3824; x_wconf 90' lang='lat' dir='ltr'>ob</span> <span class='ocrx_word' id='word_1_301' title='bbox 860 3772 1123 3840; x_wconf 84' lang='lat' dir='ltr'>egregiam</span> <span class='ocrx_word' id='word_1_302' title='bbox 1160 3769 1508 3822; x_wconf 80' lang='lat' dir='ltr'>eruditionem</span> <span class='ocrx_word' id='word_1_303' title='bbox 1546 3785 1577 3820; x_wconf 90' lang='lat' dir='ltr'>a</span> <span class='ocrx_word' id='word_1_304' title='bbox 1611 3769 1701 3821; x_wconf 89' lang='lat' dir='ltr'>tali</span> <span class='ocrx_word' id='word_1_305' title='bbox 1741 3770 1852 3821; x_wconf 75' lang='lat' dir='ltr'>viro</span> <span class='ocrx_word' id='word_1_306' title='bbox 1889 3773 2246 3835; x_wconf 71' lang='lat' dir='ltr'>aucupatam«</span> <span class='ocrx_word' id='word_1_307' title='bbox 2317 3769 2496 3822; x_wconf 85' lang='lat' dir='ltr'>Etwas</span> <span class='ocrx_word' id='word_1_308' title='bbox 2535 3777 2710 3836; x_wconf 69' lang='lat' dir='ltr'>spater</span> 
     </span>
     <span class='ocr_line' id='line_1_41' title="bbox 458 3837 2710 3908; baseline -0.001 -14"><span class='ocrx_word' id='word_1_309' title='bbox 458 3844 665 3895; x_wconf 83' lang='lat' dir='ltr'>werden</span> <span class='ocrx_word' id='word_1_310' title='bbox 705 3843 841 3894; x_wconf 89' lang='lat' dir='ltr'>dann</span> <span class='ocrx_word' id='word_1_311' title='bbox 879 3839 1197 3908; x_wconf 67' lang='lat' dir='ltr'>ausgeziihlt:</span> <span class='ocrx_word' id='word_1_312' title='bbox 1234 3839 1351 3891; x_wconf 75' lang='lat' dir='ltr'>Joh.</span> <span class='ocrx_word' id='word_1_313' title='bbox 1390 3839 1551 3905; x_wconf 88' lang='lat' dir='ltr'>Lang,</span> <span class='ocrx_word' id='word_1_314' title='bbox 1605 3838 1724 3890; x_wconf 88' lang='lat' dir='ltr'>Joh.</span> <span class='ocrx_word' id='word_1_315' title='bbox 1775 3837 1902 3905; x_wconf 80' lang='lat' dir='ltr'>Fug,</span> <span class='ocrx_word' id='word_1_316' title='bbox 1958 3839 2222 3890; x_wconf 83' lang='lat' dir='ltr'>Wonzesl.</span> <span class='ocrx_word' id='word_1_317' title='bbox 2279 3839 2458 3894; x_wconf 84' lang='lat' dir='ltr'>Linck,</span> <span class='ocrx_word' id='word_1_318' title='bbox 2515 3839 2710 3891; x_wconf 77' lang='lat' dir='ltr'>Mar-tin</span> 
     </span>
     <span class='ocr_line' id='line_1_42' title="bbox 455 3907 2708 3978; baseline -0.002 -13"><span class='ocrx_word' id='word_1_319' title='bbox 455 3913 547 3965; x_wconf 92' lang='lat' dir='ltr'>Lu</span> <span class='ocrx_word' id='word_1_320' title='bbox 564 3913 688 3978; x_wconf 86' lang='lat' dir='ltr'>der,</span> <span class='ocrx_word' id='word_1_321' title='bbox 724 3912 841 3963; x_wconf 90' lang='lat' dir='ltr'>Joh.</span> <span class='ocrx_word' id='word_1_322' title='bbox 881 3928 931 3962; x_wconf 75' lang='grc' dir='ltr'>ν.</span> <span class='ocrx_word' id='word_1_323' title='bbox 970 3909 1219 3976; x_wconf 79' lang='lat' dir='ltr'>StaupitZ.</span> <span class='ocrx_word' id='word_1_324' title='bbox 1292 3907 1389 3959; x_wconf 90' lang='lat' dir='ltr'>Mit</span> <span class='ocrx_word' id='word_1_325' title='bbox 1444 3907 1614 3958; x_wconf 86' lang='lat' dir='ltr'>Recht</span> <span class='ocrx_word' id='word_1_326' title='bbox 1647 3907 1808 3958; x_wconf 85' lang='lat' dir='ltr'>findet</span> <span class='ocrx_word' id='word_1_327' title='bbox 1843 3907 2045 3958; x_wconf 87' lang='lat' dir='ltr'>Mutian</span> <span class='ocrx_word' id='word_1_328' title='bbox 2081 3908 2133 3957; x_wconf 85' lang='lat' dir='ltr'>in</span> <span class='ocrx_word' id='word_1_329' title='bbox 2173 3908 2264 3958; x_wconf 84' lang='lat' dir='ltr'>der</span> <span class='ocrx_word' id='word_1_330' title='bbox 2301 3907 2573 3974; x_wconf 83' lang='lat' dir='ltr'>doppelten</span> <span class='ocrx_word' id='word_1_331' title='bbox 2615 3909 2708 3960; x_wconf 83' lang='lat' dir='ltr'>Er-</span> 
     </span>
     <span class='ocr_line' id='line_1_43' title="bbox 457 3975 2709 4047; baseline -0.003 -13"><span class='ocrx_word' id='word_1_332' title='bbox 457 3982 719 4047; x_wconf 68' lang='lat' dir='ltr'>wtilmung</span> <span class='ocrx_word' id='word_1_333' title='bbox 769 3979 996 4031; x_wconf 87' lang='lat' dir='ltr'>Luthers</span> <span class='ocrx_word' id='word_1_334' title='bbox 1040 3979 1153 4031; x_wconf 82' lang='lat' dir='ltr'>und</span> <span class='ocrx_word' id='word_1_335' title='bbox 1197 3977 1397 4029; x_wconf 78' lang='lat' dir='ltr'>Luders</span> <span class='ocrx_word' id='word_1_336' title='bbox 1434 3977 1550 4027; x_wconf 82' lang='lat' dir='ltr'>eine</span> <span class='ocrx_word' id='word_1_337' title='bbox 1586 3976 2020 4042; x_wconf 65' lang='lat' dir='ltr'>Nachliissigkeit.</span> <span class='ocrx_word' id='word_1_338' title='bbox 2093 3975 2210 4030; x_wconf 89' lang='lat' dir='ltr'><strong>Joh.</strong></span> <span class='ocrx_word' id='word_1_339' title='bbox 2249 3976 2291 4028; x_wconf 83' lang='lat' dir='ltr'><strong>F</strong></span> <span class='ocrx_word' id='word_1_340' title='bbox 2293 3994 2378 4044; x_wconf 83' lang='lat' dir='ltr'>ug.</span> <span class='ocrx_word' id='word_1_341' title='bbox 2416 3976 2709 4042; x_wconf 72' lang='lat' dir='ltr'>gleichfalls</span> 
     </span>
     <span class='ocr_line' id='line_1_44' title="bbox 456 4045 2710 4115; baseline -0.001 -13"><span class='ocrx_word' id='word_1_342' title='bbox 456 4051 540 4102; x_wconf 88' lang='lat' dir='ltr'>ein</span> <span class='ocrx_word' id='word_1_343' title='bbox 580 4049 914 4115; x_wconf 83' lang='lat' dir='ltr'>Augustiner.</span> <span class='ocrx_word' id='word_1_344' title='bbox 952 4047 1081 4100; x_wconf 79' lang='lat' dir='ltr'>wird</span> <span class='ocrx_word' id='word_1_345' title='bbox 1120 4045 1256 4099; x_wconf 86' lang='lat' dir='ltr'>auch</span> <span class='ocrx_word' id='word_1_346' title='bbox 1294 4061 1393 4096; x_wconf 83' lang='lat' dir='ltr'>von</span> <span class='ocrx_word' id='word_1_347' title='bbox 1432 4045 1761 4096; x_wconf 77' lang='lat' dir='ltr'>Pirkheimer</span> <span class='ocrx_word' id='word_1_348' title='bbox 1797 4045 1850 4096; x_wconf 88' lang='lat' dir='ltr'>in</span> <span class='ocrx_word' id='word_1_349' title='bbox 1886 4047 2058 4097; x_wconf 83' lang='lat' dir='ltr'>seiner</span> <span class='ocrx_word' id='word_1_350' title='bbox 2113 4045 2363 4112; x_wconf 86' lang='lat' dir='ltr'>Apologie</span> <span class='ocrx_word' id='word_1_351' title='bbox 2417 4045 2710 4100; x_wconf 81' lang='lat' dir='ltr'>Reuchlins</span> 
     </span>
     <span class='ocr_line' id='line_1_45' title="bbox 458 4113 2708 4182; baseline -0.003 -10"><span class='ocrx_word' id='word_1_352' title='bbox 458 4123 612 4172; x_wconf 85' lang='lat' dir='ltr'>unter</span> <span class='ocrx_word' id='word_1_353' title='bbox 647 4120 745 4170; x_wconf 86' lang='lat' dir='ltr'>den</span> <span class='ocrx_word' id='word_1_354' title='bbox 785 4117 1143 4169; x_wconf 84' lang='lat' dir='ltr'>bedeutenden</span> <span class='ocrx_word' id='word_1_355' title='bbox 1179 4114 1471 4181; x_wconf 80' lang='lat' dir='ltr'>Theologen</span> <span class='ocrx_word' id='word_1_356' title='bbox 1508 4115 1601 4165; x_wconf 86' lang='lat' dir='ltr'>der</span> <span class='ocrx_word' id='word_1_357' title='bbox 1637 4113 1748 4166; x_wconf 82' lang='lat' dir='ltr'>Ze1t</span> <span class='ocrx_word' id='word_1_358' title='bbox 1782 4118 2023 4181; x_wconf 81' lang='lat' dir='ltr'>genannt.</span> <span class='ocrx_word' id='word_1_359' title='bbox 2095 4115 2260 4166; x_wconf 80' lang='lat' dir='ltr'>Einen</span> <span class='ocrx_word' id='word_1_360' title='bbox 2299 4115 2492 4166; x_wconf 83' lang='lat' dir='ltr'>andern</span> <span class='ocrx_word' id='word_1_361' title='bbox 2531 4115 2708 4182; x_wconf 81' lang='lat' dir='ltr'>(Paul)</span> 
     </span>
     <span class='ocr_line' id='line_1_46' title="bbox 455 4175 2711 4255; baseline -0.002 -15"><span class='ocrx_word' id='word_1_362' title='bbox 455 4187 712 4255; x_wconf 81' lang='lat' dir='ltr'>PhugiuS,</span> <span class='ocrx_word' id='word_1_363' title='bbox 750 4185 998 4252; x_wconf 85' lang='lat' dir='ltr'>Subprior</span> <span class='ocrx_word' id='word_1_364' title='bbox 1032 4188 1124 4237; x_wconf 81' lang='lat' dir='ltr'>der</span> <span class='ocrx_word' id='word_1_365' title='bbox 1159 4183 1494 4249; x_wconf 80' lang='lat' dir='ltr'>Augustiner,</span> <span class='ocrx_word' id='word_1_366' title='bbox 1532 4183 1768 4234; x_wconf 64' lang='lat' dir='ltr'>erwahnt</span> <span class='ocrx_word' id='word_1_367' title='bbox 1802 4184 2014 4235; x_wconf 77' lang='lat' dir='ltr'>Luther.</span> <span class='ocrx_word' id='word_1_368' title='bbox 2088 4183 2166 4236; x_wconf 83' lang='lat' dir='ltr'>De</span> <span class='ocrx_word' id='word_1_369' title='bbox 2203 4183 2288 4236; x_wconf 83' lang='lat' dir='ltr'>W.</span> <span class='ocrx_word' id='word_1_370' title='bbox 2327 4184 2370 4239; x_wconf 81' lang='lat' dir='ltr'>I,</span> <span class='ocrx_word' id='word_1_371' title='bbox 2407 4184 2489 4237; x_wconf 82' lang='lat'>42.</span> <span class='ocrx_word' id='word_1_372' title='bbox 2563 4175 2711 4236; x_wconf 75' lang='lat' dir='ltr'>Uber</span> 
     </span>
     <span class='ocr_line' id='line_1_47' title="bbox 453 4251 2706 4320; baseline -0.001 -11"><span class='ocrx_word' id='word_1_373' title='bbox 453 4259 523 4309; x_wconf 87' lang='lat' dir='ltr'>W</span> <span class='ocrx_word' id='word_1_374' title='bbox 527 4257 798 4309; x_wconf 82' lang='lat' dir='ltr'>enzeslaus</span> <span class='ocrx_word' id='word_1_375' title='bbox 834 4255 982 4320; x_wconf 83' lang='lat' dir='ltr'>Link,</span> <span class='ocrx_word' id='word_1_376' title='bbox 1021 4256 1120 4307; x_wconf 85' lang='lat' dir='ltr'>den</span> <span class='ocrx_word' id='word_1_377' title='bbox 1159 4257 1363 4320; x_wconf 66' lang='lat' dir='ltr'>spiitem</span> <span class='ocrx_word' id='word_1_378' title='bbox 1408 4253 1653 4319; x_wconf 76' lang='lat' dir='ltr'>Prodigcr</span> <span class='ocrx_word' id='word_1_379' title='bbox 1688 4252 1741 4304; x_wconf 89' lang='lat' dir='ltr'>in</span> <span class='ocrx_word' id='word_1_380' title='bbox 1778 4251 2070 4319; x_wconf 71' lang='lat' dir='ltr'>Nur-siberg,</span> <span class='ocrx_word' id='word_1_381' title='bbox 2110 4252 2211 4318; x_wconf 82' lang='lat' dir='ltr'>vgl.</span> <span class='ocrx_word' id='word_1_382' title='bbox 2268 4253 2444 4308; x_wconf 80' lang='lat' dir='ltr'>Will.</span> <span class='ocrx_word' id='word_1_383' title='bbox 2505 4252 2706 4308; x_wconf 84' lang='lat' dir='ltr'>Niirnb.</span> 
     </span>
     <span class='ocr_line' id='line_1_48' title="bbox 454 4321 2708 4388; baseline -0.002 -10"><span class='ocrx_word' id='word_1_384' title='bbox 454 4327 720 4379; x_wconf 55' lang='grc' dir='ltr'>(ἑοὶ-ΜΚ.</span> <span class='ocrx_word' id='word_1_385' title='bbox 760 4324 826 4383; x_wconf 90' lang='lat' dir='ltr'>II,</span> <span class='ocrx_word' id='word_1_386' title='bbox 872 4326 971 4375; x_wconf 74' lang='lat'>545</span> <span class='ocrx_word' id='word_1_387' title='bbox 1009 4325 1059 4376; x_wconf 87' lang='lat' dir='ltr'>ff.</span> <span class='ocrx_word' id='word_1_388' title='bbox 1182 4327 1201 4354; x_wconf 79' lang='lat'>⁴</span> <span class='ocrx_word' id='word_1_389' title='bbox 1234 4321 1694 4374; x_wconf 79' lang='lat' dir='ltr'>Jol1.Thu1·maie1·.</span> <span class='ocrx_word' id='word_1_390' title='bbox 1755 4321 1868 4388; x_wconf 84' lang='lat' dir='ltr'>Vgl.</span> <span class='ocrx_word' id='word_1_391' title='bbox 1909 4321 2032 4374; x_wconf 83' lang='lat' dir='ltr'>Erh</span> <span class='ocrx_word' id='word_1_392' title='bbox 2047 4339 2077 4373; x_wconf 82' lang='lat' dir='ltr'>a</span> <span class='ocrx_word' id='word_1_393' title='bbox 2095 4322 2162 4373; x_wconf 74' lang='lat' dir='ltr'>rd</span> <span class='ocrx_word' id='word_1_394' title='bbox 2200 4321 2293 4374; x_wconf 85' lang='lat'>111.</span> <span class='ocrx_word' id='word_1_395' title='bbox 2331 4323 2428 4373; x_wconf 72' lang='lat'>421</span> <span class='ocrx_word' id='word_1_396' title='bbox 2470 4323 2521 4375; x_wconf 82' lang='lat' dir='ltr'>ff.</span> <span class='ocrx_word' id='word_1_397' title='bbox 2577 4321 2708 4374; x_wconf 85' lang='lat' dir='ltr'>Eine</span> 
     </span>
     <span class='ocr_line' id='line_1_49' title="bbox 455 4390 2704 4458; baseline -0 -12"><span class='ocrx_word' id='word_1_398' title='bbox 455 4411 590 4446; x_wconf 84' lang='lat' dir='ltr'>neue</span> <span class='ocrx_word' id='word_1_399' title='bbox 628 4397 787 4457; x_wconf 79' lang='lat' dir='ltr'>Ausg.</span> <span class='ocrx_word' id='word_1_400' title='bbox 828 4393 996 4444; x_wconf 74' lang='lat' dir='ltr'>seium·</span> <span class='ocrx_word' id='word_1_401' title='bbox 1032 4391 1224 4442; x_wconf 81' lang='lat' dir='ltr'>Werke</span> <span class='ocrx_word' id='word_1_402' title='bbox 1258 4390 1598 4443; x_wconf 77' lang='lat' dir='ltr'>veranstaltct</span> <span class='ocrx_word' id='word_1_403' title='bbox 1633 4391 1716 4442; x_wconf 84' lang='lat' dir='ltr'>die</span> <span class='ocrx_word' id='word_1_404' title='bbox 1755 4390 1869 4458; x_wconf 85' lang='lat' dir='ltr'>Kgl.</span> <span class='ocrx_word' id='word_1_405' title='bbox 1899 4391 2060 4442; x_wconf 85' lang='lat' dir='ltr'>Akad.</span> <span class='ocrx_word' id='word_1_406' title='bbox 2087 4392 2134 4443; x_wconf 86' lang='lat' dir='ltr'>d.</span> <span class='ocrx_word' id='word_1_407' title='bbox 2161 4391 2326 4444; x_wconf 84' lang='lat' dir='ltr'>Wiss.</span> <span class='ocrx_word' id='word_1_408' title='bbox 2347 4392 2399 4442; x_wconf 82' lang='lat' dir='ltr'>in</span> <span class='ocrx_word' id='word_1_409' title='bbox 2424 4391 2704 4445; x_wconf 79' lang='lat' dir='ltr'>Miincheu.</span> 
     </span>
    </p>

    <p class='ocr_par' dir='ltr' id='par_1_8' title="bbox 529 4459 2359 4527">
     <span class='ocr_line' id='line_1_50' title="bbox 529 4459 2359 4527; baseline -0.001 -13"><span class='ocrx_word' id='word_1_410' title='bbox 529 4467 549 4495; x_wconf 77' lang='lat'>⁵</span> <span class='ocrx_word' id='word_1_411' title='bbox 583 4463 698 4514; x_wconf 88' lang='lat' dir='ltr'>Joh.</span> <span class='ocrx_word' id='word_1_412' title='bbox 740 4463 963 4512; x_wconf 82' lang='lat' dir='ltr'>Sturnus</span> <span class='ocrx_word' id='word_1_413' title='bbox 1000 4476 1094 4512; x_wconf 88' lang='lat' dir='ltr'>aus</span> <span class='ocrx_word' id='word_1_414' title='bbox 1130 4459 1550 4526; x_wconf 76' lang='lat' dir='ltr'>Schinalkaldcn,</span> <span class='ocrx_word' id='word_1_415' title='bbox 1589 4460 1730 4512; x_wconf 84' lang='lat' dir='ltr'>Poet.</span> <span class='ocrx_word' id='word_1_416' title='bbox 1803 4459 2021 4527; x_wconf 82' lang='lat' dir='ltr'>Erhard,</span> <span class='ocrx_word' id='word_1_417' title='bbox 2059 4459 2153 4526; x_wconf 91' lang='lat' dir='ltr'>III,</span> <span class='ocrx_word' id='word_1_418' title='bbox 2191 4459 2292 4512; x_wconf 78' lang='lat'>320</span> <span class='ocrx_word' id='word_1_419' title='bbox 2327 4461 2359 4514; x_wconf 79' lang='lat' dir='ltr'>f.</span> 
     </span>
    </p>
   </div>
  </div>
 </body>
</html>
