3084 4895
1266 385 1492 440 =Mutian
1528 403 1600 440 an
1637 357 1836 443 Urban.
1965 388 1970 391 ’
2568 393 2697 459 455

424 549 723 615 Publius*
772 556 839 617 et
883 555 1071 619 affert
1128 557 1367 620 vinum.
1460 557 1754 642 Simplex
1797 565 1864 625 et
1907 561 2134 626 bonus
2226 561 2333 628 Sic
2380 563 2686 644 jocamur.

418 635 658 734 Quidni
715 637 1043 719 jocemur‘?
1130 641 1513 707 Innocenter
1580 647 1874 724 vivimus,
1945 647 2105 711 nihil
2180 649 2307 712 nisi
2366 648 2693 722 literatum

415 741 689 818 agimus
780 723 927 788 Jam
976 725 1226 807 effingit
1270 749 1532 808 graecas
1579 734 1645 792 et
1689 731 2027 796 hebraicas
2073 733 2294 796 literas
2326 739 2392 797 et
2419 733 2692 798 libenter

418 810 649 903 pingit,
684 809 855 888 quod
883 832 1011 875 non
1045 812 1325 892 repudio.
1404 813 1748 879 Pulchrum
1785 820 1883 880 est
1917 817 2079 881 belle
2112 820 2392 900 pingere.
2468 819 2694 901 Itaque

414 913 611 989 miror
667 893 1025 959 Herculem²
1075 903 1139 960 et
1184 898 1367 978 quasi
1414 901 1573 964 colo.
1665 899 1908 966 Causas
1955 924 2272 984 exponam
2333 905 2692 970 verbosiore

420 978 694 1060 eplstola
740 982 804 1042 et
848 981 1120 1046 fortasse
1165 981 1355 1047 cras³
1445 985 1634 1050 Nunc
1679 987 1940 1052 cenabo.
2031 987 2128 1052 Tu
2174 989 2435 1054 valebis.

732 1077 855 1134 God.
892 1079 1025 1136 Frcf.
1065 1083 1183 1137 376.

421 1285 653 1357 (cutha.)
1476 1275 1620 1340 387.
2217 1293 2330 1360 (um
2366 1293 2479 1347 Juii
2517 1295 2690 1362 1514.)

1175 1399 1468 1470 Mutian
1513 1421 1612 1470 an
1662 1399 1937 1470 Urban.

418 1524 577 1590 (Dem
621 1523 877 1578 Herloules
920 1527 1099 1579 eourde
1140 1528 1232 1580 der
1285 1529 1477 1581 Zehnte
1515 1528 1808 1595 yewiebmet.
1882 1529 2061 1581 Schilo
2108 1530 2286 1582 macht
2319 1530 2419 1582 den
2453 1530 2526 1582 M.
2561 1547 2692 1583 xum

427 1592 697 1671 Hcrlcuhc,
734 1595 916 1648 indam
948 1613 1007 1648 er
1038 1596 1157 1648 ihm
1191 1597 1331 1649 auch
1363 1614 1474 1649 nur
1506 1598 1609 1650 den
1641 1597 1865 1650 xehnten
1902 1597 2016 1649 Teil
2040 1597 2195 1665 φίεὸί,
2231 1598 2330 1650 das
2377 1586 2565 1665 Ubriye
2597 1598 2693 1664 fiir

421 1661 541 1716 swh
592 1661 773 1716 behalt.
857 1663 1054 1716 Wc‘iren
1104 1665 1235 1717 doch.
1266 1665 1353 1716 die
1386 1665 1622 1718 Priester
1655 1682 1767 1718 nur
1800 1665 1904 1718 mit
1939 1665 2058 1718 dem
2104 1665 2332 1719 Zelmten
2383 1666 2692 1732 xufrz'eden!

1102 1732 1215 1786 Von
1248 1733 1367 1786 dem
1402 1733 1658 1786 Herkules
1693 1733 1785 1785 der
1821 1733 2015 1800 Alton.)

1144 1845 1227 1896 Η.
1264 1845 1522 1898 Urbano
1561 1844 1666 1912 (M.
1703 1843 1952 1912 Rufus).

624 1954 689 2020 S.
781 1955 1017 2019 Incidit
1047 1954 1185 2020 heri
1230 1958 1295 2020 in
1344 1961 1664 2020 commata
1698 1956 1830 2021 divi·
1864 1956 2152 2020 Herculis
2188 1957 2446 2019 mentio.
2525 1955 2683 2020 Tum

419 2039 770 2122 pollicebar
836 2041 1094 2105 uberem
1164 2041 1628 2125 scriptionem*
1716 2042 1873 2106 Eam
1940 2041 2305 2123 praestabo.
2394 2040 2478 2104 Et
2546 2042 2688 2106 volo

410 2125 700 2208 jucunda
746 2130 811 2190 et
856 2127 1173 2191 mirabilia
1220 2149 1493 2192 narrare.
1586 2125 1994 2192 Eruditorum
2059 2127 2297 2208 scripta
2349 2127 2690 2191 notificant

414 2210 751 2274 Herculem
796 2231 935 2275 esse
980 2212 1335 2294 praesidem
1382 2213 1700 2276 humanae
1744 2211 2092 2275 felicitatis
2187 2211 2354 2292 Ergo
2403 2212 2685 2276 decimae

412 2295 815 2359 fortunarum
892 2297 1151 2361 Herculi
1224 2299 1627 2362 dicabantur.
1749 2298 2038 2374 Plautus,
2112 2296 2354 2359 latinae
2429 2297 2686 2378 linguae

416 2381 732 2460 delicium,
778 2383 872 2446 ita
913 2383 1282 2465 loquentem
1332 2384 1704 2467 Chrysalum
1750 2383 2132 2447 introducit:
2197 2380 2308 2464 „Si
2352 2380 2522 2465 frugi
2567 2388 2684 2461 est,

420 2468 749 2532 Herculem
797 2467 951 2531 fecit
996 2491 1074 2531 ex
1122 2473 1322 2550 patre,
1387 2471 1714 2534 decumam
1775 2472 2016 2551 partem
2064 2467 2122 2530 ei
2169 2467 2436 2531 dedit.“⁵
2525 2468 2687 2532 Mira

422 2551 756 2616 urbanitas
832 2554 990 2617 latet
1064 2556 1129 2617 in
1205 2554 1327 2619 hac
1393 2556 1732 2618 sententia.
1846 2554 2012 2635 Lege
2089 2552 2260 2616 hunc
2335 2552 2543 2616 locum
2617 2554 2684 2616 in
2759 2608 2764 2613 .

420 2636 849 2702 Bacchidibus
895 2660 1038 2702 cum
1084 2643 1231 2702 octo
1281 2642 1574 2705 versibus
1606 2638 2156 2721 praecedentibuS‚
2189 2638 2500 2720 gaudebis
2531 2639 2680 2703 scio.

414 2723 513 2786 Ita
573 2723 769 2800 vafre,
832 2725 925 2787 ita
980 2724 1295 2788 festiviter
1339 2726 1406 2787 in
1456 2724 1734 2799 furacem
1797 2725 2150 2789 cavillatur.
2240 2723 2508 2787 Possum
2564 2745 2683 2805 ego

420 2809 496 2871 de
567 2807 915 2873 Schilone.⁶
1006 2808 1168 2886 Quia
1231 2809 1399 2891 frugi
1459 2816 1575 2888 est,
1640 2811 1972 2873 Herculem
2033 2808 2192 2873 facit
2236 2830 2316 2871 ex
2361 2808 2681 2889 Mutian03

416 2894 749 2957 decumam
796 2897 1037 2975 partem
1087 2895 1144 2957 ei
1190 2895 1318 2973 dat,
1382 2896 1503 2959 sibi
1561 2915 1786 2959 novem
1843 2895 2131 2958 abstulit.
2223 2894 2568 2958 Enarrator
2612 2895 2682 2958 B.

416 2977 806 3042 Saracenus'
870 2980 1029 3043 citat
1086 2980 1432 3045 Diodorum
1492 2984 1557 3043 et
1611 2981 2044 3044 Plutarchum.
2136 2978 2325 3060 Lege.
2416 2979 2685 3043 Placen-

416 3062 623 3132 tinus⁸
674 3064 865 3127 nimis
901 3064 1115 3147 jejune
1170 3067 1644 3147 interpretatur.
1743 3063 2145 3145 „Hercules“‚
2201 3065 2432 3145 inquit,
2503 3065 2685 3146 „Jovi

416 3150 582 3229 patri
640 3154 883 3231 partem
947 3150 1257 3213 decimam
1320 3150 1654 3213 vovebat.“
1751 3151 1932 3225 Quod
1979 3149 2200 3213 scribit
2245 3149 2562 3213 Diodorus
2609 3150 2684 3212 de

417 3234 705 3313 Lucullo,
761 3235 825 3297 id
880 3236 1087 3315 ipsum
1158 3236 1348 3299 ceteri
1416 3237 1757 3318 scriptores
1819 3236 1895 3298 de
1955 3234 2131 3315 Sylla
2187 3235 2453 3297 tradunt
2499 3240 2564 3297 et
2607 3235 2686 3298 de

420 3318 648 3383 Crasso
706 3320 995 3383 Romano
1052 3320 1396 3396 ditissimo,
1440 3323 1552 3403 qui
1597 3322 1908 3384 decimam
1977 3319 2354 3383 facultatum
2425 3341 2680 3382 suarum

426 3408 669 3485 partem
716 3406 974 3468 Herculi
1018 3407 1412 3469 consecravit
1446 3407 1832 3488 epulumque
1867 3406 2100 3486 populo
2132 3404 2310 3468 dedit
2339 3425 2414 3467 ac
2443 3404 2684 3478 viritim

419 3510 603 3553 mnas
673 3494 803 3553 tres
872 3490 1106 3553 divisit.
1214 3490 1557 3555 Plautinus
1625 3491 1790 3555 Geta
1857 3491 2071 3571 inquit
2133 3490 2200 3552 in
2267 3488 2680 3553 Truculento:

426 3575 729 3656 „Detraxi
774 3579 1018 3656 partem
1065 3574 1622 3652 Herculaneam“‚⁹
1669 3575 2041 3657 significans
2087 3596 2154 3638 se
2199 3574 2511 3637 decimam
2559 3574 2684 3638 sibi

421 3660 826 3724 subduxisse.
919 3660 1131 3741 Atque
1198 3661 1302 3724 hic
1368 3661 1718 3724 modestius
1785 3662 1917 3741 egit
1979 3681 2172 3742 quam
2227 3659 2334 3723 ille
2377 3661 2682 3743 superior,

421 3746 532 3827 qui
599 3746 736 3809 fieri
804 3745 1027 3823 voluit,
1074 3749 1147 3809 ut
1196 3746 1443 3809 scilicet
1507 3748 1677 3827 patri
1743 3746 1987 3809 decima
2055 3746 2328 3809 daretur.
2418 3744 2680 3809 Utinam

420 3831 547 3893 mei
589 3835 1031 3912 procuratores
1091 3835 1306 3894 essent
1368 3831 1671 3894 Hercules
1717 3835 1783 3895 et
1827 3831 2115 3894 contenti
2171 3829 2432 3893 decimis
2487 3831 2685 3912 porti-

566 4050 582 4080 ¹
617 4048 827 4103 Diener.
865 4048 914 4102 S.
936 4048 1037 4103 407
1056 4051 1122 4103 A.
1144 4048 1190 4101 2.
1298 4051 1318 4081 ²
1352 4050 1461 4102 Das
1481 4049 1895 4101 &stererwahnte
1915 4047 2048 4100 Bild.
2087 4047 2173 4101 ΒΥ.
2195 4048 2310 4101 384.
2420 4048 2440 4079 ³
2475 4046 2524 4100 S.
2561 4045 2680 4113 folg.

429 4117 517 4169 Br.
660 4118 680 4148 ⁴
713 4116 930 4169 Schluss
987 4118 1081 4169 des
1133 4134 1242 4171 vor.
1297 4117 1383 4169 ΒΓ.
1526 4120 1548 4149 ⁵
1582 4117 1776 4169 Bacch.
1822 4118 1915 4181 1V,
1961 4118 2009 4180 4,
2060 4118 2125 4168 15
2174 4132 2251 4183 sq.
2391 4120 2414 4149 ὅ
2449 4116 2684 4167 Erfurter

428 4185 759 4237 Prokurator.
809 4184 859 4237 S.
884 4186 982 4238 133
1001 4188 1063 4239 A.
1089 4186 1130 4239 1.
1204 4177 1349 4237 Uber
1368 4186 1514 4237 scine
1540 4185 2107 4252 Zahlungsweigerung
2135 4184 2212 4235 ΒΥ.
2240 4184 2354 4236 385.
2463 4186 2482 4215 ⁷
2518 4182 2682 4235 Bern-

424 4253 557 4305 hard
583 4252 875 4305 Saracenus
898 4254 1107 4305 schrieb
1126 4255 1279 4305 einen
1304 4254 1640 4307 Commentar
1663 4269 1785 4305 zum
1809 4252 2047 4306 Plautus,
2085 4253 2217 4305 Ven.
2259 4252 2408 4305 1499.
2504 4252 2526 4283 ⁸
2558 4250 2682 4303 Joh.

426 4321 647 4373 Craston
702 4336 806 4373 von
857 4320 1145 4380 Placentia,
1182 4322 1239 4375 E.
1279 4323 1372 4374 <les
1410 4324 1488 4376 15.
1526 4322 1631 4387 Jh.‚
1674 4321 1942 4373 Vei-fasser
1991 4321 2084 4371 des
2138 4322 2312 4372 ersten
2359 4317 2681 4387 griechisch-

423 4390 518 4444 lat.
554 4388 838 4444 LexikonS.
913 4389 1143 4458 (Mediol.
1180 4406 1224 4445 c.
1265 4390 1439 4459 1480).
1580 4391 1603 4422 ⁹
1631 4389 1810 4443 Haut.
1845 4388 1993 4442 Truc.
2029 4388 2099 4455 11,
2137 4390 2184 4455 7,
2224 4390 2302 4440 11.
