3084 4895
514 372 641 454 420
1335 373 1511 443 Briefe
1547 387 1639 442 des
1675 370 1725 444 J.
1767 375 1912 444 1514'.

724 559 929 642 „Sunt
973 562 1082 642 qui
1127 563 1383 625 sidereis
1428 563 1718 626 tribuant
1762 562 1916 626 haec
1960 563 2173 626 omnia
2217 561 2387 626 fatis,

724 651 839 710 Ast
886 666 1002 726 ego
1050 646 1359 725 fortunae,
1406 671 1570 730 quae
1613 650 1710 712 vis
1753 649 2078 728 incognita
2123 649 2430 730 quaedam

719 739 815 795 est
860 732 1119 808 homini,
1166 756 1276 798 seu
1324 736 1409 798 sit
1452 734 1609 797 deus
1653 735 1789 816 ipse
1835 736 1946 797 vel·
1975 734 2173 798 altera
2217 735 2420 798 virtus

720 817 976 881 inferior
1020 819 1306 900 subjecta
1352 820 1487 892 dec,
1536 821 1638 882 cui
1684 821 1940 884 cesserit
1983 821 2116 902 ipse

716 904 844 967 tale
888 904 1307 969 ministerium
1352 906 1648 986 tantique
1696 907 1950 986 negot-ia
1995 906 2190 986 regni.

718 989 1029 1072 Quicquid
1073 992 1227 1072 agit,
1266 990 1436 1073 juste
1480 991 1617 1055 fieri
1663 992 2058 1056 concederea
2103 990 2200 1054 fas
2245 995 2358 1054 est.

720 1075 873 1146 Sed,‘
909 1096 1019 1138 cur
1064 1077 1219 1139 scire
1266 1074 1497 1140 nefas?
1539 1098 1839 1159 praeceps
1884 1075 2176 1141 cohibere
2222 1097 2473 1140 necesse
2518 1080 2614 1138 est

719 1161 1045 1243 judicium.
1140 1162 1305 1225 Deus
1350 1161 1520 1226 hunc
1563 1163 1677 1226 tali
1726 1165 1888 1244 regit
1931 1165 2150 1226 ordine
2198 1160 2590 1225 mundum.“²

718 1246 770 1311 Ο
817 1251 1119 1330 quantam
1167 1249 1292 1310 vim
1341 1248 1644 1330 possideS,
1691 1247 1980 1312 fortuna!
2072 1248 2199 1312 Sed
2242 1249 2408 1330 apud
2453 1269 2566 1310 vos
2609 1247 2763 1310 reli-

512 1332 906 1414 giosissimos
971 1333 1259 1397 homines
1319 1356 1392 1396 ac
1452 1334 1808 1416 theologiae
1876 1335 2196 1398 studiosos
2263 1334 2452 1398 verba
2516 1332 2761 1397 faciens

515 1417 630 1482 deo
676 1419 889 1501 potius
933 1420 1279 1498 immortali
1310 1442 1498 1503 quam
1532 1419 1823 1484 fortunae
1855 1421 2066 1484 tribuo
2099 1443 2302 1484 rerum
2337 1419 2759 1482 humanarum

510 1504 957 1586 gubernacula,
1003 1505 1293 1570 imitatus
1338 1505 1793 1588 Augustinum,
1855 1528 2041 1588 quem
2106 1507 2422 1588 poenituit
2463 1506 2532 1568 in
2575 1505 2761 1569 libris

512 1589 1061 1656 Retractationum
1109 1591 1400 1656 laudasse
1445 1593 1645 1656 virum
1696 1593 1968 1658 nobilem
2017 1615 2096 1655 ex
2141 1593 2432 1657 fortunae
2477 1591 2760 1667 dotibus,

511 1696 675 1756 quae
729 1678 943 1759 procul
1012 1677 1204 1742 dubio
1272 1679 1523 1743 divinae
1589 1685 1742 1743 sunt
1807 1678 2228 1760 assignandae
2301 1678 2758 1760 providentiae.

474 1761 771 1841 *Videtis,
839 1764 1162 1827 reverendi
1220 1770 1451 1846 patres,
1511 1766 1752 1829 nullum
1799 1765 1954 1830 adeo
2029 1765 2270 1828 felicem
2343 1787 2496 1838 esse,
2565 1784 2758 1844 quem

512 1848 713 1912 multa
778 1849 944 1912 mala
1003 1870 1127 1913 non
1187 1850 1656 1916 circumsiliant.
1753 1852 1972 1914 Verum
2039 1852 2179 1932 ipsa
2249 1849 2469 1930 religio
2537 1855 2762 1912 nostra

516 1957 658 1998 vere
702 1934 971 2012 illibata,
1019 1937 1263 1999 sincera
1309 1941 1371 2000 et
1416 1937 1601 2018 quasi
1648 1937 1846 2000 virilis
1893 1937 2271 2000 concubitus
2317 1957 2540 2017 expers
2569 1957 2759 1998 sanc-

512 2021 758 2084 tissima
818 2021 995 2102 virgo
1057 2022 1453 2104 quietissima
1519 2023 1641 2086 fert
1705 2023 1915 2087 omnia
1983 2022 2211 2098 fronte,
2278 2025 2418 2084 tota
2482 2022 2758 2102 patienS,

510 2110 648 2170 tota
716 2108 886 2170 mitis
956 2111 1019 2171 et
1086 2108 1449 2189 tranquilla,
1521 2110 1645 2172 nisi
1713 2131 1851 2172 cum
1919 2131 2054 2172 eam
2122 2108 2424 2172 levissimi
2490 2107 2754 2187 quidam

508 2191 842 2256 theobardi
905 2193 1101 2258 illotis
1146 2197 1219 2257 ut
1262 2196 1355 2258 ita
1414 2195 1616 2258 dicam
1680 2194 1973 2258 manibus
2039 2193 2512 2274 Harpyiarumb
2583 2213 2760 2256 more

510 2284 857 2342 attrectant
923 2284 986 2344 et
1054 2281 1511 2343 contaminant.
1607 2280 1920 2344 Adversus
1989 2301 2253 2363 quorum
2321 2280 2756 2361 importunam

510 2364 836 2432 audaciam
907 2369 971 2428 et
1035 2366 1495 2449 inauspicatam
1547 2360 2006 2449 garrulitatem
2081 2366 2436 2449 intrepidus
2511 2386 2761 2446 semper

512 2452 694 2515 stetit
758 2451 1123 2515 Matthaeus
1170 2451 1476 2530 StorciuS,
1546 2455 1753 2535 patria
1821 2453 2204 2535 FribergiUS,
2253 2452 2492 2517 ordinis
2563 2451 2757 2515 Cala-

508 2536 817 2618 guritani²
879 2537 1212 2616 Dominici,
1274 2540 1366 2601 vir
1413 2560 1535 2602 non
1587 2541 1794 2603 minus
1840 2540 2008 2603 vitae
2068 2538 2492 2601 sanctimonia
2559 2559 2754 2620 quam

510 2624 883 2705 disputandi
928 2624 1304 2707 legendique
1350 2626 1607 2689 assidua
1654 2626 1986 2708 vigilantia
2029 2625 2318 2705 insignis.
2409 2622 2551 2687 Non
2584 2624 2754 2687 enim

509 2708 587 2772 ad
635 2710 996 2791 religionem
1047 2711 1585 2794 desperabunduS,
1633 2716 1704 2774 ut
1761 2711 1969 2775 solent
2011 2710 2293 2774 infelices
2339 2712 2403 2774 et
2432 2710 2758 2773 interdum

510 2796 599 2858 rei
658 2796 882 2877 capitis
927 2797 1322 2879 quaerendae
1368 2798 1593 2860 salutis
1646 2799 1869 2879 gratia,
1917 2820 1983 2860 se
2027 2797 2282 2879 recepit,
2339 2796 2444 2859 sed
2494 2796 2757 2859 afflatus

507 2886 581 2945 ut
626 2882 809 2946 credo
858 2882 1172 2947 dominico
1218 2882 1446 2964 spiritu
1494 2889 1558 2947 et
1604 2889 1828 2965 captus
1874 2880 2084 2947 amore
2131 2887 2388 2947 sanctae
2449 2882 2757 2963 simplici-

508 2968 663 3031 tatis
731 2972 1026 3051 paternas
1106 2968 1609 3050 argentifodinas
1683 2976 1746 3032 et
1808 2970 2039 3033 saeculi
2121 2989 2381 3051 pompas
2457 2968 2756 3032 deserens

508 3053 908 3137 doctissimos
953 3056 1249 3119 ecclesiae
1283 3056 1571 3119 doctores
1603 3077 1730 3119 non
1765 3077 1894 3118 uno
1925 3057 1990 3118 in
2025 3055 2159 3119 loco
2193 3055 2453 3119 audivit.
2533 3052 2758 3118 Testes

507 3145 658 3203 sunt
705 3141 1126 3223 Parrhysiani,
1175 3140 1560 3221 Ticinenses,
1608 3142 1920 3205 Patavini.
2003 3141 2217 3218 Quid?
2264 3142 2454 3204 etiam
2490 3140 2753 3220 Romae,

505 3227 617 3291 ubi
666 3226 829 3290 Petri
877 3228 1073 3306 sedeS,
1120 3228 1511 3307 theologicas
1561 3228 1875 3309 professus
1925 3232 2020 3291 est
2065 3229 2434 3291 sententiae.
2515 3227 2755 3291 Gratus

506 3311 1005 3392 Trevirensibus,
1052 3336 1177 3396 qua
1207 3315 1271 3377 in
1306 3315 1566 3378 civitate
1613 3315 1885 3378 donatus
1919 3314 2044 3377 fuit
2076 3336 2392 3377 sacrat-um
2425 3314 2754 3376 literarum

506 3400 863 3463 venerando
933 3400 1175 3464 baculo.
1282 3400 1453 3475 Quae
1523 3423 1662 3463 cum
1735 3402 1826 3464 ita
1895 3400 2191 3478 habeant,
2259 3400 2481 3463 merito
2547 3398 2756 3480 gloria

504 3484 895 3549 Matthaeum
970 3494 1251 3551 nostrum
1314 3487 1491 3567 sequi
1555 3486 1760 3562 debet,
1823 3490 2064 3549 utnon
2117 3487 2358 3569 vulgari
2420 3485 2754 3548 dulcedine

504 3572 711 3635 laudis
736 3576 836 3636 tot
859 3571 1125 3649 laboreS,
1158 3577 1257 3636 tot
1288 3572 1541 3653 vigiliae
1573 3595 1646 3635 ac
1680 3573 2218 3655 peregrinationes
2252 3575 2752 3636 remunerentur.

507 3656 675 3740 Cape
741 3680 909 3721 nunc
975 3680 1267 3722 coronam
1316 3666 1381 3720 et
1442 3659 1682 3722 licitam
1731 3663 1793 3722 et
1837 3660 1964 3722 tuis
2033 3658 2378 3721 virtutibus
2446 3658 2749 3735 debitam,

505 3764 631 3824 qua
678 3743 1009 3808 decoratus
1056 3749 1275 3809 contra
1323 3744 1537 3807 rudem
1585 3746 1903 3808 inscitiam
1939 3746 2122 3827 quasi
2155 3745 2452 3807 adversus
2499 3743 2749 3807 leonem

507 3834 569 3892 et
628 3828 885 3911 hydram
954 3830 1127 3893 velut
1192 3831 1491 3895 Hercules
1561 3831 1860 3914 auspiciis
1907 3837 1968 3894 et
2014 3832 2205 3894 ductu
2277 3830 2404 3893 divi
2471 3829 2753 3893 Thomae

638 4031 665 4059 a
693 4017 1017 4069 concredere.
1096 4022 1123 4059 b
1152 4018 1502 4085 Harpyarum.

650 4088 665 4117 ¹
703 4084 841 4139 Citat
876 4102 971 4139 aus
1006 4086 1155 4153 Bapt.
1196 4086 1462 4139 Mantuan.
1521 4086 1600 4139 De
1638 4088 1842 4140 fortuna
1878 4086 2150 4154 Gonzagae
2187 4085 2250 4138 V.
2287 4084 2540 4138 99—-106.
2602 4082 2752 4137 Doch

489 4151 681 4214 ,lauteri
730 4154 793 4207 V.
849 4156 948 4209 100
983 4172 1058 4223 sq.
1095 4157 1149 4207 in
1186 4155 1277 4208 der
1312 4158 1473 4223 Ausg.
1528 4158 1624 4209 der
1675 4155 1804 4223 Opp.
1855 4159 2010 4209 Antv.
2071 4156 2202 4208 1576
2237 4153 2330 4208 III.
2367 4171 2416 4221 p.
2458 4152 2582 4216 189:
2611 4154 2754 4230 ⁶»Ast

505 4238 599 4289 ego
633 4224 883 4291 fortunae,
921 4241 1016 4277 seu
1052 4226 1119 4277 sit
1155 4224 1283 4277 deus
1320 4225 1431 4291 ipse
1468 4224 1555 4277 vel
1591 4225 1735 4278 altra.
1791 4225 1886 4277 Est
1920 4225 2089 4277 virtus
2125 4224 2325 4276 homini
2379 4222 2552 4274 cuivis
2608 4236 2752 4273 mco-

506 4291 653 4357 gnita
688 4295 988 4359 quaedam«
1093 4297 1111 4325 ²
1146 4294 1253 4345 Der
1272 4292 1342 4347 hl.
1366 4294 1670 4346 Dominicus
1694 4296 1938 4346 stanunte
1976 4309 2071 4346 aus
2108 4293 2406 4359 Calai-vege,
2430 4291 2526 4343 das
2547 4290 2753 4343 Mutian

506 4360 777 4480 igrigfifimit
800 4364 952 4480 ‘tdem
1006 4361 1143 4414 alten
1198 4361 1491 4428 Calagurris
1548 4363 1868 4431 (Calahcrra,
1925 4361 2220 4430 gleichsalls
2282 4362 2334 4413 in
2395 4360 2750 4427 Altcastilien)

504 4444 523 4477 1
561 4443 625 4479 en
706 4444 804 4480 zier
836 4472 846 4483 .
