3084 4895
444 398 571 463 604
894 396 1202 454 Zerstreute
1240 398 1417 453 Briefe
1452 414 1548 453 ans
1588 398 2001 453 verschiedeucn
2037 399 2240 454 Zeiten.

451 571 626 636 frons
672 571 919 636 striata.
1010 571 1184 651 Vide,
1231 592 1420 652 quam
1469 594 1683 636 severe
1722 570 2000 654 judicem
2029 584 2058 612 ⁸
2101 572 2179 636 de
2219 570 2458 653 insigni
2495 572 2728 637 forma.

450 656 559 722 Sic
601 655 853 721 Momus
897 657 1255 721 sandalium
1302 656 1579 721 Veneris.
1609 656 1678 697 Β·
1773 656 2010 722 Statim
2057 676 2382 737 concerpe.

757 757 1065 826 Autograph
1100 757 1193 811 auf
1224 757 1317 811 der
1350 756 1643 827 Meininger
1678 756 2291 827 Gymnasialbibliothek.

453 960 683 1031 (Gotha)
1506 946 1634 1012 537
2343 962 2464 1031 (um
2505 965 2648 1019 1515
2658 966 2735 1034 ?)²

1159 1071 1449 1142 Mutian
1494 1092 1592 1143 an
1635 1072 2018 1159 Ebeling.⁸

452 1199 479 1263 (
488 1198 761 1264 Vorwarfe
794 1216 967 1267 weqen
990 1200 1611 1269 unfreundsckafilichen
1645 1200 1950 1253 Verlmltens
1975 1198 2036 1251 in
2060 1196 2179 1251 dem
2201 1198 2456 1252 Praxo-sse
2479 1199 2733 1253 Matiana

453 1266 582 1318 iiber
615 1268 733 1319 sein
768 1266 941 1329 Hans,
990 1268 1089 1321 das
1124 1285 1182 1321 er
1214 1269 1364 1321 nicht
1397 1286 1473 1322 zu
1506 1268 1655 1321 einer
1694 1268 1964 1336 profanen
2021 1266 2494 1335 Weibmooquuny
2540 1269 2730 1321 herab-

452 1334 726 1403 wwrdiqen
760 1335 935 1389 las-sen
968 1337 1093 1389 will.
1166 1337 1391 1405 Ebeliny
1424 1338 1579 1395 bulte,
1615 1342 1744 1389 statt
1777 1336 1864 1389 die
1901 1336 2069 1389 Sacloe
2104 1336 2170 1389 in
2201 1334 2289 1387 die
2339 1324 2732 1403 Offetdlvbhheit

778 1420 852 1456 κα
886 1404 1084 1469 michan,
1119 1405 1384 1475 privatim
1417 1423 1537 1459 vom
1571 1404 1826 1458 Proxesse
1860 1403 2160 1457 abmahnen
2196 1404 2398 1467 sollen.)

491 1517 805 1571 Canonico
841 1523 907 1569 et
942 1530 1161 1569 severo
1195 1520 1367 1581 patri
1400 1518 1726 1571 Bernardo
1759 1518 2214 1579 Brunopolitae
2246 1518 2696 1580 philososopho

833 1606 898 1655 et
926 1603 1314 1665 jurisperito,
1348 1605 1550 1655 amico
1584 1603 1939 1666 praestanti
1975 1600 2350 1653 Mucianus!

666 1712 733 1777 S.
782 1736 841 1796 p.
892 1715 949 1778 d.
1044 1713 1200 1779 Sero
1246 1716 1437 1779 nimis
1483 1716 1793 1791 intellexi.
1839 1714 2160 1778 Bernarde
2191 1713 2583 1791 doctissime,
2618 1718 2730 1775 tua

457 1818 577 1880 ope
624 1802 687 1862 et
732 1820 923 1880 opera
967 1800 1144 1863 velut
1189 1800 1521 1882 cujusdam
1572 1801 1788 1881 magni
1819 1799 2220 1883 logodaedali
2251 1804 2326 1862 ut
2356 1798 2731 1862 diuturnam

456 1884 551 1947 ita
595 1884 925 1948 molestam
998 1887 1258 1966 produci
1304 1892 1369 1950 et
1412 1887 1717 1951 remorari
1781 1885 2298 1962 controversiam,
2369 1905 2565 1965 quam
2635 1884 2734 1947 in-

468 1970 638 2049 signi
670 1969 881 2034 laesus
914 1973 1299 2037 contumelia
1332 1992 1458 2035 non
1494 1973 1634 2035 sine
1664 1972 1974 2035 bonorum
2023 1971 2288 2034 consilio
2322 1974 2387 2033 et
2418 1969 2732 2051 majorum

456 2056 819 2119 imitatione
863 2059 1132 2139 suscepi,
1179 2057 1496 2121 adductus
1542 2058 1735 2121 etiam
1786 2056 2053 2121 honesta
2114 2054 2390 2137 quadam
2453 2054 2734 2118 necessi-

464 2144 619 2217 tate,
667 2162 745 2204 ne
791 2142 1017 2207 domus
1060 2144 1365 2208 immunis
1410 2148 1475 2207 et
1519 2143 1638 2207 deo
1685 2143 1898 2207 dicat-a
1944 2140 2210 2224 profano
2256 2141 2566 2223 gynaecio
2613 2160 2730 2203 ceu

458 2227 710 2308 impuro
786 2226 1187 2311 sterquilinio
1263 2228 1858 2293 contaminaretur.⁸
1977 2227 2246 2291 Miratus
2319 2240 2472 2290 sum·
2538 2224 2731 2289 vehe-

461 2316 706 2376 menter
774 2318 1082 2378 mutatam
1131 2316 1197 2379 in
1261 2319 1327 2378 te
1392 2314 1872 2397 philosophicae
1939 2314 2278 2396 dignitatis
2346 2316 2413 2376 et
2481 2331 2732 2377 morum

464 2398 745 2472 civilium
814 2400 1265 2479 conditionem,
1321 2405 1393 2466 ut
1438 2400 1680 2465 oblitus
1749 2404 2027 2465 veterum
2099 2398 2455 2464 studiorum
2503 2401 2572 2462 et
2615 2397 2734 2460 im-

461 2506 701 2549 memor
769 2485 1089 2551 amicitiae
1154 2484 1453 2551 malueris
1519 2487 1597 2550 de
1659 2486 1872 2550 officio
1939 2485 2365 2548 humanitatis
2431 2484 2736 2547 decedere

462 2575 720 2654 propter
764 2571 1188 2636 alienissimos
1236 2579 1307 2636 et'
1344 2573 1834 2636 nocentissimos
1896 2571 2206 2648 homineS‚
2252 2575 2316 2632 et
2364 2568 2733 2650 tranquilli·

462 2661 668 2720 tatem
700 2659 887 2720 amici
922 2659 1196 2723 turbidis
1231 2658 1621 2722 rixatoribus
1668 2657 2146 2722 convellendam
2193 2655 2488 2736 objicere.
2536 2675 2732 2736 quam

464 2763 565 2804 me
629 2743 915 2819 seorsim,
976 2745 1149 2826 quod
1210 2745 1365 2808 mihi
1420 2753 1672 2824 gratum
1720 2749 1784 2806 et
1830 2741 2410 2806 tibi.honorificum
2481 2740 2734 2813 fuisset,

466 2827 822 2891 admonere.
912 2827 1075 2893 Nam
1122 2833 1505 2894 auctoritate
1550 2833 1615 2892 et
1657 2829 1974 2892 industria
2017 2833 2130 2890 tua
2175 2825 2575 2908 stupefactus
2637 2825 2738 2888 vel

466 2912 683 2994 potius
728 2913 1073 2979 deterritus
1119 2915 1393 2979 libenter
1440 2915 1861 2978 intentionem
1910 2913 2182 2977 actionis
2242 2912 2624 2975 remisissem
2675 2914 2738 2973 et

466 2999 915 3062 sustinuissem
962 3002 1235 3065 calorem
1286 3005 1351 3064 et
1397 3001 1726 3081 impetum,
1773 3005 1837 3063 et
1881 3004 1995 3063 tua
2040 2998 2326 3081 plaustra
2396 2996 2738 3059 verborum

467 3105 594 3148 non
646 3084 919 3148 fuissent
966 3087 1030 3149 in
1081 3086 1282 3150 forum
1354 3092 1672 3167 pertracta
1717 3095 1782 3147 et.
1828 3088 2094 3166 uterque
2162 3088 2450 3146 nostrum
2521 3082 2740 3144 minus

465 3170 629 3232 male
692 3169 958 3234 audiret.
1058 3171 1253 3253 „En“,
1321 3173 1624 3253 inquiunt
1669 3171 1883 3246 momi,
1937 3177 2046 3252 „ut
2092 3169 2399 3231 dimicant
2445 3167 2523 3230 de
2569 3167 2742 3229 asini

468 3255 695 3318 umbra
762 3253 1144 3340 philosophi,
1210 3263 1281 3320 ut
1342 3256 1610 3320 barbare
1679 3261 1945 3332 certant,
2016 3259 2084 3317 ut
2150 3253 2384 3316 anilem
2451 3251 2740 3314 fabulam

466 3339 731 3422 agunt.“
829 3342 1241 3406 Arbitrantur
1274 3343 1440 3406 enim
1474 3342 1585 3404 isti
1621 3341 1851 3405 curiosi
1885 3362 1984 3404 me
2019 3337 2418 3420 respondisse
2465 3342 2740 3418 patrono

515 3560 528 3571 ·
606 3495 803 3562 ⁸Judic
831 3536 842 3549 .
870 3536 881 3548 .
909 3531 921 3546 .
993 3492 1103 3546 Am
1136 3492 1325 3546 Ramde
1358 3491 1676 3560 abgarissen.
1815 3495 1846 3534 b
1871 3505 2006 3543 vene
2037 3529 2050 3542 .
2085 3525 2140 3544 ,⁴
2209 3488 2316 3542 Am
2361 3487 2554 3540 Raude
2589 3485 2742 3554 abys-

468 3579 924 3699 rwseq'Erganze:
962 3629 1311 3696 reprehendit.
1366 3627 1575 3681 Momus
1599 3627 1722 3681 fand
1748 3644 1813 3680 an
1837 3628 1930 3680 der
1965 3626 2152 3679 Venus
2178 3641 2278 3677 nur
2301 3623 2385 3677 die
2409 3623 2742 3676 knarrenden

473 3697 733 3752 Sandalen
789 3715 855 3750 zu
908 3698 1100 3753 tadeln.
1174 3696 1604 3765 Sprichwortlich
1657 3713 1761 3749 von
1815 3695 1955 3748 allzu
2009 3698 2280 3768 strengen'
2301 3691 2543 3746 Tadlern.
2623 3689 2742 3758 vgl.

471 3766 741 3820 Erasmus’
801 3767 1037 3834 Adagien
1094 3769 1248 3818 unter
1301 3765 1477 3819 Momo
1530 3765 1848 3818 satisfacere.
1992 3765 2013 3796 ²
2047 3762 2149 3815 Die
2196 3761 2311 3814 Zeit
2359 3762 2454 3813 des
2489 3759 2578 3812 ΒΥ.
2615 3757 2748 3811 liisst

474 3834 592 3887 sich
624 3851 719 3888 aus
758 3835 861 3888 den
908 3851 1009 3888 uns
1057 3835 1351 3888 bekannten
1406 3834 1574 3886 Daten
1627 3833 1776 3885 nicht
1829 3832 1992 3884 naher
2045 3829 2382 3884 bestimmen.
2523 3828 2544 3858 ⁸
2575 3826 2746 3880 Bem-

475 3903 673 3956 hardus
707 3902 965 3970 Ebelingk
1001 3904 1066 3956 de
1102 3902 1432 3970 Brunswigk,
1468 3902 1698 3953 immatr.
1734 3903 1790 3953 in
1823 3901 1924 3952 Erf.
1961 3898 2126 3951 Mioh.
2168 3897 2302 3974 148i
2338 3895 2747 3972 (Weissenb.

474 3971 597 4023 Akt.
635 3973 677 4038 1,
716 3971 865 4040 388);
904 3987 947 4023 a.
990 3971 1147 4024 1501:
1184 3969 1377 4022 Bernh.
1428 3969 1682 4035 Ebelingk
1741 3967 2158 4021 BrunsvicensiS.
2215 3966 2418 4044 phllos3
2455 3979 2616 4031 mag..
2663 3979 2748 4014 m-

473 4035 2277 4162 ‘iffi&stiffimi.-032323315331-0203351233ktfflssfflf3‘1‘3
2299 4036 2520 4154 ἕὲὥὶῗ
2554 4033 2749 4152 ἓὲἳὲἓῐ

474 4151 723 4245 Ebeling'
750 4176 1092 4244 Brunopolita
1140 4175 1345 4243 phil-os,
1392 4175 1497 4242 Jur.
1533 4179 1634 4227 utr.
1671 4178 1734 4226 ut
1769 4175 1914 4242 ajunt
1946 4145 2126 4225 licent.
2165 4175 2219 4224 et
2253 4170 2523 4224 Severian.
2560 4167 2752 4245 templi

474 4259 655 4298 canon.
696 4245 821 4322 (Erf.
858 4243 1033 4364 Matri>
1179 4245 1199 4276 ⁴
1232 4246 1463 4297 Aussere
1482 4311 1491 4321 ·
1508 4244 1755 4297 Adresse.
1896 4243 1916 4273 ⁵
1949 4239 2141 4340 4¹¹2¹¹¹r
2166 4239 2467 4315 Anscheine
2503 4236 2646 4314 nach
2681 4238 2753 4288 ist

475 4329 580 4366 von
610 4313 872 4367 ‚Mutians
926 4313 991 4366 Ει
1020 4314 1164 4366 ulter
1214 4312 1396 4365 Hause
1442 4312 1528 4368 die
1573 4310 1739 4380 Rode,
1788 4311 1880 4366 das
1915 4324 1964 4361 ei
2010 4308 2146 4362 1010
2183 4323 2248 4362 an
2285 4323 2440 4360 einen
2487 4319 2754 4374 gewissen

468 4381 820 4438 Nordhsuser
855 4381 1091 4436 abtreten
1126 4382 1344 4435 musste.
1417 4379 1468 4434 S.
1506 4381 1623 4434 554.
