3084 4895
908 418 1123 477 Mutian
1162 436 1232 476 an
1267 418 1468 478 Urban.
1541 418 1753 476 Mutian
1790 438 1858 475 an
1898 417 2193 480 Musardus.
2314 432 2325 444 '
2563 420 2689 489 253

429 618 569 662 esse
601 598 875 659 cacatas.
943 592 1158 673 Miror,
1193 614 1319 675 quo
1351 593 1565 657 animo
1598 593 1965 675 exceperint
1996 593 2153 657 illud
2185 593 2685 660 alchimistarum

421 689 496 747 ut
557 685 819 745 vocant:
889 679 1041 759 ,ὥτε
1085 697 1209 739 mnu
1255 682 1341 739 sal
1385 684 1549 739 nnhtt
1592 684 1687 739 bet
1732 681 1929 754 {tamen
1978 682 2123 753 tinen
2164 702 2223 751 3⁰
2272 683 2398 754 lang
2442 687 2543 742 nub
2592 683 2687 761 fer.

421 770 506 829 bis
549 774 649 828 bns
698 786 751 826 tt
796 766 954 838 hurd)
1024 766 1299 839 etlyinnng
1360 764 1574 845 trtftifl'
1607 768 1779 825 mttht
1831 764 1909 842 aff
1958 768 2045 825 bie
2102 766 2304 844 frumen
2346 786 2408 835 3¹¹
2456 768 2689 839 etiams*

426 852 672 934 Spurca
718 850 932 925 verba,
981 849 1276 931 quamvis
1340 849 1673 911 honestius
1734 848 2193 931 intelligantur.
2286 850 2414 913 Nec
2474 852 2693 914 credas

421 938 528 1001 hic
573 935 729 1000 illud
780 934 1014 998 amoris
1059 953 1222 1014 opus
1268 933 1539 1009 ostendi,
1589 933 1663 994 de
1710 954 1835 1013 quo
1884 936 1974 996 sic
2024 934 2387 1016 Apulejus:'
2445 936 2692 1017 „‚Proe-

423 1022 622 1099 liare‘,
671 1020 886 1101 inquit
930 1018 1143 1100 puella
1194 1017 1435 1093 Photis,
1483 1025 1569 1095 ,et
1612 1017 1861 1080 fortiter
1907 1020 2231 1102 proeliare.
2326 1020 2452 1083 Nec
2521 1022 2688 1084 enim

425 1108 547 1171 tibi
597 1106 814 1169 cedam
866 1125 981 1167 nec
1027 1108 1210 1183 terga
1267 1106 1524 1166 vertam.
1617 1101 1922 1166 Cominus
1969 1105 2030 1167 in
2078 1109 2425 1186 aspectum,
2482 1108 2536 1169 si
2598 1107 2691 1170 vir

431 1216 518 1270 es,
568 1192 768 1272 dirige
814 1194 880 1253 et
922 1210 1212 1270 grassare
1258 1189 1552 1269 gnaviter
1597 1192 1661 1251 et
1705 1189 1919 1251 occide
1969 1190 2337 1269 moriturus3
2389 1190 2692 1254 hodierna

365 1330 370 1333 .
429 1298 648 1361 pugna
693 1296 822 1339 non
867 1274 1068 1338 habet
1112 1273 1521 1337 missionem.‘
1613 1272 1785 1335 Haec
1830 1273 2018 1337 simul
2067 1275 2283 1337 dicens
2349 1277 2639 1340 inscenso
2666 1289 2695 1317 ⁸

428 1362 769 1445 grabatulo
835 1380 1026 1442 super
1089 1380 1189 1421 me
1258 1358 1492 1421 sensim
1570 1358 1853 1422 residens
1917 1380 1990 1422 ac
2056 1360 2275 1423 crebra
2349 1362 2691 1426 subsiliens

426 1446 824 1526 lubricisque
895 1444 1189 1526 gestibus
1264 1443 1565 1507 mobilem
1650 1443 1903 1525 spinam
1994 1446 2293 1525 quatiens
2379 1448 2693 1528 pendulae

427 1533 692 1597 Veneris
738 1530 949 1594 fructu
995 1550 1097 1592 me
1143 1528 1424 1605 satiavit,
1474 1549 1678 1609 usqne
1723 1529 1869 1591 dum
1917 1529 2104 1593 lassis
2143 1530 2374 1593 animis
2422 1537 2484 1594 et
2530 1555 2693 1596 mar-

427 1619 590 1682 cidis
637 1616 905 1680 artubus
951 1612 1286 1695 defatigati
1335 1612 1525 1676 simul
1574 1613 1761 1676 ambo
1808 1615 2177 1691 corruimus,
2225 1615 2390 1678 inter
2436 1624 2693 1681 mutuos

431 1702 770 1785 amplexus
814 1702 1062 1763 animas
1108 1696 1541 1763 anhelantes“
1639 1698 1850 1761 Habes
1896 1698 2137 1762 facetas
2182 1699 2455 1764 fabulae.
2544 1702 2694 1767 Vale

429 1794 498 1853 et
545 1810 717 1867 cura,
763 1791 838 1850 ut
884 1784 1104 1848 Cicero
1149 1784 1519 1867 perferatur.
1612 1783 1680 1845 V.
1727 1783 1925 1847 Eidus
1972 1784 2197 1848 Octob.

747 1901 871 1956 Cod.
906 1900 1041 1954 Frcf.
1079 1899 1196 1953 247.

429 2158 662 2229 (eotha.)
1045 2212 1050 2216 ,
1489 2140 1629 2202 199.
2227 2157 2306 2211 18.
2346 2157 2458 2214 oct.
2500 2161 2695 2230 (1512).

1098 2264 1387 2334 Mutian
1434 2286 1533 2335 an
1578 2265 2031 2335 Musardus.²

431 2394 749 2465 (Vorwic'rfe,
768 2395 895 2446 dass
929 2410 987 2444 er
1015 2392 1115 2445 den
1149 2392 1506 2457 Verldwmdem
1527 2393 1901 2446 mutnwsslich
1935 2394 2026 2446 der
2060 2393 2255 2446 Pastor
2287 2412 2388 2449 von
2426 2396 2696 2466 Ohrdruff,

430 2465 582 2518 nicht
632 2469 811 2516 mmet.
882 2462 1105 2514 Mutian
1155 2462 1412 2514 verwktet
1460 2462 1629 2514 solclae
1682 2463 1893 2529 Geym,
1942 2462 2027 2514 die
2072 2480 2183 2515 nur
2226 2464 2337 2531 auf
2380 2466 2698 2520 Gemerwerh

438 2533 689 2601 ausyehn.
760 2532 874 2584 Zur
909 2530 1162 2583 Hochxeit
1196 2530 1335 2582 wird
1366 2547 1424 2582 er
1457 2547 1569 2582 nur
1590 2530 1681 2582 ein
1710 2531 1970 2584 Geschenlo
1990 2531 2245 2595 schiclcen,
2270 2534 2418 2586 nicht
2438 2535 2695 2589 hommem

1135 2598 1431 2651 Bae'ermosts
1465 2599 1583 2650 und
1614 2598 1821 2650 Dzdcis'
1864 2599 1999 2661 Tod.)

575 2714 872 2773 spectato
930 2713 1068 2762 viro
1126 2713 1209 2762 Η.
1264 2710 1586 2770 musarde,
1646 2713 1845 2762 amico
1903 2725 2031 2762 non
2090 2714 2563 2774 contemnendo,

1397 2798 1486 2847 M.
1527 2797 1750 2848 Rufus.

643 2909 706 2974 S.
798 2909 977 2987 OraS,
1025 2913 1100 2972 ut,
1141 2909 1581 2991 respondeam.
1657 2908 1974 2972 Exorasti.
2052 2909 2471 2973 Timidiculus
2509 2910 2698 2975 homo

433 3017 522 3071 eS‚
569 2995 623 3057 si
685 3016 915 3058 nomen
987 2993 1407 3075 exploratoris
1475 3015 1603 3058 non
1675 2996 1870 3058 audes
1938 2995 2287 3058 enuntiare.
2380 2994 2476 3057 An
2544 2997 2698 3060 mihi

444 3079 682 3144 diffidis
729 3085 1035 3160 tanquam
1085 3100 1318 3142 arcana
1363 3080 1690 3160 prodituro
1736 3103 1817 3143 an
1866 3079 2280 3160 conspirastis
2318 3080 2699 3164 interposito

432 3165 846 3247 jurejurando
913 3164 1092 3228 velut
1155 3165 1514 3227 sacerdotes
1580 3166 1733 3229 deae
1800 3165 2181 3228 Eleusinae?
2292 3165 2702 3249 Pythagorici

445 3273 569 3314 non
647 3249 1207 3314 communicabant
1293 3271 1407 3313 sua
1483 3271 1663 3312 sacra
1730 3273 1869 3314 cum
1950 3250 2247 3333 profanis,
2364 3251 2701 3334 Utcunque

440 3337 545 3414 sit,
615 3337 888 3400 arbitror
959 3357 1097 3398 eum
1169 3357 1305 3397 esse
1371 3335 1954 3412 archimandritam,
2030 3337 2139 3416 qni
2215 3337 2365 3399 olim
2441 3338 2701 3418 indigne

437 3423 589 3485 tulit
659 3420 1091 3485 Alexandrum
1138 3442 1176 3482 a
1222 3419 1381 3483 Villa
1444 3417 1589 3483 Dei⁸
1646 3421 1835 3504 vulgo
1883 3422 2007 3484 dici
2054 3421 2327 3499 Gallum,
2399 3423 2701 3504 ignorans

437 3508 682 3570 scilicet
748 3507 848 3570 bis
912 3507 1163 3570 Gallum
1237 3505 1453 3582 fuisse,
1522 3506 1644 3568 hoc
1704 3511 1803 3570 est.
1863 3512 2106 3570 castum
2176 3509 2564 3571 sacerdotem
2636 3515 2701 3574 et

441 3593 703 3656 natione
749 3592 1024 3656 Gallum.
1115 3591 1440 3670 Interroga
1488 3590 1833 3654 Urbanum.
1927 3592 2163 3656 Audies
2220 3591 2503 3656 fabulam
2550 3596 2702 3659 ridi-

445 3678 667 3741 culam.
762 3677 992 3740 Pastor
1038 3682 1137 3738 est
1180 3674 1712 3758 Orlladorphins‚⁴
1760 3683 1823 3740 et
1868 3678 1919 3740 si
1967 3700 2040 3739 ea
2086 3678 2307 3740 retulit
2349 3700 2511 3759 quae
2557 3703 2702 3744 nar-

439 3765 612 3834 rasti,
678 3762 960 3843 profecto
1007 3783 1106 3824 me
1151 3766 1215 3824 et
1263 3783 1434 3824 meos
1503 3763 1791 3844 despicit.
1884 3762 2029 3825 Sint
2090 3762 2471 3827 favorabiles
2530 3769 2698 3849 apud

573 4013 600 4041 ⁸
627 4015 856 4052 mcenso,

583 4069 597 4099 ¹
637 4067 892 4135 Apulejus
918 4065 1326 4133 Metamorphos..
1365 4067 1433 4132 ΙΙ,
1475 4068 1555 4120 17.
1626 4066 1769 4120 Fotis
1805 4066 1898 4118 der
1933 4067 2103 4120 Name
2129 4069 2221 4121 der
2246 4069 2530 4122 Geliebten.
2591 4070 2701 4123 Das

441 4133 579 4186 Citat
613 4137 706 4188 der
741 4135 1108 4201 schmutzigen
1147 4134 1308 4187 Stelle
1344 4139 1508 4187 nennt
1541 4135 1611 4188 M.
1651 4137 1822 4187 faceta
1856 4135 2050 4191 fabula.
2111 4137 2227 4204 Vgl.
2257 4138 2340 4189 die
2368 4138 2701 4208 Bemerkung

443 4201 498 4254 S.
534 4203 566 4254 6
602 4206 664 4256 Α.
710 4207 754 4255 1.
862 4207 880 4235 ²
919 4204 1034 4270 Vgl.
1071 4201 1158 4254 ΒΓ.
1203 4204 1314 4258 197.
1445 4205 1464 4234 ³
1499 4203 1810 4256 Alexander
1832 4204 2017 4256 Gallus
2052 4206 2115 4256 de
2156 4204 2294 4258 Villa
2328 4207 2443 4271 Dei,
2480 4208 2698 4259 franzos

439 4269 747 4324 Kanonikus
789 4289 831 4325 z,
869 4273 987 4324 Anf.
1027 4273 1076 4324 d.
1120 4273 1196 4323 13.
1233 4271 1337 4334 Jh.‚
1375 4272 1585 4324 schrieb
1634 4273 1748 4324 eine
1797 4271 2122 4324 Grammatik
2159 4273 2211 4324 in
2248 4273 2435 4325 leonin.
2485 4274 2699 4336 Vol-sen,

440 4338 534 4390 das
571 4340 882 4406 allgemeine
925 4340 1209 4392 Lehrbuch
1247 4340 1339 4392 des
1376 4339 1445 4392 M.
1485 4343 1567 4407 A.‚
1606 4343 1781 4393 zuerst
1816 4340 1946 4392 Ven.
1985 4358 2077 4392 um
2119 4341 2385 4394 1470—73
2421 4343 2561 4409 gedr.

439 4407 460 4438 ⁴
493 4405 612 4459 Von
649 4407 910 4460 Ohrdruff.
2070 4440 2075 4445 ·
