3084 4895
700 387 911 450 Mutian
948 413 1017 450 an
1056 395 1241 451 Urban
1277 395 1387 450 und
1423 395 1683 452 Herbord.
1756 389 1968 452 Mutian
2006 407 2075 452 an
2113 398 2311 456 Urban.
2511 403 2588 467 17
2596 395 2634 468 7

361 570 822 636 auxiliatorum
871 569 1102 633 exilica
1147 589 1358 648 causa,
1405 589 1611 650 aegre,
1652 573 1726 633 ut
1755 568 1947 651 vulgo
1979 570 2275 650 creditur,
2308 572 2632 654 sopienda,

363 656 490 720 nisi
560 655 886 720 molitores
959 676 1165 718 rerum
1241 675 1549 717 novarum
1618 655 1695 717 ad
1766 677 1961 717 unum
2031 656 2261 737 partim
2335 657 2637 738 perfidiae

364 742 595 824 partim
669 740 1000 822 peculatus
1069 740 1354 802 damnati
1417 760 1658 819 poenas
1703 740 1784 802 ad
1844 739 2151 803 celebrem
2198 741 2363 804 viam
2435 742 2635 806 fracta

363 828 518 908 gula
584 825 1022 907 pependerint.
1114 824 1301 887 Norit
1374 824 1584 886 omnis
1655 823 2222 906 Erphurdiensium
2290 829 2635 907 posteritas

364 913 442 975 de
488 911 760 973 Henrico
810 909 1081 972 Cellario
1139 931 1242 971 reo
1309 909 1517 970 laesae
1575 910 1748 990 reip„
1802 908 1941 972 fure
2000 911 2243 986 aerarii,
2292 913 2367 973 de
2413 913 2633 974 ordine

364 996 614 1078 plebejo
662 994 825 1058 male
872 995 1100 1057 merito
1159 993 1294 1055 1111.
1359 992 1492 1056 Cal.
1557 993 1873 1068 Quintiles
1935 1016 2103 1057 anno
2162 995 2391 1059 salutis
2455 997 2635 1060 MDX

368 1084 697 1162 sumptum
768 1079 962 1143 fuisse
1034 1079 1240 1142 crucis
1305 1078 1708 1160 supplicium.
1821 1079 1994 1142 Vivit
2067 1080 2263 1160 igitur
2337 1081 2634 1162 vivetque

366 1167 693 1248 peculator
759 1165 1032 1246 insignis
1099 1165 1164 1225 in
1236 1163 1688 1226 contumeliam
1750 1169 1815 1226 et
1877 1164 2257 1245 exemplum,
2329 1164 2387 1228 h.
2453 1189 2503 1228 e.
2569 1169 2631 1230 in

365 1251 669 1315 memoria
733 1269 1148 1330 sermoneque
1214 1247 1605 1311 saeculorum
1676 1249 1959 1311 omnium
2034 1249 2412 1314 versabitur.
2504 1251 2634 1314 Viri

366 1337 761 1411 amicissimi,
833 1334 1084 1399 Urbane
1153 1337 1216 1395 et
1284 1332 1665 1410 Hereborde,
1738 1333 1899 1397 bene
1968 1334 2251 1398 valeatis,
2366 1335 2498 1399 Nos
2568 1338 2630 1400 in

365 1422 710 1486 sanctitate
783 1421 1132 1483 serviamus
1201 1417 1459 1481 domino
1527 1423 1592 1480 et
1661 1417 1960 1483 liberabit
2024 1441 2141 1482 nos
2208 1420 2288 1482 ab
2358 1421 2632 1484 inimicis

371 1507 630 1571 nostris,
719 1505 941 1586 Legite
985 1503 1340 1566 Philomusi
1383 1502 1776 1584 Saturnalia'
1828 1508 1893 1567 et
1936 1504 2152 1568 oblato
2208 1506 2433 1569 nuntio
2490 1507 2635 1570 date

368 1615 498 1656 una
544 1613 685 1656 cum
750 1590 954 1653 literis
1014 1589 1252 1651 nostris
1306 1589 1388 1651 ad
1441 1586 1878 1652 Rainensem.²
1969 1589 2281 1653 Fruimini
2335 1611 2634 1673 praesen·-

370 1678 548 1741 tibus
594 1674 962 1751 commodi-5,
1008 1695 1137 1737 non
1184 1672 1329 1737 dico
1376 1674 1622 1736 cunniS.
1716 1675 1900 1756 Apud
1948 1697 2091 1738 aras
2122 1675 2635 1758 religiosissimas

367 1763 687 1844 Diogenes
732 1760 1017 1823 futurum
1068 1758 1398 1822 monachis
1444 1759 1767 1839 exemplar
1812 1781 2007 1822 manu
2050 1781 2272 1841 penem
2309 1764 2633 1838 tractavit,

364 1852 546 1911 ratus
592 1845 902 1908 nefarium
954 1866 1091 1908 esse
1136 1844 1448 1925 flagitium
1501 1844 1599 1906 vel
1644 1845 2044 1908 imbubinare
2093 1846 2186 1908 vel
2221 1846 2635 1910 imbulbitare

364 1933 752 2016 prurientem
803 1929 1228 1994 carunculam.

675 2030 800 2084 Ood.
837 2029 970 2084 Frcf.
1008 2029 1125 2084 363.

369 2235 602 2304 (Gotha.)
1428 2216 1571 2280 139.
2198 2232 2268 2302 (1.
2309 2233 2421 2287 Jun
2459 2235 2635 2305 1510.)

1115 2343 1405 2413 Mutian
1450 2363 1551 2411 an
1594 2341 1872 2412 Urban.

368 2471 812 2539 (Passim-aspide
863 2472 924 2525 in
987 2473 1170 2526 Gotha.
1241 2471 1599 2538 Belraehtuny
1650 2470 1779 2523 icber
1829 2470 1921 2523 ἀῶ·
1964 2471 2085 2523 dem
2138 2470 2479 2538 Schampiele
2530 2472 2635 2523 bei-

365 2540 687 2593 wohnenden
728 2539 956 2593 Nonum
989 2542 1105 2593 und
1135 2540 1264 2593 iiber
1297 2540 1452 2591 deren
1499 2539 1957 2606 Ausqelassmheit
1991 2539 2105 2591 und
2141 2539 2505 2602 Sa‘nnliddaeit,
2544 2557 2636 2591 am

366 2608 631 2676 Bevzepiele
687 2609 779 2660 cler
828 2609 1114 2676 yeraubten
1183 2608 1386 2660 Nonne.
1481 2608 1812 2673 Entlassunq
1880 2606 2095 2674 Rufius.
2190 2607 2292 2659 Die
2349 2608 2637 2660 Rascrewn

1209 2676 1326 2730 Jalc.
1378 2674 1798 2743 Wimphelinys)

1127 2788 1211 2839 H.
1246 2789 1504 2838 Urbano
1539 2789 1629 2839 M.
1665 2786 1888 2837 Rufum.

583 2896 646 2961 S.
738 2898 1008 2962 Joannis
1054 2899 1350 2962 natalitio
1397 2898 1499 2962 die
1544 2901 1807 2962 senatus
1854 2897 2251 2979 populusque
2298 2895 2636 2961 Gothanus

370 2985 894 3066 apparatissimos
953 2983 1138 3047 ludos
1203 2984 1420 3056 edidit,
1483 2984 1719 3064 quibus
1778 2982 2017 3045 Christi
2078 2981 2509 3045 carnificinam
2572 2988 2636 3045 et

372 3075 519 3132 acta
568 3066 871 3131 effinxit-‚⁸
963 3068 1099 3143 Quo
1145 3070 1509 3151 spectaculo
1558 3069 1655 3131 vel
1699 3068 2030 3150 tragoedia
2082 3068 2297 3149 potius
2359 3068 2634 3149 imperiti

373 3154 806 3217 sollicitantur
837 3153 912 3215 ad
949 3154 1270 3235 pietatem.
1355 3154 1538 3217 Facit
1570 3155 1735 3216 enim
1772 3152 1891 3216 hoc
1924 3153 2243 3216 cruciatus
2276 3153 2633 3233 exemplum

373 3240 454 3303 ad
489 3240 1066 3315 mansuetudinem,
1114 3240 1192 3301 ad
1239 3240 1637 3321 patientiam,
1672 3240 1753 3301 ad
1785 3242 2041 3301 sanctos
2072 3259 2278 3300 mores
2310 3237 2635 3317 trahitque

369 3325 562 3387 etiam
611 3324 846 3386 idiotas
891 3324 971 3387 ad
1017 3325 1288 3402 coelum,
1335 3324 1453 3387 hoc
1497 3330 1597 3387 est
1642 3325 1721 3387 ad
1768 3324 2368 3403 contemplationem
2429 3321 2637 3385 fruiti-

371 3430 688 3490 onemque
717 3420 746 3447 ⁸·
790 3409 1168 3472 divinitatis.
1262 3410 1547 3472 Vidimus
1597 3408 1877 3471 Vestales
1908 3409 2049 3471 illas
2082 3409 2359 3487 virgines
2390 3428 2636 3469 sorores

373 3495 595 3557 ordine
641 3498 911 3570 stante8‚
957 3494 1280 3557 sedentem
1330 3496 1757 3576 praepositum
1810 3503 1872 3556 et
1918 3493 2259 3555 maximam
2298 3491 2634 3572 virginem⁴

508 3778 537 3806 ι
563 3763 970 3831 fruitionemque
1005 3780 1098 3815 am
1133 3763 1332 3816 Raude.

515 3835 533 3863 ¹
569 3832 636 3885 So
692 3831 1004 3883 bezeichnet
1053 3832 1121 3883 M.
1173 3832 1493 3885 sai-kastisch
1548 3832 1633 3883 die
1689 3830 2015 3897 boi-sichtigte
2073 3828 2419 3881 Streitschrift
2470 3830 2635 3882 Jacob

369 3900 607 3952 Locheis
645 3899 1032 3967 (Philomusus)
1071 3916 1231 3967 gegen
1271 3902 1369 3952 den
1405 3900 1699 3967 Theologen
1744 3898 1937 3966 Zingel‚
1988 3898 2315 3963 Comparatio
2363 3897 2547 3950 Musae
2582 3902 2635 3949 et

378 3968 575 4031 Mulae,
626 3968 788 4019 worin
825 3984 883 4019 cr
917 3970 1001 4019 die
1039 3968 1223 4020 Poesie
1259 3985 1423 4036 gegen
1463 3969 1549 4020 die
1586 3968 1819 4034 Angriffe
1856 3968 1951 4018 dor
1984 3966 2275 4034 Theologcn
2324 3966 2634 4031 veiteidigte

374 4037 486 4087 und
525 4037 656 4089 iiber
691 4036 775 4087 die
811 4035 1089 4103 Theologie
1125 4038 1286 4089 erhob
1350 4038 1519 4103 1506).
1580 4036 1814 4103 Hohlc,
1850 4036 1961 4087 Jac.
1986 4034 2203 4086 Locher.
2241 4034 2480 4101 Ehingen
2503 4033 2634 4086 1873

369 4120 423 4155 u.
467 4104 616 4155 1874.
656 4103 797 4156 Zwei
834 4103 1186 4171 Programme.
1225 4104 1292 4170 ΙΙ,
1371 4147 1380 4156 .
1419 4106 1486 4157 20
1521 4105 1575 4155 ff.
1700 4106 1720 4136 ²
1754 4096 1901 4155 Uber
1936 4103 2111 4154 diesen
2150 4102 2387 4155 Erfurter
2425 4101 2633 4154 Freund

371 4172 474 4239 vgl.
516 4172 566 4225 S.
594 4174 692 4224 139
713 4174 772 4225 A.
794 4174 842 4226 4.
954 4175 974 4202 ⁸
1008 4172 1162 4223 Auch
1199 4172 1270 4223 im
1306 4174 1467 4225 Jahre
1508 4172 1639 4225 1505
1675 4172 1781 4240 (Br.
1809 4173 1897 4237 30)
1924 4171 2132 4223 werden
2158 4170 2337 4223 solche
2362 4170 2633 4222 Passions-

369 4240 832 4361 {pss}l⁶·e¹‘w3{hnt'
871 4241 1140 4359 zitrhdenen
1178 4241 1314 4360 vilegllc
1353 4242 1597 4361 {Erfuslteg
1614 4240 2019 4360 ³¹S.Z¹²S⁶Sh³¹¹‘?{
2031 4239 2401 4358 tersc}¹1{1qn5n⁰(3
2438 4239 2501 4356 th*
2534 4237 2633 4356 Dii&

481 4324 611 4361 issin
725 4324 905 4377 argare
971 4324 1002 4360 a
1049 4325 1172 4360 vom
1293 4326 1350 4361 os
1376 4326 1432 4361 er
1507 4350 1517 4361 .
1600 4324 1755 4360 rucis.
1878 4324 1984 4375 agr
2065 4323 2148 4359 ar.
2240 4322 2321 4358 1s.
2407 4322 2436 4357 o
2502 4346 2512 4358 .
2552 4322 2581 4356 e
2620 4346 2631 4358 .

368 4378 524 4431 Tenz.
561 4394 611 4444 p.
650 4377 732 4431 58.

429 4465 700 4505 zeitschrift
727 4466 783 4505 N.
809 4468 860 4506 F.
889 4465 1047 4512 Suppl.
1073 4466 1155 4503 11.
2140 4444 2217 4505 12
