3084 4895
434 402 563 467 602
889 393 1197 459 Zerstreute
1232 402 1408 457 Briefe
1444 420 1541 459 aus
1578 405 1991 461 verschiedenen
2027 406 2229 462 Zeiten.

552 571 969 623 solertissimo
998 572 1353 633 juventutis
1389 574 1433 625 J
1434 586 1592 627 onae
1627 576 1672 628 J
1671 578 1814 627 usto
1851 576 2188 639 segnonioo
2217 578 2588 641 jurisperito

1379 660 1751 713 Mutinam}

642 768 836 833 Plura
883 792 981 833 me
1024 769 1383 848 hortantur,
1434 775 1509 835 ut
1552 776 1618 835 te
1665 776 1808 835 utar
1853 776 1918 837 et
1962 794 2154 855 opera
2199 778 2312 838 tua
2356 773 2711 857 studioque

439 854 851 919 familiariter.
942 854 1167 938 Itaque
1211 857 1449 937 quibus
1492 858 1676 940 potui
1721 858 2035 925 machinis
2077 864 2144 923 te
2189 858 2592 924 humanitate
2631 882 2713 923 ac

436 940 883 1004 benevolentia
950 944 1381 1023 praestantem
1449 943 1512 1005 in
1583 964 1792 1008 veram
1862 950 1926 1007 et
1993 949 2282 1009 sanctam
2351 945 2709 1009 amicitiam

434 1026 754 1090 attrahere
798 1026 1133 1089 scribendo
1182 1028 1416 1091 curavi.
1511 1028 1756 1092 Bonum
1799 1029 2095 1110 juvenem
2145 1053 2283 1095 esse
2320 1030 2558 1112 judico,
2595 1032 2712 1113 qui

438 1111 590 1174 boni
636 1116 702 1174 et
745 1109 917 1177 docti
964 1113 1080 1175 viri
1128 1113 1605 1179 contubernalis
1650 1116 1735 1177 sit
1779 1115 2016 1197 quique
2065 1115 2282 1180 literas
2323 1138 2469 1180 vere
2501 1116 2712 1180 bonas

436 1197 744 1261 didicerit.
841 1197 1024 1261 Tales
1093 1220 1229 1281 egn,
1297 1204 1371 1262 ut
1436 1199 1718 1263 modeste
1790 1202 1942 1281 quia
1988 1200 2063 1264 de
2110 1223 2209 1265 me
2266 1202 2512 1283 loquar,
2579 1224 2711 1265 non

436 1283 539 1364 pie
606 1284 807 1347 solum
877 1283 986 1346 sed
1054 1284 1245 1347 etiam
1319 1288 1692 1349 constanter
1760 1306 1921 1349 amo,
2013 1285 2236 1368 Neque
2301 1288 2366 1351 id
2426 1287 2712 1351 testibus

435 1372 597 1449 eget.
692 1369 847 1432 Cum
898 1368 1204 1450 ejusmodi
1252 1369 1542 1433 amiculis
1578 1370 1724 1452 joca
1769 1372 2028 1435 seria'et
2060 1372 2216 1453 quid
2250 1372 2424 1436 non?
2498 1372 2711 1435 liben-

432 1456 679 1518 tissime
724 1455 1139 1517 communico.
1234 1454 1390 1518 Nam
1438 1456 1565 1519 nisi
1609 1478 1706 1519 res
1749 1458 1844 1521 ita
1890 1456 2172 1536 haberet,
2221 1479 2348 1522 non
2399 1457 2708 1522 donarem

434 1543 534 1604 tot
581 1561 784 1621 nugas
846 1544 1031 1603 tanta
1091 1540 1385 1604 libertate
1453 1542 1858 1623 ineptienteS.
1950 1541 2122 1606 Laus
2188 1544 2330 1625 ipsa
2395 1543 2716 1609 Breviarii

432 1625 779 1707 jucundam
830 1625 1025 1688 habet
1068 1626 1355 1702 ironiam,
1405 1648 1530 1689 non
1568 1628 1794 1691 seriam
1830 1628 2215 1710 opinionem.
2295 1628 2497 1692 Allusi
2533 1630 2708 1693 enim

436 1711 514 1775 ad
564 1732 768 1775 mores
813 1711 1003 1793 hujus
1049 1712 1303 1788 saeculi,
1368 1712 1537 1794 quod
1605 1713 1759 1776 mihi
1818 1714 2073 1777 videtur
2133 1713 2437 1780 utilitatis
2498 1716 2714 1797 gratia

437 1798 622 1860 deum
670 1797 891 1861 colere.
984 1796 1189 1861 Nimis
1222 1797 1405 1863 avide
1436 1802 1704 1879 captant
1737 1800 1937 1881 stipes
1970 1800 2334 1863 manuarias
2373 1804 2438 1863 et
2467 1821 2714 1883 penora

439 1883 567 1946 divi
616 1883 813 1947 Laris.
906 1882 1045 1945 Non
1094 1882 1172 1946 ad
1221 1881 1458 1947 Christi
1508 1905 1793 1948 normam
1845 1886 2099 1963 vivitur,
2162 1906 2324 1967 quae
2372 1907 2490 1949 nos
2539 1886 2715 1949 ultra

436 1990 651 2050 peram
698 1990 919 2050 sapere
962 1990 1037 2031 ac
1081 1968 1159 2032 de
1205 1969 1481 2033 crastino
1528 1969 1673 2034 cibo
1736 1970 2018 2051 cogitare
2074 1975 2268 2034 vetat.
2360 1970 2452 2033 Tu
2522 1970 2712 2035 facile

436 2055 608 2138 quod
668 2055 939 2137 figurate
1000 2054 1233 2119 dicitur
1271 2055 1621 2135 intelligis.
1715 2055 1962 2131 Quaero
2008 2078 2044 2118 a
2088 2061 2174 2133 te,
2223 2078 2373 2121 num
2437 2057 2561 2121 tibi
2624 2058 2713 2121 sit

436 2145 629 2205 notus
698 2141 807 2222 qui
878 2143 1103 2204 autore
1168 2139 1467 2205 Vuolsco'
1540 2162 1712 2205 meas
1769 2142 1958 2207 aedes
2003 2141 2068 2204 in
2117 2142 2326 2206 viculo
2391 2139 2711 2207 Leonino³

436 2227 768 2295 obtinuit?
857 2226 1015 2289 Mihi
1060 2246 1320 2309 prorsus
1367 2230 1465 2291 est
1508 2226 1899 2309 incognitus,
1991 2226 2202 2291 Miror.
2293 2228 2542 2292 Dicitur
2573 2250 2713 2292 esse

442 2318 593 2377 tuus
658 2313 989 2395 municeps
1048 2317 1114 2375 et
1167 2313 1441 2377 vicarius
1500 2311 1845 2376 Marianus
1939 2311 2067 2376 Cur
2111 2334 2210 2377 me
2258 2334 2384 2377 non
2432 2313 2587 2377 facit
2634 2314 2711 2377 de

446 2398 701 2482 placitis
760 2399 1095 2464 conventis
1164 2399 1515 2477 certiorem,
1572 2403 1646 2463 ut
1691 2405 1756 2462 et
1800 2399 1935 2483 ipse
1979 2404 2153 2464 sarta
2197 2404 2370 2464 tecta
2415 2398 2710 2477 habeam,

441 2508 606 2568 quae
655 2507 791 2550 meo
842 2485 1143 2550 dicuntur
1188 2489 1370 2567 gesta
1418 2486 1674 2549 nomine
1708 2508 1746 2548 a
1777 2487 1910 2550 vita
1958 2485 2306 2550 defuncto?
2378 2485 2714 2568 Appetunt

444 2572 787 2636 messoriae
850 2571 1061 2635 feriae.
1153 2571 1223 2633 In
1274 2569 1393 2634 hac
1438 2571 1794 2634 studiorum
1855 2571 2439 2635 intermissiuncula
2503 2571 2712 2635 scribe

440 2658 771 2722 verbosius
826 2657 906 2720 ad
962 2679 1081 2734 me,
1140 2657 1446 2739 quicquid
1492 2657 1557 2718 in
1609 2657 1870 2722 buccam
1929 2657 2194 2730 venerit,
2241 2656 2352 2720 sed
2399 2657 2476 2720 de
2521 2656 2711 2721 bonis

437 2743 619 2809 libris
652 2743 1089 2825 potissimum3
1139 2764 1404 2824 quorum
1442 2742 1802 2806 incredibili
1834 2742 2144 2806 desiderio
2178 2749 2414 2806 teneor.
2490 2742 2713 2825 Neque

446 2829 725 2911 suspicio
775 2827 1125 2892 fact-ionum
1175 2833 1240 2891 te
1283 2832 1557 2891 moveat.
1649 2825 1986 2895 Liberrimi
2043 2849 2184 2892 sum
2245 2828 2460 2892 animi.
2554 2827 2711 2892 Sino

440 2916 903 2998 praeterfluere,
982 2913 1153 2994 quod
1227 2935 1429 2977 meam
1507 2934 1636 2976 non
1713 2913 1934 2978 turbat
2020 2913 2448 2978 serenitatem.
2567 2913 2710 2977 Non

439 3001 741 3082 leguntur
810 2999 1278 3076 contentioneS,
1347 3021 1473 3062 non
1535 2998 1888 3063 audiuntur
1942 2999 2150 3082 jurgia
2198 3003 2419 3062 nostra
2462 2999 2527 3061 in
2577 2999 2712 3063 foro

440 3090 669 3150 vestro,
762 3085 899 3162 Quo
947 3086 1151 3165 magis
1215 3106 1473 3149 securus
1538 3105 1676 3147 esse
1738 3084 1930 3148 debes
1977 3088 2041 3147 et
2084 3083 2209 3148 frui
2275 3088 2496 3148 nostra
2561 3105 2712 3148 con-

441 3172 855 3236 fabulatione.
969 3169 1203 3232 Vellem
1265 3171 1371 3252 jus
1437 3169 1621 3232 civile
1691 3169 2029 3234 haberetur
2087 3171 2348 3234 omnino
2418 3168 2712 3233 nudum.⁴

438 3258 711 3321 Librarii
772 3257 1217 3338 promiserunt.
1302 3257 1406 3317 An
1456 3255 1848 3333 editum-sit,
1898 3255 2126 3318 nescio.
2222 3255 2328 3319 Sic
2373 3259 2717 3318 annotaret

442 3345 716 3426 quisque
780 3363 958 3406 suam
1030 3340 1434 3404 sententiam.
1551 3338 1892 3408 Accursius
1962 3339 2401 3404 Florentinus⁸
2449 3343 2513 3404 et
2559 3361 2714 3404 con-

446 3428 798 3510 discipulus
873 3427 1227 3492 Odofredus
1317 3424 1840 3490 Beneventanus⁶
1929 3425 2222 3507 (uterque
2297 3427 2464 3489 enim
2542 3425 2719 3489 dedit

446 3537 701 3597 operam
753 3513 954 3576 Azoni
1010 3509 1459 3591 Bononiensi⁷)
1522 3532 1742 3591 parum
1813 3512 2058 3575 erudite
2122 3511 2294 3592 leges
2363 3515 2714 3593 exponunt.

453 3600 782 3664 Ambobus
829 3619 945 3680 ego
1004 3597 1375 3678 scriptorem
1445 3601 1701 3678 propter
1768 3601 2016 3678 gratam
2091 3596 2467 3661 brevitatem
2536 3600 2717 3659 ante-

342 3717 345 3722 ·
452 3708 640 3768 pono.
730 3683 900 3747 Vale.
990 3681 1096 3745 XI.
1146 3679 1278 3744 Cal.
1326 3680 1613 3745 Sextilis,

766 3783 1077 3850 Autograph
1113 3782 1207 3835 auf
1239 3782 1332 3834 der
1364 3780 1658 3850 Meininger
1692 3779 2304 3849 Gymnasialbibliothek.

590 3971 605 4002 ¹
642 3961 873 4025 Russere
927 3972 1169 4024 Adresse.
1207 3971 1210 3974 ’
1312 3971 1333 4001 ²
1368 3969 1550 4024 Simon
1592 3969 1831 4022 Voltzke.
1904 3966 2022 4036 Vgl.
2060 3967 2146 4020 ΒΥ.
2184 3967 2301 4020 490.
2445 3967 2466 3998 ³
2499 3965 2723 4019 Lowen-

464 4055 631 4107 gesse.
704 4039 822 4107 Vgl.
860 4039 911 4093 S..
951 4042 1016 4093 15
1051 4041 1113 4091 A.
1152 4039 1198 4092 2.
1342 4039 1363 4070 ⁴
1400 4037 1550 4091 Ohne
1587 4038 1672 4090 die
1708 4037 2056 4090 Glossatoren.
2197 4037 2219 4068 ὅ
2255 4034 2570 4088 Franciscus
2617 4036 2723 4087 Ac-

470 4108 680 4161 cursius
727 4124 823 4160 aus
866 4108 1099 4174 Florem,
1135 4109 1174 4174 †
1208 4123 1299 4160 um
1342 4106 1490 4172 1260,
1526 4106 1834 4159 beriihmter
1869 4105 2135 4158 Glossator
2169 4103 2262 4157 des
2298 4103 2448 4170 Coi-p.
2479 4103 2583 4179 Jur.

538 4177 560 4209 ⁶
595 4176 885 4230 Odofredus
929 4175 1188 4230 Denarius
1232 4176 1654 4240 BeneventanuS,
1689 4173 1858 4230 Jurist
1892 4173 1986 4225 des
2023 4174 2103 4224 13.
2139 4172 2245 4239 Jh.,
2289 4171 2490 4224 Lehrer
2527 4187 2582 4222 m
2617 4169 2725 4222 Bo-

468 4245 638 4314 logna.
786 4246 805 4277 ⁷
840 4245 1059 4297 Porcius
1092 4249 1219 4312 Am,
1255 4241 1468 4312 Bologn.
1505 4242 1892 4301 Rechtslehrer,
1928 4242 1967 4308 †
2005 4240 2155 4294 1200.
