3084 4895
470 376 596 447 578
778 354 800 380 Ι
1311 372 1486 433 Briefe
1523 375 1618 433 des
1654 380 1705 435 J.
1744 374 1895 435 1515.

467 552 684 616 eodem
727 552 837 614 die
883 550 1121 613 abituri
1175 554 1391 613 essent
1437 556 1683 632 poetae,
1714 552 1813 613 tui
1844 553 2049 614 nostri
2080 552 2587 629 studiosissimi,'
2628 572 2761 618 non

467 638 646 720 potui
711 636 936 709 facere,
1001 638 1161 715 quin
1227 636 1304 699 de
1367 636 1617 716 magnis
1678 635 1866 697 rebus
1912 637 1990 699 ad
2038 641 2102 700 te
2146 638 2509 701 scriberem.
2608 640 2759 701 Heri

473 723 735 786 nuntius
780 720 1210 801 Moguntinus
1257 720 1376 783 hac
1422 722 1699 783 transiit.
1794 721 2038 785 Dicitur
2100 746 2389 786 narrasse
2436 746 2581 786 cum
2630 726 2760 787 alia

471 814 608 873 tum
681 806 858 869 haec.
951 805 1488 887 Archiepiscopus
1559 808 1849 887 proximo
1915 808 2017 870 die
2081 807 2285 871 lunari
2354 808 2547 872 faciet
2616 812 2755 873 iter.

457 893 602 956 Ibit
665 914 774 973 per
835 892 1142 968 Hessiam‚
1211 890 1664 967 Fridislariam,
1730 891 2113 955 Eisfeldinos
2159 897 2225 956 et
2270 898 2495 957 cetera.
2591 894 2756 958 Sunt

477 977 787 1050 nonnulli,
856 976 966 1057 qui
1033 976 1312 1039 dicant⁸
1375 976 1861 1057 praeteriturum
1943 976 2385 1059 Erphurdiam,
2468 981 2754 1043 visurum

473 1063 686 1126 sedem
737 1058 1048 1125 Mauritii²
1100 1061 1320 1124 relicta
1366 1061 1607 1123 ditione
1652 1060 1967 1123 Martini.⁸
2060 1062 2219 1127 Aliis
2279 1064 2463 1126 aliter
2524 1066 2753 1127 visum.

469 1148 814 1227 Utcunque
879 1147 984 1222 sit,
1050 1147 1383 1209 audiemus
1442 1147 1613 1209 intra
1682 1146 1815 1208 dies
1876 1146 2053 1209 XIIII
2120 1148 2473 1213 mirabilem
2546 1172 2757 1213 rerum

472 1232 1059 1297 commutationem.
1181 1231 1508 1305 HunthuS‚
1585 1252 1837 1313 praeses
1914 1232 2181 1304 noster-,⁴
2248 1234 2427 1296 hucb
2494 1234 2759 1298 divertit

471 1338 614 1382 cum
664 1339 862 1382 uxore
908 1338 1248 1380 mansurus
1295 1317 1362 1378 in
1409 1336 1571 1389 arce,
1606 1322 1681 1379 ut
1712 1316 1943 1393 ferunt,
1991 1318 2125 1381 dies
2156 1318 2426 1400 aliquot.
2514 1319 2757 1383 Jobus‘

479 1404 639 1468 mihi
683 1403 903 1466 retulit
949 1402 1226 1483 captivis
1271 1402 1601 1464 imminere
1648 1402 1981 1482 capitalem
2014 1414 2039 1443 ‘²
2086 1423 2352 1483 poenam
2381 1402 2425 1483 3⁶
2472 1405 2534 1467 id
2585 1407 2761 1487 quod

474 1489 632 1553 mibi
703 1509 827 1552 non
897 1488 1150 1551 videtur
1217 1487 1596 1565 verosimile,
1629 1488 1659 1526 ἃ
1727 1489 2095 1568 praesertim
2165 1510 2308 1552 cum
2383 1511 2599 1552 rumor
2643 1492 2760 1555 ad-

474 1579 703 1638 ventus
771 1573 1015 1636 Alberti
1087 1572 1369 1653 coeperit
1435 1573 1672 1652 vagari,
1744 1572 1925 1654 cujus
1972 1577 2177 1637 'tanta
2246 1576 2619 1651 auctoritaS,
2688 1582 2760 1639 ut

477 1660 703 1723 merito
736 1659 822 1722 sit
852 1658 1294 1721 formidabilis,
1387 1656 1601 1721 Habes
1634 1658 1909 1738 primum
1944 1665 2139 1740 caput
2169 1682 2373 1723 rerum
2420 1682 2755 1724 novarum.

477 1744 678 1827 Ajunt
737 1750 802 1807 et
867 1744 1121 1825 quidem
1187 1742 1458 1825 publice,
1527 1744 1807 1823 grassari
1876 1744 2290 1825 pestilitatem
2353 1746 2417 1807 >in
2469 1745 2701 1822 Misna‚
2734 1758 2759 1786 θ

475 1831 714 1895 obiisse
775 1828 1080 1911 proximis
1127 1828 1351 1891 diebus
1401 1828 1738 1910 Altoburgi
1782 1826 1993 1892 CCCC
2026 1836 2089 1891 et
2120 1852 2193 1893 eo
2226 1830 2522 1912 amplius
2601 1832 2757 1907 Quis

474 1937 602 1979 non
651 1914 993 1997 praeferret
1062 1917 1327 1976 mortem
1395 1912 1611 1977 bello?
1700 1914 1781 1975 Et
1826 1912 1981 1977 haec
2026 1920 2125 1977 est
2168 1916 2449 1979 secunda
2511 1917 2751 1980 fabula.

477 2000 693 2065 Tertia
760 2020 908 2065 vero
954 1999 1045 2062 sic
1091 1998 1307 2063 habet..
1400 1999 1677 2081 Aurigae
1744 2020 1897 2079 puer
1963 2000 2123 2063 duos
2190 2002 2412 2064 attulit
2482 2002 2753 2079 codiceS,

477 2087 606 2150 imo
653 2106 870 2150 unum.
961 2084 1416 2149 Jurisconsulti
1464 2086 1631 2147 enim
1666 2084 1787 2147 etsi
1821 2089 2159 2149 sexcentos
2206 2087 2509 2165 habeant,
2554 2110 2752 2151 unum

482 2172 823 2235 dumtaxat
888 2172 1101 2234 sciunt
1146 2176 1210 2233 et
1257 2171 1611 2233 nominant.
1704 2168 1811 2233 Sic
1866 2169 2313 2252 theologistae,
2360 2192 2753 2253 quamquam

476 2256 649 2321 mille
695 2257 894 2320 biblia
942 2257 982 2318 i.
1033 2278 1082 2318 e.
1132 2256 1478 2333 volumina,
1525 2276 1722 2318 unum
1772 2258 1985 2319 tamen
2035 2257 2373 2339 praecipue
2418 2262 2754 2322 ostentant

473 2348 539 2406 et
580 2342 994 2423 singulariter
1057 2342 1252 2421 (quod
1302 2340 1641 2403 barbarum
1687 2336 1813 2421 est)
1860 2340 2135 2406 Bibliam
2198 2342 2543 2425 appellant,
2609 2366 2749 2407 cum

476 2429 814 2493 dicendum
890 2428 976 2490 sit
1049 2426 1365 2508 plurative
1438 2426 1668 2503 Biblia,
1752 2424 2122 2491 Bibliorum.
2244 2429 2444 2492 Extra
2514 2430 2748 2512 jocum.

480 2515 802 2578 Habemus
853 2509 1342 2594 Polyantheam⁷
1392 2517 1456 2574 et
1503 2511 1873 2574 Triboniani
1909 2513 2303 2577 collectanea
2333 2515 2398 2577 in
2435 2515 2527 2577 IX
2559 2516 2753 2578 libros

477 2597 798 2680 digesta3⁸
847 2601 936 2661 ita
982 2597 1295 2669 tractabo,
1343 2598 1435 2659 ita
1482 2596 1711 2678 legam,
1756 2600 1831 2659 ut
1876 2598 2031 2661 mihi
2078 2599 2379 2680 opitulari
2440 2602 2750 2664 citissime

479 2685 838 2749 videantur.
933 2683 1105 2759 Quae
1152 2683 1230 2746 ad
1278 2704 1378 2744 me
1426 2682 1675 2764 proprie
1722 2683 2021 2757 attinent,
2071 2707 2144 2747 ea
2189 2706 2399 2748 coram
2446 2684 2751 2748 Publius⁹

475 2771 793 2852 expediet.
885 2768 979 2832 Tu
1047 2769 1208 2832 bene
1275 2767 1506 2830 valeas
1599 2767 1740 2830 Non
1808 2769 2179 2850 trepidabis.
2287 2770 2511 2852 Neque
2580 2773 2747 2834 enim

475 2856 740 2919 audebit
805 2853 1547 2918 civitasecclesiasticis
1612 2873 1839 2916 nocere
1906 2854 2026 2917 sub
2093 2852 2375 2932 Albert0‚
2426 2857 2750 2920 libertatis

477 2941 938 3022 dignitatisque
1001 2939 1468 3002 ecclesiasticae
1517 2938 1963 3018 potentissimo
2011 2939 2423 3004 defensore.¹⁰
2512 2942 2747 3005 Iterum

475 3026 634 3090 vale.

787 3125 908 3180 Cod.
948 3124 1079 3178 Frcf.
1119 3125 1236 3178 510.

479 3330 714 3400 (Gotha.)
1535 3313 1680 3374 516.
2260 3329 2337 3381 18.
2378 3331 2511 3398 Aug.
2552 3331 2747 3398 (1515).

1232 3437 1525 3507 Mutian
1569 3458 1668 3507 an
1712 3437 1991 3508 Urban.

477 3567 695 3635 (Pastor
745 3569 914 3622 Jonas
965 3568 1202 3620 ersuclzt.
1241 3567 1450 3620 Urbans
1502 3567 1841 3634 Wrsprache
1875 3567 1937 3618 in
1985 3566 2157 3619 eivwm
2206 3567 2587 3620 Rechtshandd
2637 3568 2753 3619 mad

478 3654 578 3690 um
613 3637 1075 3704 Entschuldiquny
1095 3699 1102 3704 ,
1123 3636 1298 3688 seiner
1347 3635 1911 3688 Temninversiiumnis.
1984 3635 2159 3702 Rinqs
2208 3641 2317 3687 tb'nt
2382 3635 2746 3702 Waffenlc'imn.

1263 3703 1338 3755 W
1331 3705 1498 3756 mzsch
1532 3705 1674 3756 ‘nach
1709 3703 1973 3770 Frieden.)

613 3907 641 3934 ε
668 3908 791 3948 eum
824 3891 942 3958 fh‘iyt
980 3891 1126 3943 Tem.
1163 3889 1348 3944 hinxu.
1489 3895 1518 3932 b
1544 3891 1636 3944 liic
1674 3889 1823 3944 Temo.
1967 3905 1990 3932 e
2020 3888 2207 3957 capitis
2258 3887 2405 3940 Tenx.
2548 3893 2577 3931 d
2606 3889 2745 3942 veri-

478 3961 652 4014 simile
693 3960 840 4013 Tem.
979 3974 1004 4001 e
1030 3959 1258 4013 Misnha.
2046 4013 2050 4020 ,

621 4031 638 4061 ¹
681 4029 861 4082 E'oban
897 4029 1007 4082 und
1044 4027 1261 4086 Cordus.
1299 4043 1364 4078 zu
1389 4026 1607 4080 Besuch
1640 4027 1697 4079 in
1733 4027 1919 4080 Gotha.
2028 4028 2047 4060 ²
2083 4025 2236 4078 Halle
2274 4025 2371 4077 mit
2406 4026 2500 4076 der
2533 4025 2745 4078 Moritz-

478 4099 628 4167 burg.
774 4099 794 4129 ³
830 4097 1065 4150 Mainzer
1116 4095 1382 4164 Sprengel.
1525 4097 1548 4127 ⁴
1582 4096 1630 4149 S.
1672 4096 1776 4148 464
1811 4099 1873 4150 A.
1916 4098 1959 4149 l.
2032 4095 2103 4146 Er
2135 4094 2319 4145 kehrte
2372 4109 2476 4145 nm·
2526 4094 2593 4146 ab
2639 4095 2747 4146 und

477 4183 546 4220 zu
583 4167 677 4220 auf
707 4166 853 4234 Burg
889 4164 1297 4218 Grimmenstein
1335 4165 1436 4218 ein.
1580 4167 1601 4198 ⁶
1635 4163 1791 4218 Sonst
1825 4164 1975 4218 nieht
2009 4164 2249 4232 genannt.
2322 4161 2610 4215 Vielleicht
2655 4163 2749 4215 der

477 4251 576 4288 aus
623 4233 814 4289 Kassel
867 4234 1154 4287 verbannte
1207 4232 1563 4286 Schrindisen.
1636 4232 1688 4286 S.
1724 4233 1823 4285 431
1863 4237 1927 4286 A.
1967 4231 2013 4284 2.
2154 4231 2177 4262 ⁶
2210 4231 2329 4298 Vgl.
2367 4231 2418 4284 S.
2458 4231 2555 4283 571
2596 4233 2658 4284 A.
2698 4233 2745 4284 1.

553 4305 572 4337 ⁷
607 4303 657 4358 S.
697 4305 798 4358 555
834 4307 896 4356 A.
937 4305 986 4358 3.
1025 4323 1030 4328 0
1130 4303 1151 4334 ⁸
1184 4301 1292 4355 Der
1339 4299 1516 4354 Codex
1554 4301 1645 4354 des
1683 4302 1905 4354 GeckuS.
1978 4299 2029 4354 S.
2066 4298 2168 4354 568
2204 4301 2265 4354 A.
2304 4300 2351 4353 3.
2494 4299 2517 4332 ⁹
2551 4298 2604 4353 S.
2640 4299 2743 4352 407

476 4374 540 4426 A.
579 4372 626 4425 2.
772 4374 813 4404 ¹⁰
845 4363 992 4425 ‘Uber
1027 4370 1112 4422 die
1147 4369 1487 4422 Feindschaft
1521 4369 1726 4423 Erfurts
1763 4385 1929 4439 gegen
1970 4368 2317 4436 Georgenthal
2358 4368 2461 4437 vgl.
2498 4367 2585 4420 Br.
2624 4367 2739 4421 508.
