3084 4895
1233 415 1444 469 Mutian
1479 431 1549 469 an
1586 414 1789 469 Urban.
2503 418 2628 483 501

365 586 664 650 cucurrit.
757 586 866 651 Ait
909 584 1206 651 Paulum¹
1244 588 1325 651 ad
1357 586 1598 651 Christi
1630 586 1903 650 natalem
1938 586 2020 649 ad
2051 607 2151 649 me
2184 608 2325 649 cum
2362 586 2633 668 pecunia

361 676 718 736 venturum.
811 672 1012 737 Hodie
1066 672 1147 735 ad
1206 670 1590 737 Duronium²
1645 664 1872 752 legavi,
1920 673 2023 736 cui
2068 672 2235 735 dono
2285 671 2429 737 dedi
2477 672 2631 736 Pro-

359 758 700 840 gnostieon
751 762 816 822 et
861 757 1328 837 Calendarium,
1377 763 1441 821 et
1484 758 1663 821 miris
1727 757 1936 821 verbis
2005 756 2346 840 eripalpare
2418 758 2638 822 studui

361 844 724 907 obsonium.
819 840 1064 926 Scripsi
1135 844 1328 907 etiam
1399 841 1729 907 Schalbo.³
1820 842 1890 907 Si
1952 842 2130 907 nulla
2198 844 2299 907 via
2370 844 2639 925 patebit,

363 929 532 993 dabo
586 950 830 992 aurum.
922 929 1010 995 Mi
1070 928 1350 1006 Urbane,
1411 929 1655 993 scribas
1702 929 1778 992 de
1825 929 2076 992 vicariis
2120 933 2185 992 et
2241 928 2342 991 dic
2404 951 2638 995 nomen

363 1016 669 1097 emptoris
705 1014 934 1078 vineti⁴
969 1019 1033 1077 et
1064 1020 1376 1095 quantum
1412 1013 1563 1077 dare
1596 1014 1764 1077 velit.
1844 1014 2178 1095 Origenem
2209 1013 2275 1054 ⁸⁵
2324 1018 2389 1077 et
2420 1015 2641 1097 dispu—

360 1103 502 1164 tata
550 1098 922 1165 bardorum⁸
969 1100 1184 1163 videre
1231 1099 1438 1181 cupio.
1530 1098 1921 1165 Commendo
1966 1122 2068 1162 me
2113 1103 2263 1164 tuae
2311 1101 2641 1185 dignitati,
2680 1118 2688 1126 ·

359 1186 464 1249 oui
512 1186 742 1249 devota
789 1186 1154 1249 constantia
1201 1186 1500 1267 prodesse
1547 1185 1754 1261 velim,
1788 1186 1841 1249 si
1873 1186 2131 1268 possim.
2207 1184 2379 1250 Vale.
2456 1185 2633 1249 Alias

362 1271 580 1335 stilum
652 1271 956 1334 dilatabo.
1049 1271 1268 1335 Bonus
1333 1270 1638 1334 Eobanus
1693 1271 1787 1335 ait
1839 1292 2138 1353 sponsam
2202 1292 2341 1335 esse
2396 1270 2630 1335 formo-

361 1356 704 1433 sissimam,
772 1357 1268 1433 dotatissimum,
1338 1354 1815 1420 castissimam.⁷
1916 1354 2042 1419 Sed
2110 1356 2250 1433 ohe,
2321 1357 2495 1421 solus
2565 1357 2631 1419 id

362 1442 542 1505 dicit.
637 1440 976 1524 Utcunque
1021 1442 1128 1517 sit,
1175 1442 1402 1505 melius
1449 1444 1547 1506 est
1590 1443 1791 1523 gratis
1820 1441 2086 1521 futuere,
2120 1464 2311 1525 quam
2347 1446 2628 1506 scortum

356 1527 496 1602 sive
569 1528 992 1591 concubinam
1073 1528 1257 1591 alere.
1368 1526 1470 1591 Sit
1534 1526 1643 1591 ille
1710 1526 1865 1592 felix
1932 1549 2074 1592 eum
2144 1550 2260 1592 sua
2327 1526 2625 1592 Corinna.

359 1612 623 1677 Futuat.
713 1612 845 1677 Nos
891 1634 1143 1677 oremus
1189 1634 1302 1695 pro
1349 1612 1650 1678 fidelibus
1696 1612 2033 1678 defunctis

671 1712 801 1767 Cod.
836 1710 972 1767 Fref.
1007 1710 1128 1767 424.

365 1899 606 1969 (Gotha.)
1427 1884 1573 1949 435.
2194 1903 2271 1955 19.
2311 1901 2363 1955 N
2365 1918 2448 1957 ov.
2490 1902 2639 1957 1514.

1122 2010 1409 2083 Mutian
1458 2031 1558 2082 an
1602 2010 1883 2082 Urban.

655 2138 786 2206 (Der
827 2138 1058 2207 Offtfxdal
1091 2139 1194 2193 soll
1225 2139 1313 2193 die
1345 2139 1689 2209 yericktliehe
1722 2138 2119 2208 Entseheidunq
2150 2138 2354 2207 stillam.)

1118 2253 1202 2303 1-1.
1239 2253 1497 2305 Urbano
1534 2255 1625 2305 M.
1660 2253 1865 2304 Eume

497 2376 503 2379 ’
572 2362 636 2427 S.
709 2361 952 2427 Coaotu
985 2363 1219 2427 amoris
1253 2364 1468 2428 detexi
1499 2363 1766 2429 Eobano
1796 2366 2000 2427 totam
2036 2361 2340 2427 fabulam.
2408 2362 2627 2441 Effice,

360 2454 439 2514 ut
483 2449 802 2514 Hallensis
847 2446 1093 2514 noster⁸
1140 2446 1424 2514 officium
1463 2451 1700 2534 judicis
1762 2450 2145 2513 introducat.
2237 2449 2372 2531 Ego
2434 2450 2633 2513 fidum

364 2540 432 2602 et
475 2535 716 2601 bonum
762 2537 968 2600 virum
1014 2536 1374 2618 praestabo,
1467 2537 1704 2601 Datum
1750 2535 1952 2600 natali
1997 2535 2472 2615 HelisabetanO,
2520 2536 2632 2616 qui

364 2621 493 2686 fuit
536 2643 574 2684 a
618 2622 820 2704 primo
869 2619 1024 2684 CCC
1071 2626 1316 2696 sextus.

682 2722 806 2778 Cod.
841 2721 978 2776 Fref.
1018 2721 1134 2776 102.

361 2908 608 2979 (Gotha.)
859 2887 870 2898 '
1426 2894 1573 2960 436.
2094 2907 2165 2978 (n.
2205 2909 2251 2961 1.
2286 2907 2425 2964 Nov.
2466 2907 2639 2978 1514.)

1130 3018 1420 3091 Mutian
1464 3039 1564 3092 an
1608 3019 1889 3092 Urban.

363 3135 536 3216 (l'fber
567 3148 668 3201 den
701 3165 890 3202 amen
933 3149 1215 3218 &pense-3.
1289 3150 1468 3204 Sohilo
1512 3150 1607 3203 hat
1639 3149 1737 3217 fiir
1770 3149 1845 3202 Μ.
1868 3148 2157 3217 jahrelanq
2195 3145 2516 3215 proxessiert
2566 3162 2642 3198 κα

362 3217 568 3270 seinem
618 3216 806 3285 eiqnen
863 3218 1062 3272 Vorteil
1099 3220 1216 3272 und
1247 3220 1394 3273 xahlt
1415 3253 1418 3257 Δ
1437 3219 1625 3272 keinen
1672 3217 1971 3271 Hau-exim.
2055 3217 2239 3270 Urban
2272 3215 2373 3268 soll
2404 3214 2645 3268 Nithard

911 3350 919 3356 ,
985 3287 1221 3355 anrufen
1253 3289 1370 3342 und
1401 3287 1641 3340 Herbard
1686 3286 2015 3352 ermahnen.)
2512 3313 2519 3320 ·

1113 3402 1196 3454 Η.
1232 3402 1490 3476 Urbano
1525 3401 1617 3452 M.
1651 3399 1877 3452 Eume.

581 3509 648 3574 S.
741 3510 1196 3578 circumcurrit
1251 3513 1602 3596 Expenses,
1630 3510 1705 3552 ¹³⁹
1768 3513 1945 3575 totus
2007 3512 2074 3573 et
2130 3509 2344 3572 animo
2390 3509 2455 3570 et
2500 3528 2638 3571 eor-

368 3617 524 3678 pore
567 3619 788 3680 vagus.
878 3596 1072 3662 Miser
1115 3598 1323 3664 homo.
1416 3597 1514 3662 Tu
1554 3602 1844 3662 amanter
1874 3599 1940 3660 et
1972 3595 2290 3678 sapienter
2336 3592 2639 3671 consuliS,

407 3800 416 3809 .
506 3746 535 3774 ὃ
563 3731 846 3810 Originenr.
987 3736 1014 3775 b
1040 3733 1366 3800 Randqlosse
1380 3753 1399 3784 :
1448 3749 1542 3801 per
1587 3733 1860 3802 Expenses
1909 3729 2159 3798 intelligit
2211 3728 2475 3798 quendam
2525 3742 2637 3781 ma-

367 3799 1292 3923 glsminllieiiull'liiiliiuigildiuffidgssns
1327 3870 1383 3922 in
1417 3869 1651 3922 Homber
1688 3912 1698 3924 .
1770 3869 1842 3922 Er
1864 3868 1987 3920 kam
2012 3869 2119 3920 erst
2142 3866 2217 3918 im
2241 3865 2274 3918 J
2278 3864 2353 3917 uli
2385 3866 2515 3917 1515
2541 3863 2639 3916 mit

370 3938 438 3991 10
475 3937 554 3991 Gl.
609 3937 729 4007 Vgl.
767 3937 854 3991 Br.
893 3938 1009 3992 503.
1047 3939 1166 3992 506.
1275 3939 1294 3970 2
1329 3938 1436 3990 Der
1470 3939 1591 3991 Abt.
1691 3937 1825 3992 ‚108
1851 3939 1912 3989 A.
1939 3938 1981 3990 1.
2091 3935 2112 3966 ³
2147 3934 2342 4001 Caspar
2361 3932 2636 4010 SohalbuS,

368 4005 475 4058 Erf.
513 4006 778 4075 Magister.
851 4007 972 4072 Vgl.
1011 4006 1061 4059 S.
1101 4007 1202 4060 346
1249 4009 1310 4060 A.
1350 4007 1396 4060 6.
1540 4008 1561 4038 ⁴
1595 4007 1753 4059 Eines
1789 4005 1844 4072 in
1878 4004 2057 4056 Erfurt
2109 4002 2394 4071 gelegenen
2451 4001 2637 4053 Wem-

371 4074 556 4140 berges
591 4075 839 4128 MutianS.
911 4075 1031 4142 Vgl.
1070 4074 1119 4128 S.
1161 4075 1224 4127 27
1262 4079 1324 4128 A.
1367 4077 1411 4130 1.
1558 4078 1579 4108 5
1614 4076 1726 4128 Lat.
1765 4063 1950 4126 Ubers.
2024 4072 2140 4125 Par.
2182 4071 2331 4124 1512.
2472 4072 2494 4102 ‘⁵
2530 4070 2639 4122 Der

368 4142 580 4196 Par-iser
617 4142 910 4208 Theologen
947 4159 1110 4210 gegen
1161 4142 1436 4196 Reuohlin.
1509 4143 1628 4211 Vgl.
1667 4143 1717 4197 S.
1754 4143 1857 4195 499
1893 4143 1954 4193 A.
1992 4141 2040 4193 6.
2183 4141 2201 4171 ⁷
2237 4139 2354 4207 Vgl.
2393 4138 2479 4190 Br.
2516 4137 2635 4214 432.

442 4211 464 4242 ⁸
498 4211 557 4265 G.
597 4211 852 4274 Osmund‚
891 4211 1108 4264 Offizial.
1165 4211 1216 4264 S.
1256 4211 1356 4265 279
1392 4214 1454 4264 A.
1493 4212 1541 4265 2.
1602 4212 1673 4264 Er
1697 4211 1849 4265 sollte
1885 4210 1987 4262 den
2021 4208 2244 4261 Prozess
2268 4223 2433 4276 gegen
2458 4205 2637 4258 Sehilo

371 4279 644 4334 anstellen.
785 4279 808 4311 ⁹
843 4279 960 4333 Von
1017 4279 1218 4333 diesem
1269 4279 1540 4348 Magister,
1589 4281 1681 4334 der
1727 4278 1866 4332 nach
1915 4279 2009 4330 der
2055 4275 2379 4344 Randglosse
2427 4289 2484 4327 so
2532 4289 2637 4327 von

373 4346 547 4400 einem
593 4348 709 4402 ihm
758 4365 853 4400 zur
902 4347 1252 4402 Gewohnheit
1297 4349 1643 4417 gewordenen
1688 4346 2000 4402 Ausdruoke
2044 4345 2273 4399 benannt
2317 4343 2477 4409 ward,
2521 4343 2635 4394 ent-

370 4415 554 4470 halten
591 4418 678 4472 die
713 4417 888 4470 Briefo
925 4419 1073 4471 sonet
1105 4417 1297 4470 niehts.
