3084 4895
1187 387 1398 441 Mutian
1436 405 1503 440 an
1542 387 1801 442 Herbord.
2495 390 2573 453 16
2586 389 2627 454 5

361 560 460 622 Ita
521 555 911 620 exhilaratus
975 555 1226 636 ineptas
1292 555 1731 619 cavillationes
1788 557 1864 619 ad
1933 555 2143 618 vivum
2213 557 2527 621 resecabis
2576 563 2641 622 et

361 643 520 706 mihi
581 663 885 706 nauseam
955 641 1276 704 discuties,
1368 641 1530 706 Nam
1602 646 1859 704 veterno
1930 663 2185 722 pressus
2252 664 2637 707 consenesco

367 734 431 792 et
475 729 606 791 otio
657 727 1016 790 sedentario
1064 726 1405 789 hebetatus
1450 727 1583 788 tuis
1629 726 1901 789 literatis
1949 727 2146 789 literis
2210 728 2395 808 quasi
2458 728 2637 792 dola-

365 814 531 877 bella
576 812 802 875 exacui
849 832 1126 892 possum.
1219 812 1470 892 Aspice,
1517 815 1593 874 ut
1635 812 1859 874 rustici
1906 811 2083 891 palos
2116 813 2351 887 dolent,
2388 813 2639 877 dolatos

369 903 627 972 acuant,
676 897 910 979 quibus
954 898 1118 960 vites
1165 900 1627 960 sustentantur.
1721 895 1829 959 Sic
1872 897 2251 959 flaccescens
2310 899 2634 978 ingenium

369 983 731 1067 putandum
777 987 875 1044 est
921 986 984 1044 et
1029 981 1453 1044 dedolandum
1501 982 2003 1062 acuendumque,
2052 985 2126 1044 ut
2158 983 2409 1045 cultura
2439 984 2635 1046 animi

369 1090 480 1151 pro
530 1069 820 1148 impensa
865 1087 940 1130 ac
985 1067 1201 1129 labore
1247 1066 1522 1129 fructum
1570 1066 1811 1134 reddat.
1907 1067 2051 1130 Misi
2098 1067 2314 1130 literas
2361 1073 2508 1130 tuas
2554 1069 2634 1131 ad

370 1153 802 1236 Spalatinum‚
869 1152 1198 1214 aedituum
1269 1151 1442 1214 aedis
1509 1151 1871 1232 Gangolvi,¹
1944 1152 2383 1234 paedagogum
2460 1153 2636 1234 prin-

380 1239 558 1320 cipia
606 1236 1095 1301 homuncionem
1145 1236 1413 1299 scientia
1461 1241 1524 1298 et
1570 1237 1890 1318 probitate
1934 1237 2222 1318 politum,
2284 1238 2392 1300 sed
2450 1239 2639 1300 nimis

365 1324 660 1386 timidum
711 1326 775 1384 et
820 1321 1245 1384 verecundum
1309 1325 1372 1383 et
1430 1326 1813 1400 agnatorum
1882 1323 2345 1404 gentiliumque
2418 1321 2635 1386 notae²

369 1409 514 1492 plus
543 1409 718 1490 justo
755 1428 1114 1470 memorem.
1187 1407 1332 1469 Vise
1367 1405 1855 1470 christianorum
1900 1409 2231 1470 numinum
2272 1407 2632 1488 catalogum

371 1495 610 1557 editum
659 1517 698 1554 a
745 1490 922 1554 Gneo
972 1492 1196 1574 Appio,
1266 1493 1627 1573 apparitore
1674 1492 2101 1572 Sommeringi
2148 1492 2631 1574 praeceptoris³

373 1579 550 1643 Satis
597 1577 895 1640 admirari
947 1599 1210 1659 neque0‚
1276 1577 1444 1659 quod
1493 1579 1682 1640 etiam
1742 1584 2130 1659 conquestus
2176 1601 2313 1642 sum
2374 1579 2636 1642 Eobano

371 1665 697 1734 audiente,
747 1685 856 1725 cur
903 1661 1165 1725 Crotus⁴
1223 1662 1641 1744 philosophus
1688 1664 1959 1726 eximius
2028 1665 2408 1745 applicuerit
2451 1664 2637 1727 fastis

371 1749 820 1813 ecclesiasticis
867 1748 1018 1811 deos
1065 1748 1462 1810 ethnicorum
1497 1749 1536 1810 i.
1590 1771 1641 1810 e.
1679 1748 1893 1811 divum
1942 1749 2323 1828 Augustum,
2368 1749 2639 1813 Domiti—

371 1856 587 1910 anum,
634 1833 998 1914 Vergilium.
1088 1833 1238 1895 Ideo
1285 1838 1442 1913 puto
1490 1833 1661 1908 fecit,
1709 1838 1784 1896 ut
1829 1855 2032 1915 popae
2073 1835 2260 1897 rudes
2294 1835 2636 1898 vetustatis

366 1919 714 2000 Vergilium
763 1921 933 1981 stato
981 1917 1082 1980 die
1132 1923 1526 1980 venerentur.
1623 1919 1743 1981 Res
1805 1925 1972 1981 certe
2028 1919 2314 1982 ridicula.
2409 1920 2634 1982 Verum

366 2005 520 2087 quid
554 2004 882 2066 arbitraris
916 2003 1196 2066 dicturos
1229 2003 1613 2084 theologos?
1683 2003 2005 2078 Saevient,
2039 2009 2111 2066 ut
2146 2012 2298 2068 sunt
2330 2004 2633 2068 crudeles

368 2090 554 2172 Apud
614 2110 732 2152 nos
794 2089 1042 2150 veniam
1111 2089 1497 2170 impetrabit,
1571 2109 1955 2170 quamquam
2020 2089 2183 2152 alius
2244 2091 2330 2151 sit
2376 2095 2636 2153 senatus

366 2176 566 2251 Jovis,
629 2174 794 2236 alius
860 2172 1118 2236 Christi.
1209 2174 1460 2254 Jupiter
1519 2173 1765 2255 puellas
1813 2180 1876 2237 et
1924 2177 2261 2237 catamitos
2307 2176 2372 2236 in
2420 2175 2634 2240 album

367 2261 642 2324 coeleste
688 2259 941 2341 recepit.
1039 2257 1330 2321 Christus
1373 2263 1617 2322 castrat
1652 2259 1929 2340 ephebos
1962 2265 2026 2321 et
2058 2261 2296 2339 gaudet
2328 2261 2635 2322 eunuchis

365 2350 431 2409 et
481 2345 842 2408 Vestalibus
888 2344 1134 2425 puellis.
1224 2344 1294 2405 In
1340 2343 1529 2424 hujus
1562 2344 1858 2426 paradiso
1894 2344 2067 2408 nulla
2099 2367 2286 2426 capra
2319 2347 2633 2426 carpendo

366 2429 716 2511 corrumpit
761 2429 1010 2493 novella
1055 2433 1219 2493 sata..
1305 2429 1377 2492 In
1438 2430 1619 2493 Jovis
1675 2452 1827 2509 agro
1884 2430 2251 2511 surculariO,
2313 2431 2483 2511 quod
2538 2436 2637 2494 est

363 2520 588 2580 contra
633 2515 837 2595 legem
871 2515 1241 2591 colonicam,
1291 2536 1514 2596 capras
1541 2516 1811 2578 colonus
1859 2515 2264 2596 compascit.⁵
2356 2516 2498 2578 Alia
2532 2518 2637 2579 via

371 2603 551 2665 ducit
595 2600 660 2663 in
709 2600 947 2663 Christi
1007 2601 1362 2681 pomarium
1429 2600 1741 2663 latissimo
1804 2605 2095 2681 saeptum
2164 2602 2503 2682 pomoeriO,
2569 2602 2633 2664 in

364 2708 493 2767 quo
543 2708 669 2749 non
718 2686 1001 2749 nascitur
1047 2685 1294 2761 vitium,
1342 2708 1466 2748 non
1515 2686 1728 2761 alitur,
1777 2707 1899 2748 non
1934 2687 2212 2749 metitur.
2304 2685 2634 2749 Sanctitas

366 2772 517 2835 huic
579 2770 752 2834 coelo
822 2770 1252 2852 praeponitur.
1349 2774 1431 2832 At
1492 2771 1861 2852 paucissimi
1922 2770 2371 2833 admittuntur.
2465 2771 2629 2833 Num

361 2858 519 2921 tecti
583 2856 847 2919 cucullis
909 2854 1244 2919 ambulant
1289 2854 1354 2917 in
1407 2856 1526 2919 hoc
1573 2856 1857 2918 rosario?
1946 2855 2225 2918 Minime.
2318 2856 2629 2931 Quoniam

363 2943 621 3025 purgati
671 2962 797 3003 non
845 2944 1015 3003 sunt.
1107 2940 1400 3017 Sordent,
1467 2961 1596 3003 non
1660 2944 1814 3003 sunt
1880 2942 2110 3021 spiritu
2176 2941 2338 3003 bene
2406 2942 2631 3017 renati,

364 3028 529 3090 male
591 3026 726 3089 loti.
818 3024 1002 3106 Apud
1053 3046 1160 3088 eos
1206 3026 1385 3088 labor
1432 3030 1530 3087 est
1574 3029 1639 3088 et
1685 3026 1864 3088 dolor
1910 3031 1974 3088 et
2020 3025 2283 3088 afflictio
2346 3026 2631 3105 spiritus,

361 3114 434 3176 In
493 3110 729 3175 Christi
797 3110 971 3191 regia
1033 3111 1214 3190 quies
1277 3114 1376 3172 est
1421 3114 1485 3172 et
1529 3132 1657 3191 pax
1705 3114 1769 3172 et
1830 3110 2017 3175 beata
2078 3110 2515 3191 tranquillitas
2571 3114 2637 3173 et

364 3198 675 3261 continua
719 3195 1014 3272 felicitaS,
1063 3200 1402 3276 perpetuus
1449 3216 1642 3257 amor.
1736 3194 1905 3257 Haec
1953 3196 2027 3257 de
2074 3198 2248 3258 secta
2292 3195 2631 3257 communi.

363 3283 538 3346 Dicit
591 3278 914 3356 Rufinus,⁶
971 3281 1080 3361 qui
1135 3280 1272 3341 heri
1329 3279 1454 3343 fuit
1507 3278 1905 3361 Erphurdiae
1962 3287 2024 3343 et
2084 3279 2350 3343 Paetum
2419 3277 2631 3343 tuum⁷

363 3366 692 3443 salutavit,
740 3365 917 3428 brevi
962 3364 1094 3428 fore
1156 3368 1230 3427 ut
1273 3364 1648 3443 absolvariS,
1694 3369 1935 3447 patrem
2008 3387 2144 3427 esse
2210 3362 2633 3445 Moguntiae.⁸

361 3453 520 3516 Esto
592 3452 762 3515 bono
828 3450 1060 3513 animo.
1151 3449 1406 3513 Valebis
1479 3456 1667 3513 recte.
1758 3450 1895 3512 XII.
1968 3449 2099 3513 Cal.
2170 3448 2630 3513 Germanicas.⁹

677 3550 800 3604 Cod.
837 3550 972 3602 Frcf.
1010 3550 1126 3603 293.

507 3688 522 3717 ¹
559 3686 668 3738 Der
691 3685 1102 3753 Georgenthaler
1135 3684 1349 3748 Kircha
1386 3701 1453 3737 an
1479 3686 1572 3737 der
1596 3684 1831 3751 Spalatin
1854 3686 1991 3738 noch
2015 3686 2206 3737 immer
2231 3684 2375 3737 seine
2402 3684 2633 3736 Pfriinde

367 3753 824 3822 (Hohenkirchen)
863 3754 1060 3805 besass.
1203 3755 1222 3784 ²
1259 3752 1442 3805 Seiner
1476 3753 1827 3805 unehelichen
1866 3754 2076 3807 Geburt.
2134 3753 2253 3821 Vgl.
2291 3752 2341 3805 S.
2380 3754 2446 3805 (55
2486 3754 2544 3803 A.
2583 3753 2630 3803 4.

365 3827 387 3853 ὅ
421 3822 473 3874 S.
513 3822 574 3873 ‘21
615 3824 677 3873 A.
719 3824 764 3873 1.
907 3822 928 3852 ‘¹
963 3821 1012 3875 S.
1055 3821 1152 3873 113
1188 3822 1251 3871 A.
1291 3822 1337 3872 2.
1481 3824 1502 3853 ⁵
1540 3821 1703 3873 Varro
1739 3821 1819 3873 De
1855 3838 1911 3873 re
1948 3824 2075 3873 rust.
2112 3822 2154 3885 1,
2193 3823 2255 3873 2:
2291 3820 2542 3873 »Colonus
2578 3820 2631 3870 in

433 3906 488 3941 ro
526 3889 815 3942 surculario
851 3906 917 3941 ne
955 3905 1111 3956 capra
1147 3891 1332 3940 natum
1369 3892 1711 3955 compascat.«
1816 3890 1838 3921 ⁶
1859 3889 1911 3941 S.
1950 3890 1983 3939 4
2018 3892 2079 3941 A.
2122 3892 2166 3940 l.
2224 3902 2229 3909 ·
2310 3888 2635 3939 ⁷Vielleicht

363 3992 386 4009 r
423 3958 620 4023 agister
648 3958 818 4025 Georg
851 3956 1049 4009 Paetus
1087 3955 1258 4024 (Petz)
1297 3973 1392 4009 aus
1417 3957 1749 4023 Forchheim‚
1788 3958 1987 4009 Lohrer
2022 3958 2313 4010 CamerarS.
2351 3956 2631 4021 Krause,

362 4026 422 4077 E.
461 4026 526 4078 H.
566 4026 606 4086 Ι,
645 4026 761 4077 224.
816 4025 1139 4077 Ausserdem
1178 4028 1339 4077 nennt
1375 4025 1458 4077 die
1495 4024 1740 4077 Matrikel
1775 4026 1844 4093 (a.
1887 4025 2041 4093 1500)
2076 4026 2217 4077 noch
2255 4026 2407 4076 einen
2442 4024 2632 4076 Petrus

361 4094 492 4145 Petz
531 4110 626 4145 aus
655 4094 968 4161 Wiirzburg,
1005 4093 1274 4145 Professor
1309 4094 1412 4144 der·
1435 4093 1728 4159 Theologie.
1861 4094 1882 4123 ⁸
1916 4093 2033 4159 Vgl.
2076 4109 2181 4145 vor.
2220 4093 2307 4149 ΒΓ,
2434 4093 2455 4123 ⁹
2490 4092 2551 4148 D.
2594 4091 2629 4148 i.

362 4162 686 4231 September.
725 4162 774 4211 V
776 4162 842 4229 gl.
880 4160 930 4213 S.
974 4160 1071 4213 160
1107 4162 1168 4213 Α.
1207 4161 1253 4211 2.

1293 4335 1705 4348 ..-«------,
