3084 4895
1212 455 1419 509 Mutian
1458 473 1524 510 an
1563 456 1763 512 Urban.
2534 457 2604 522 11

377 630 599 693 doctus
645 635 707 693 et
756 629 1003 712 probus,
1050 635 1315 712 uterque
1371 633 1542 694 dives
1603 636 1666 694 et
1715 637 1955 712 potenS,
2011 654 2136 696 non
2185 632 2436 714 quidem
2485 630 2608 693 for-

373 723 569 779 tunae
629 717 867 797 judicio
935 723 1046 780 aut
1108 719 1509 798 persuasione
1556 719 1914 794 stultorum,
1981 719 2085 781 sed
2144 719 2196 780 si
2244 719 2610 781 beatissima

373 803 568 866 animi
614 802 940 866 commoda
987 811 1250 883 spectes.
1348 804 1662 867 Habemus
1709 805 1772 866 in
1819 805 2036 867 ordine
2082 806 2279 868 latino
2328 825 2450 866 non
2500 804 2610 866 ad-

376 889 629 951 modum
677 889 903 971 plureS,
950 890 1055 952 sed
1105 890 1506 953 doctissimos
1553 891 1843 971 collegas,
1911 891 2074 953 inter
2133 913 2290 972 quos
2337 889 2612 952 Thomas

378 975 725 1055 Vuolpbius
768 998 947 1038 meus
992 977 1303 1049 enitescit,
1352 977 1530 1057 cujus
1578 999 1692 1056 ego
1740 1000 1905 1040 nunc
1950 978 2069 1039 tibi
2114 977 2299 1040 binas
2345 977 2612 1039 exhibeo

381 1062 612 1135 literaS‚
661 1062 1221 1124 romanis-salibus
1255 1065 1552 1142 et'gratia
1599 1063 1876 1127 refertas.
1956 1064 2290 1144 Reliquum
2323 1071 2434 1132 est,
2487 1067 2557 1125 ut
2586 1075 2615 1102 ὃ

376 1147 769 1229 Spalatinum
840 1169 948 1229 pro
1012 1171 1077 1211 se
1140 1148 1497 1230 loquentem
1564 1150 1872 1223 inaudias,
1941 1172 2077 1211 cum
2129 1171 2254 1230 quo
2301 1149 2614 1231 praeclare

372 1242 677 1312 ageretur,
727 1235 777 1295 si
826 1235 1288 1297 sacratissimus
1340 1241 1404 1297 et
1448 1257 1788 1315 generosus
1849 1236 2047 1297 abbas
2095 1241 2242 1298 tuus
2289 1235 2456 1297 hunc
2500 1257 2611 1316 op-

376 1321 598 1383 timum
627 1320 921 1401 juvenem
957 1319 1267 1402 hospitem
1300 1321 1421 1385 sibi
1453 1330 1646 1405 atque
1679 1323 2088 1385 domesticum
2125 1322 2373 1386 faceret.
2450 1322 2610 1386 Vale.

678 1420 800 1474 Cod.
836 1420 968 1476 Frcf.
1008 1420 1087 1477 58.

376 1591 605 1661 (Gotha.)
1438 1596 1533 1662 10,
2117 1593 2402 1663 (Pfingsten
2440 1593 2610 1664 1505.)
2625 1631 2629 1636 -

1111 1731 1400 1801 Mutian
1445 1754 1541 1801 an
1585 1731 1860 1802 Urban.

370 1865 549 1930 (Danlc
579 1865 675 1932 fiir
722 1866 870 1919 Holx.
966 1868 1318 1922 H'underbare
1373 1870 1632 1937 Wirkzffq
1677 1870 1764 1921 des
1810 1869 2213 1937 Pfinystqeistes,
2284 1870 2375 1921 der
2433 1868 2613 1922 Urbem

440 1935 553 1988 und
588 1935 805 1989 Muticm
838 1954 912 1990 zu
941 1938 1166 2005 qleieher
1198 1938 1311 1992 Zez't
1343 1957 1472 1992 xum
1520 1939 1837 1992 Ubersenden
1874 1956 1971 1991 von
2012 1939 2332 1994 Gesolaenken
2369 1938 2553 2004 treibt).

575 2059 838 2110 Erudito
892 2063 955 2111 et
1008 2061 1203 2112 latino
1254 2063 1524 2122 mihique
1580 2063 1945 2112 amicissimo
1999 2063 2167 2122 patri
2221 2062 2302 2113 H.
2339 2062 2612 2120 Urbane,

625 2148 1017 2204 procuratori
1052 2147 1399 2199 sodalitatis
1436 2149 1822 2210 Georgianae
1856 2149 2172 2209 primario,
2206 2150 2294 2199 M.
2328 2147 2550 2199 Rufus.

578 2263 640 2328 S.
734 2265 1009 2347 Spiritus
1070 2268 1327 2345 domini,
1399 2271 1508 2350 qui
1568 2269 1766 2352 replet
1824 2269 2040 2332 orbem
2087 2275 2391 2333 terrarum
2439 2271 2503 2331 et
2547 2271 2610 2330 te

376 2370 485 2430 pro
532 2373 647 2416 sua
691 2351 1085 2437 benignitate
1129 2356 1479 2436 inspiravit,
1526 2360 1599 2419 ut
1631 2355 1921 2433 silvestri,
1969 2355 2075 2418 sed
2129 2360 2190 2418 et
2234 2375 2465 2436 magno
2497 2375 2612 2416 nos

378 2460 631 2501 munere
689 2439 972 2517 donareS,
1034 2445 1095 2505 et
1160 2443 1315 2507 mihi
1374 2444 1462 2507 sic
1520 2443 1844 2525 aspiravit,
1913 2449 1984 2507 ut
2042 2443 2370 2519 novitium,
2416 2441 2610 2525 pium,

377 2523 630 2606 elegans
698 2528 1148 2610 Wimphelingi
1207 2552 1365 2612 opus
1423 2530 1545 2592 tibi
1598 2530 2113 2595 transmitterem.
2204 2530 2323 2593 Hic
2367 2534 2464 2591 est
2506 2527 2611 2592 ille

377 2610 529 2674 deus
576 2635 745 2677 mera
792 2616 1022 2679 caritas
1052 2616 1099 2688 ¹²,
1148 2619 1254 2697 qui
1290 2618 1504 2698 spirat,
1545 2618 1653 2679 ubi
1686 2617 1839 2692 vult,
1888 2621 1950 2681 et
1982 2639 2188 2680 veram
2235 2623 2427 2697 atque
2472 2637 2610 2698 per-

376 2696 601 2761 fectam
636 2700 800 2764 inter
848 2703 1143 2766 mortales
1175 2704 1513 2767 amicitiam
1547 2715 1571 2742 ⁰
1611 2704 1915 2776 instituit,
1956 2704 2059 2767 hic
2090 2704 2348 2785 inquam
2385 2706 2479 2766 est
2508 2701 2613 2765 ille

374 2784 625 2848 divinus
693 2786 968 2865 afflatus,
1037 2790 1146 2872 qui
1192 2811 1302 2852 vos
1349 2790 1674 2870 religiosos
1721 2789 2008 2854 homines
2067 2790 2398 2853 unanimes
2460 2788 2612 2851 facit

373 2874 562 2952 atque
619 2875 976 2953 concordeS,
1037 2898 1145 2958 per
1202 2898 1386 2958 quem
1443 2876 1656 2939 nullus
1717 2898 1891 2939 amor
1950 2899 2076 2940 non
2133 2877 2439 2940 honestus
2491 2880 2608 2952 est,

373 2956 509 3020 sine
556 2958 735 3040 cujus
780 2960 1138 3025 interventu
1188 2963 1361 3025 nulla
1393 2968 1489 3026 est
1519 2966 1762 3026 sincera
1792 2963 1821 3002 ἃ
1853 2963 2124 3027 dilectio.
2222 2962 2311 3025 De
2355 2962 2475 3025 hoc
2520 2962 2614 3024 in-

373 3044 787 3125 telligendum
837 3051 933 3111 est
978 3048 1129 3112 illud
1178 3050 1517 3113 usitatum:
1589 3050 1758 3125 Quos
1808 3052 1960 3114 deus
2005 3048 2357 3131 conjunxit,
2425 3047 2612 3110 homo

371 3152 499 3193 non
564 3137 831 3215 separat.
940 3134 1031 3197 Re
1093 3158 1235 3199 vera
1295 3158 1409 3198 nos
1455 3138 1608 3199 deus
1658 3136 1756 3198 bic
1803 3138 2153 3199 studiorum
2201 3134 2614 3198 similitudine

374 3221 438 3279 et
480 3219 879 3284 voluntatum
942 3223 1359 3303 germanitate
1422 3223 1772 3303 conjunxit.
1879 3223 2221 3285 Robustior
2279 3222 2471 3302 igitur
2517 3225 2614 3283 est

372 3303 655 3368 amicitia
686 3318 709 3345 0
742 3313 977 3383 nostra,
1012 3308 1320 3386 stabilior,
1354 3310 1627 3385 solidior,
1663 3332 1849 3391 quam
1885 3313 1957 3373 ut
1989 3332 2121 3371 earn
2171 3309 2266 3370 vel
2311 3308 2612 3387 temporis

374 3390 941 3456 diuturnitasevel
1004 3394 1280 3457 locorum
1353 3396 1753 3477 intercapedo
1824 3396 1920 3458 vel
1990 3394 2349 3477 scriptionis
2415 3394 2611 3456 inter-

372 3477 587 3541 missio
634 3480 962 3543 convellat.
1076 3480 1234 3544 Nam
1302 3485 1373 3545 ut
1418 3482 1668 3563 planius
1721 3482 1795 3545 de
1857 3482 2208 3545 animorum
2258 3484 2613 3543 nostrorum

374 3562 707 3627 divinitate
778 3568 1209 3647 societateque
1285 3566 1522 3648 loquar,
1599 3570 1741 3651 quis
1809 3569 2068 3649 negabit
2136 3568 2231 3629 dei
2303 3565 2613 3647 spiraculo

374 3649 627 3726 factum,
693 3658 763 3714 ut
831 3652 949 3715 hoc
996 3654 1131 3734 ipso
1180 3654 1298 3728 die,
1367 3676 1492 3734 quo
1540 3661 1610 3716 tu
1655 3656 2003 3729 materiam,
2061 3675 2176 3734 ego
2223 3652 2503 3715 libellum
2551 3656 2616 3714 et

373 3733 587 3800 literas
635 3737 978 3801 donarem?
1066 3739 1134 3802 In
1184 3740 1318 3821 ipso
1364 3742 1674 3821 siquidem
1748 3742 1988 3821 itinere,
2058 3762 2246 3822 quum
2318 3738 2616 3819 magister

375 3819 745 3903 Spalatinus
810 3831 872 3888 et
926 3848 1077 3907 puer
1137 3848 1311 3888 meus
1369 3827 1750 3891 domesticus
1797 3828 2177 3889 Benedictus
2223 3824 2489 3889 Rufinus
2535 3824 2614 3885 ad

378 3912 441 3969 te
490 3909 1047 3990 proficiscerentur,
1096 3913 1511 3976 occurrebant
1544 3916 1632 3977 eis
1664 3913 1997 3976 vectabula
2032 3918 2160 3983 tua,
2209 3934 2334 3992 qua
2364 3934 2428 3973 re
2460 3911 2616 3974 moti

385 3993 635 4059 domum
683 4000 847 4060 retro
893 3997 971 4060 ad
1018 4020 1132 4061 nos
1165 3998 1507 4063 abierunt.¹
1602 4000 1722 4075 Qui
1754 4000 2005 4079 quidem
2039 4021 2335 4062 occursus
2367 3998 2616 4061 videtur

379 4080 529 4143 mihi
596 4103 850 4167 prorsus
914 4106 1049 4147 esse
1117 4085 1367 4148 divinus
1436 4091 1500 4147 et
1567 4086 1674 4167 qui
1744 4091 2029 4148 mutuam
2109 4085 2613 4148 benevolentiam

507 4299 535 4326 a
561 4289 621 4337 ut
654 4285 792 4352 fehlt.
865 4292 893 4329 b
922 4288 1163 4341 charitas.
1238 4304 1261 4329 0
1291 4289 1340 4340 ci
1373 4294 1434 4339 st.
1473 4288 1529 4342 ti.
1605 4292 1631 4329 d
1662 4304 1897 4355 syncera.
1972 4302 1996 4329 e
2025 4286 2295 4341 diurnitas

376 4419 385 4427 ²
513 4357 527 4385 ¹
565 4355 800 4421 Spalatin
837 4356 1024 4422 wo‘llte,
1063 4367 1198 4410 etwa
1232 4358 1499 4424 Pfingsten
1537 4359 1685 4422 1505,
1739 4373 1842 4409 von
1880 4358 2049 4410 Gotha
2085 4374 2180 4410 aus
2216 4356 2366 4410 einen
2403 4354 2613 4406 Besuch

372 4436 427 4471 ln
462 4421 807 4492 Georgenthal
859 4427 1095 4480 macheu.
1166 4427 1301 4480 Dass
1352 4443 1409 4479 er
1443 4427 1579 4479 noch
1614 4426 1763 4479 nicht
1798 4427 1913 4479 dort
1948 4426 2024 4478 als
2059 4426 2257 4480 Lehrer
2290 4424 2458 4491 thatig
2492 4439 2616 4495 war,

370 4490 574 4560 ergiebt
610 4492 694 4546 die
731 4494 1123 4564 Vergleichung
1156 4496 1255 4548 mit
1290 4497 1411 4550 dem
1445 4496 1880 4564 vorangehenden
1919 4494 2106 4550 Briefe.
