3084 4895
463 355 593 421 494
1306 353 1482 409 Briefe
1518 352 1612 408 des
1647 354 1699 408 J.
1737 355 1885 408 1514.

468 529 825 610 septimam,
858 551 985 611 qua
1015 551 1115 594 me
1146 529 1438 593 fraudare
1480 529 1707 601 voluit,
1753 542 2160 610 sexagenam.
2248 528 2520 612 Scripsit
2557 529 2728 592 euim

468 619 867 678 numeratam
932 615 1147 693 fuisse,
1212 615 1435 678 fraude
1502 615 1740 695 insigni
1800 636 1956 678 usus
2013 615 2148 678 si've
2191 637 2310 679 sua
2373 614 2731 697 sagacitate

468 701 603 764 sive
647 722 841 764 suasu
886 702 1121 782 patrui.
1209 700 1345 782 Ego
1390 701 1902 783 procurationem
1963 700 2226 764 Martini
2272 721 2476 780 neque
2522 704 2728 764 ratam

466 807 675 866 neque
718 791 965 866 gratam
1013 786 1239 863 habeo,
1300 787 1423 850 nisi
1468 791 1562 860 tu,
1609 790 1684 849 ut
1726 787 2072 868 quiescam,
2132 787 2471 850 censueris,
2559 785 2728 866 Lege

468 875 533 934 et
588 871 797 952 relege
856 873 1192 936 ratiocinia
1234 877 1301 937 et
1345 872 1608 935 consule
1667 872 1942 954 simplici
2003 872 2311 935 Matiane.
2403 869 2496 932 Tu
2559 871 2722 932 enim

469 958 687 1037 sagaci
732 979 799 1020 es
842 958 1101 1038 ingenio
1148 962 1213 1021 et
1258 958 1499 1039 peritus
1545 956 2018 1038 paterfamilias.
2107 957 2342 1020 Eadem
2393 978 2544 1020 cura
2587 977 2726 1018 mea

468 1043 707 1106 tract-es
764 1043 975 1121 velim,
1036 1063 1164 1125 qua
1207 1046 1323 1106 tna
1368 1044 1646 1106 nomina.
1737 1042 1808 1106 Si
1868 1042 2031 1106 bene
2073 1048 2140 1105 te
2185 1043 2354 1119 novi,
2415 1041 2725 1104 curiosius

465 1128 783 1210 expedieS‚
852 1132 927 1191 ut
984 1151 1053 1192 es
1112 1129 1515 1192 reverentior.
1610 1126 1770 1192 Cato
1836 1130 2286 1209 interrogatus,
2351 1128 2498 1208 quis
2561 1130 2729 1190 esset

462 1213 856 1277 certissimus
930 1218 1253 1295 quaestus,
1334 1213 1690 1296 respondit:
1763 1211 1874 1295 „Si
1938 1214 2102 1277 bene
2165 1211 2480 1296 pasca8.“¹
2593 1211 2726 1294 Ego

468 1320 615 1364 vero
662 1299 1301 1380 quaestuosissimum
1346 1321 1484 1363 esse
1530 1304 1707 1381 pute,
1755 1300 1810 1362 si
1853 1304 2138 1381 tempore
2199 1321 2336 1377 sue,
2395 1319 2528 1362 non
2589 1318 2724 1360 sero

467 1385 755 1448 debitum
802 1385 1066 1466 cogitas.
1158 1382 1377 1458 Tuere,
1424 1385 1634 1467 quoad
1681 1384 1942 1468 poter-ie,
1986 1385 2259 1465 vectigal
2291 1385 2472 1466 regni
2502 1383 2724 1460 nostri,

466 1474 533 1534 et
591 1492 671 1532 ne
734 1470 953 1534 eadem
1020 1473 1275 1553 saepius
1342 1472 1657 1544 dicantur,
1725 1472 1992 1535 duarum
2057 1471 2124 1533 in
2193 1491 2408 1534 curam
2475 1489 2725 1531 ararum

468 1556 894 1619 emolumenta
943 1560 1007 1619 et
1050 1557 1295 1621 reditus
1354 1557 1570 1640 accipe
1615 1561 1680 1621 et
1724 1561 1862 1620 esto
1920 1557 1986 1619 in
2033 1577 2152 1632 me,
2217 1557 2317 1620 uti
2383 1553 2725 1624 consuesti,

467 1640 777 1705 fidelitate
844 1663 918 1704 ac
982 1641 1429 1706 benevolentia
1496 1641 1824 1723 singulari.
1915 1641 2144 1704 Publio
2212 1641 2461 1704 veniam
2533 1629 2724 1701 dedi.²

470 1725 565 1790 Tu
610 1726 817 1790 scribe
862 1730 929 1790 et
972 1729 1232 1809 corrige.
1323 1728 1624 1808 Ignoscat
1681 1728 1800 1792 tibi
1864 1729 2040 1804 deus,
2110 1727 2281 1809 quod
2345 1724 2726 1790 introductis

470 1811 763 1876 Cerberis
807 1814 1111 1893 grandem
1158 1814 1480 1878 amicitiae
1524 1814 1734 1878 labem
1795 1809 2190 1896 asperseris.³
2278 1812 2502 1894 Neque
2561 1809 2722 1872 enim

468 1902 637 1961 recte
681 1897 804 1961 tibi
848 1899 1129 1962 consulis
1174 1900 1317 1963 ideo
1362 1900 1744 1982 probandos,
1790 1901 1960 1982 quod
1991 1899 2346 1962 industriae
2378 1896 2723 1980 mercedem

466 2005 595 2047 non
642 1987 884 2066 petant.
974 1984 1073 2048 Ha
1116 1983 1220 2063 ha,
1266 1983 1381 2049 ubi
1425 1990 1608 2049 tuum
1655 1989 1754 2049 est
1798 1983 2115 2048 acumen?
2205 1983 2368 2060 Quid
2419 1981 2542 2046 hoc
2591 2002 2724 2044 esse

468 2069 673 2133 dicam
722 2073 836 2132 aut
896 2091 1057 2151 quas
1117 2071 1377 2134 deorum
1442 2071 1620 2134 iras?
1707 2071 1961 2134 Norunt
2006 2077 2071 2134 et
2113 2070 2476 2133 meretrices
2545 2067 2724 2131 novis

467 2155 861 2219 amatoribus
923 2176 1179 2237 parcere
1225 2161 1290 2220 et
1332 2158 1423 2220 sic
1470 2161 1568 2220 est
1611 2158 1676 2220 in
1725 2157 2079 2238 praeceptis
2141 2157 2442 2219 Amorum
2512 2152 2724 2217 Ovidi-

464 2241 638 2304 anis:
692 2240 993 2321 „Parcius
1030 2243 1281 2323 exigito
1337 2244 1631 2325 pretium,
1695 2243 1843 2306 dum
1906 2244 2068 2306 retia
2127 2239 2433 2305 tendiS.“‘
2523 2239 2722 2317 Quare

464 2325 821 2389 mirandum
884 2330 983 2390 est
1042 2328 1162 2391 tibi
1220 2332 1351 2391 tam
1415 2332 1608 2392 acuto
1669 2327 1912 2391 homini
1967 2327 2338 2392 tabularum
2398 2347 2604 2406 nugas
2659 2326 2725 2385 et

463 2411 905 2476 blandimenta
951 2433 1079 2477 non
1132 2434 1271 2477 esse
1316 2415 1594 2496 cognita.
1684 2414 1908 2495 Ignovi
1939 2420 2004 2477 et
2037 2413 2290 2492 subrisi,
2337 2433 2466 2476 non
2509 2415 2718 2475 tamen

462 2498 753 2562 irrisione
820 2498 1108 2563 subdola.
1200 2498 1353 2563 Vide
1422 2507 1514 2571 tu.
1578 2522 1657 2564 ne
1717 2500 1926 2564 fraudi
1983 2500 2106 2563 tibi
2159 2500 2252 2562 sit
2303 2500 2432 2561 ista
2475 2496 2715 2560 levitas.

462 2581 831 2647 Musardus⁵
877 2583 1065 2647 hodie
1110 2606 1211 2647 me
1254 2586 1580 2651 salutavit.
1672 2585 2118 2649 Praemon'itus
2177 2588 2336 2661 este,
2382 2605 2482 2659 ne,
2530 2579 2717 2645 veluti

464 2669 623 2733 solis
669 2669 829 2733 radii
872 2670 938 2732 in
986 2692 1054 2733 se
1098 2671 1332 2734 nubem
1380 2672 1672 2748 trahunt,
1717 2672 1812 2734 ita
1853 2674 1927 2735 tu
1974 2672 2092 2735 tibi
2137 2669 2376 2733 malum
2411 2668 2714 2731 effundas.

463 2752 619 2835 Ege,
680 2776 759 2817 ne
815 2754 1242 2832 confundariS,
1303 2761 1376 2819 ut
1436 2758 1651 2820 salvus
1697 2765 1760 2819 et
1804 2758 2035 2821 florens
2095 2756 2242 2819 istic
2303 2747 2717 2836 permanea8‚⁶

465 2840 837 2921 procumbe.
932 2840 1056 2903 Par
1099 2843 1234 2923 pari
1280 2841 1459 2905 refer.
1552 2842 1746 2906 Amor
1789 2864 1938 2924 erga
1977 2847 2045 2907 te
2091 2862 2268 2905 meus
2301 2840 2510 2903 adhuc
2541 2841 2717 2902 durat

464 2946 671 3006 neque
716 2947 1019 3007 unquam,
1066 2928 1190 2989 nisi
1236 2928 1390 2990 mihi
1438 2948 1665 2991 nasum
1712 2928 2162 3009 amputaveriS‚
2211 2927 2480 3002 desinet,
2513 2945 2716 3007 spero·
2763 2962 2765 2965 <

466 3032 590 3093 que
634 3010 794 3074 nihil
840 3012 998 3075 mihi
1039 3016 1106 3075 te
1150 3013 1478 3077 villicante
1522 3012 1906 3077 defuturum.
1998 3014 2186 3093 Vale,.
2216 3010 2539 3075 Urbanule
2567 3010 2717 3073 levi·

464 3096 622 3159 cule.
714 3097 956 3159 Amicis
1001 3097 1219 3161 literas
1263 3099 1471 3163 redde.
1565 3098 1882 3162 MDXIIII.

773 3195 895 3248 Cod.
932 3195 1069 3251 Frcf.
1103 3196 1221 3251 408.

466 3400 697 3469 (Gotha.)
1518 3389 1664 3451 428.
2372 3402 2513 3472 (Okt.
2555 3402 2720 3470 1514.)

1213 3514 1503 3587 Mutian
1550 3538 1646 3587 an
1693 3516 1972 3587 Urban.

469 3642 566 3710 (Ist
600 3642 703 3694 mit
751 3642 965 3721 Urbana⁸
994 3643 1302 3724 Besorqzqny
1335 3644 1507 3699 scine-s
1556 3612 1964 3701 Rechtshaizdels
2007 3646 2157 3700 nich-t
2200 3646 2493 3713 §cufi-abdon.
2577 3646 2725 3699 Versa

470 3710 1862 3919 Nfffubwfflmffim
1878 3715 2196 3851 aaa?
2331 3714 2727 3836 M...

1505 3868 1541 3903 n
1615 3868 1652 3903 n
1699 3870 1738 3904 e.

467 4038 675 4077 summe
724 4027 947 4093 gezahlt,
1002 4030 1127 4082 aber
1160 4030 1277 4083 sich
1314 4032 1551 4083 verzahlt
1597 4030 1761 4085 hatte.
1832 4031 1922 4084 Br.
1959 4031 2079 4085 421.
2225 4032 2242 4061 ¹
2277 4029 2386 4082 Cic.
2423 4028 2505 4081 De
2539 4028 2624 4080 off.
2660 4025 2725 4090 Π,

468 4092 549 4159 25,
586 4096 633 4146 5.
766 4097 785 4127 ²
822 4096 969 4149 Weil
1004 4114 1063 4150 er
1097 4114 1163 4150 zu
1198 4099 1382 4152 Urban
1416 4100 1682 4153 entlaufen
1722 4115 1843 4152 war.
1903 4099 1988 4153 Br.
2027 4099 2144 4153 415.
2273 4099 2294 4131 ⁸
2329 4096 2448 4163 Vgl.
2485 4095 2572 4147 ΒΓ.
2610 4094 2726 4146 424.

466 4160 536 4212 Μ.
574 4162 714 4214 wirft
749 4180 859 4231 vor,
897 4166 1019 4219 dass
1054 4167 1170 4218 sich
1205 4168 1386 4220 Urbau
1428 4169 1596 4220 durch
1633 4168 1734 4219 den
1777 4168 2059 4221 scheinbar
2107 4164 2585 4233 uneigenniitzigen
2631 4162 2729 4214 Rat

466 4230 559 4281 des
597 4231 855 4284 Cerberus
891 4234 1147 4286 tauschen
1184 4235 1335 4289 lasse.
1459 4238 1480 4268 ⁴
1514 4240 1692 4289 Amor.
1735 4236 1771 4299 Ι,
1806 4236 1856 4303 8,
1897 4237 1977 4288 69.
2087 4238 2108 4268 ⁶
2141 4234 2342 4287 Lehrer
2376 4234 2433 4285 iu
2467 4232 2728 4299 Georgen-

466 4297 595 4350 thal.
647 4299 765 4363 Vgl.
788 4300 837 4353 S.
859 4301 963 4352 484
982 4304 1043 4353 Α.
1066 4304 1113 4355 6.
1254 4306 1276 4334 ⁶
1314 4304 1407 4355 Als
1442 4304 1738 4357 Verwalter
1771 4304 1864 4357 des
1901 4302 2312 4371 Geor-genthaler
2346 4300 2526 4364 Hofes.
2565 4298 2728 4351 diu-ch

468 4364 823 4435 Empsehlung
848 4368 989 4419 beim
1014 4370 1165 4424 Abte.
1238 4371 1355 4437 Vgl.
1392 4370 1445 4424 S.
1482 4372 1583 4424 487
1621 4376 1684 4427 A.
1725 4374 1749 4423 1
1789 4388 1841 4427 u,
1881 4373 1979 4425 den
2007 4372 2094 4423 ΒΥ.
2133 4388 2182 4426 v,
2226 4373 2269 4425 l.
2307 4370 2443 4423 Nov,
2481 4368 2575 4421 Nr.
2611 4366 2726 4420 432.
