3084 4895
1163 400 1348 470 Urban
1385 431 1456 470 an
1492 403 1759 486 Spalatin.
2474 403 2599 478 145

324 587 580 669 loquor.
674 586 943 662 Quando
971 597 1000 628 ⁸
1043 609 1146 650 me
1188 589 1353 652 ratio
1400 587 1790 652 coenobialis
1836 586 2115 651 desidiae
2160 586 2332 650 intra
2376 584 2598 648 cellam

324 673 560 751 tenuit,
583 672 847 736 videbar
878 678 1140 737 veterno
1172 673 1498 749 laborare3
1516 673 1859 737 concoctio
1892 671 2373 755 impediebatur
2402 669 2603 752 pallor

326 760 459 822 imo
516 757 690 830 luror
734 778 932 838 genas
995 759 1368 840 occupabat.
1460 759 1629 821 Male
1674 759 1985 829 valebam
2040 757 2329 839 jacebam
2378 757 2441 819 in
2491 755 2601 817 cli-

327 845 523 908 nidio.
557 845 586 881 b
688 841 850 906 Ecce
920 843 1206 907 diutinus
1272 850 1490 926 torpor
1564 844 1965 907 hebetabat⁰
2042 844 2233 905 robur
2300 841 2599 922 corporis,

331 930 610 1026 vigorem
662 929 922 1008 ingenii.
1015 927 1177 1004 Quid
1225 929 1495 992 multis?
1587 929 1816 991 Actum
1854 935 2020 991 esset
2065 929 2141 990 de
2172 926 2431 990 Urbano
2469 930 2601 1000 tue,

329 1014 458 1076 nisi
513 1012 651 1094 jugi
727 1017 902 1076 motu
978 1021 1042 1076 et
1102 1015 1455 1095 agitatione
1525 1016 1805 1095 corporis
1873 1013 2163 1076 abstersa
2228 1011 2605 1090 rubiginosa

342 1098 769 1161 melancholia
816 1099 1045 1160 bonam
1094 1099 1522 1162 valetudinem
1572 1120 2058 1180 recuperassem.
2148 1097 2355 1161 Probe
2387 1099 2605 1158 monet

331 1184 667 1246 Horatius:
738 1182 1052 1265 „Vitanda
1098 1189 1198 1246 est
1239 1185 1528 1266 improba
1585 1183 1769 1248 Siren
1825 1183 2100 1246 Desidia.
2113 1180 2170 1214 “¹
2264 1181 2461 1244 Verus
2506 1185 2605 1242 est

333 1267 607 1333 Ovidius
650 1269 714 1329 in
738 1233 838 1330 ”eo
901 1269 1300 1366 potissimum
1366 1269 1710 1332 versiculo.
1786 1269 2130 1350 „Ignavum
2191 1269 2607 1347 corrumpunt

331 1354 468 1417 otia
499 1375 745 1434 corpuS,
786 1351 872 1415 Et
918 1354 1179 1434 capiunt
1224 1355 1471 1430 vitium,
1521 1355 1588 1416 ni
1619 1360 2013 1422 moveantur.
2046 1374 2268 1434 aquae.
2279 1349 2343 1384 “²
2390 1351 2609 1414 Vitent

337 1438 698 1520 impuberes
744 1439 1186 1502 assiduitatem
1220 1445 1283 1502 et
1312 1446 1652 1522 perpetuas
1684 1423 2178 1502 auditiunculaS.
2236 1437 2609 1500 Reforment

340 1529 491 1587 tuos
537 1523 681 1586 illos
727 1525 860 1586 otia
908 1525 1306 1605 tempestiva‚
1355 1526 1715 1588 subcisivae
1757 1525 2039 1587 lusiones
2084 1528 2384 1586 recreent.
2462 1520 2603 1583 Non

335 1609 501 1672 fiant
559 1613 766 1670 tecum
834 1610 1182 1688 marciduli,
1247 1611 1623 1690 languiduli,
1686 1610 2027 1687 austeruli3
2083 1608 2311 1671 laetad
2363 1607 2606 1670 indoles

343 1715 466 1757 non
506 1693 955 1756 confundatur.
1048 1693 1324 1774 Sanguis
1361 1694 1683 1758 hilaritate
1731 1699 1989 1770 crescat,
2038 1694 2360 1756 auferatur
2404 1693 2606 1754 tristis

341 1781 589 1842 siccans
636 1799 782 1841 ossa
828 1779 1108 1861 spiritus.
1201 1779 1340 1842 Non
1391 1789 1651 1862 serpant
1696 1781 1899 1843 instar
1944 1779 2208 1842 limacis
2300 1777 2610 1840 Exultent

347 1865 413 1926 in
463 1885 700 1926 morem
750 1865 1001 1944 leporis
1092 1864 1265 1926 Rosa
1310 1866 1488 1945 virgo
1553 1865 1750 1928 libero
1800 1865 1973 1928 coelo
2030 1864 2294 1926 fruatur.
2386 1862 2610 1938 Nocet,

341 1947 629 2030 profecto
653 1955 841 2012 nocet
864 1950 1222 2012 umbratica
1246 1951 1627 2026 lucubratiO,
1656 1951 1778 2014 nisi
1805 1956 2202 2013 veternosam
2226 1949 2609 2030 gravitatem

339 2055 612 2097 amoena
659 2038 723 2096 et
767 2035 1043 2097 subdiali
1076 2035 1337 2099 levitate
1369 2042 1431 2098 et
1466 2037 1865 2099 exultatione
1911 2035 2219 2097 discutias
2251 2033 2350 2096 vel
2384 2033 2611 2096 saltem

346 2121 412 2182 in
444 2119 863 2182 contubernio
899 2120 1223 2201 classeque
1246 2121 1473 2202 puerili
1505 2121 1814 2184 ludicram
1848 2126 1912 2183 et
1942 2121 2365 2202 voluptariam
2397 2130 2421 2158 ⁰
2452 2119 2613 2182 otio-

342 2207 603 2268 sitatem
653 2206 1006 2286 permittas.
1099 2205 1373 2269 Proinde
1419 2209 1563 2270 vive
1595 2207 1801 2270 laetus
1848 2206 2098 2287 abjecta
2133 2205 2501 2268 curiositate
2549 2209 2613 2265 et

339 2289 556 2353 facilia
579 2289 1025 2370 breviculaque
1042 2292 1350 2372 praecipe.
1410 2293 1841 2355 Remissiones
1860 2292 2146 2354 admitte.
2196 2289 2607 2354 Senecionem

337 2397 472 2437 non
509 2374 811 2438 remorde.
903 2375 1238 2457 Fungatur
1269 2377 1400 2440 suis
1436 2378 1745 2459 partibus.
1815 2377 1970 2440 Esto
2017 2377 2240 2439 dulciS.
2325 2373 2612 2458 „Culices

335 2461 527 2524 acida
573 2465 824 2541 petunt,
871 2462 949 2523 ad
998 2462 1207 2525 dulcia
1248 2484 1373 2526 non
1407 2464 1731 2527 advolant.
1744 2462 1772 2493 “
1868 2464 2023 2539 Quis
2068 2458 2276 2525 hoc‘?⁸
2325 2426 2613 2523 ”Plinius

337 2548 378 2609 l.
430 2544 507 2607 X.
601 2546 742 2608 Non
791 2550 855 2608 te
900 2546 1202 2625 lancinet,
1249 2552 1571 2629 torqueat,
1630 2550 1867 2612 cruciet
1925 2548 2271 2611 intestinus
2328 2543 2612 2609 carnifex

338 2631 757 2708 conscientia,
805 2652 999 2712 quum
1046 2597 1209 2697 nihil
1254 2654 1639 2716 magnopere
1684 2634 2072 2715 culpandum
2120 2632 2465 2694 admiseris.
2544 2628 2613 2693 Si

339 2716 500 2799 quid
549 2718 939 2797 cogitatione
983 2738 1228 2799 peccaS‚
1277 2718 1340 2779 id
1375 2719 1725 2782 humanum
1774 2720 2046 2782 arbitror
2078 2717 2444 2781 diluendum
2476 2737 2616 2779 rore

338 2801 705 2865 benedicto.
799 2802 1028 2879 HabeS,
1075 2805 1314 2884 optime
1361 2803 1713 2886 Spalatine,
1766 2826 1965 2867 meam
2000 2803 2404 2877 sententiam,
2451 2821 2615 2882 quae

339 2891 410 2950 te
459 2890 713 2949 revocet.
758 2886 840 2948 ab
885 2892 1068 2949 aestu
1117 2888 1194 2950 ad
1244 2888 1653 2963 hilaritatem,
1702 2890 1782 2952 ab
1817 2887 2216 2970 aegritudine
2262 2888 2340 2949 ad
2389 2886 2613 2948 alacri-

341 2975 572 3048 tatem,
623 2971 704 3033 ab
753 2992 956 3033 errore
1004 2973 1066 3034 in
1119 2973 1314 3052 viam,
1363 2974 1483 3037 etsi
1529 2997 1735 3037 errare
1781 2996 1905 3037 non
1955 2974 2181 3055 possiS‚
2246 2973 2299 3035 si
2347 2971 2613 3034 docendi

343 3056 664 3121 rationem
727 3056 808 3119 ad
867 3060 1098 3119 certam
1165 3060 1347 3139 quasi
1417 3081 1701 3123 normam
1776 3059 2081 3122 direxeris
2147 3064 2338 3139 teque
2407 3056 2612 3136 ipsum

347 3141 692 3223 superfluis
737 3145 802 3203 et
832 3141 1191 3205 ambitiosis
1239 3143 1563 3208 laboribus
1598 3144 2062 3221 exonerave'riS,
2097 3144 2385 3206 modesta
2422 3140 2615 3204 collo-

347 3228 609 3290 cutione
656 3248 868 3288 senem
917 3228 1352 3305 demulcendo,
1403 3252 1527 3292 non
1564 3232 1825 3293 omnino
1860 3234 2183 3293 contemta
2216 3229 2617 3308 vegetatione

345 3313 649 3393 corporis
741 3310 902 3374 Nam
972 3312 1240 3376 velimus
1297 3315 1592 3390 nolimus,
1648 3338 1932 3395 organon
1980 3316 2179 3377 animi
2226 3334 2453 3393 corpus
2498 3316 2615 3387 est,

346 3397 520 3479 quod
571 3418 774 3477 aequa
819 3398 1200 3478 placidaque
1232 3405 1444 3462 mente
1476 3402 1763 3482 vigescit,
1796 3400 2171 3483 perturbata·
2200 3396 2616 3473 contrahitur,

345 3490 545 3563 atque
604 3483 694 3543 ita
749 3487 822 3545 ut
883 3486 1243 3547 communia
1305 3486 1474 3547 bona
1531 3486 1829 3568 malaque
1885 3485 2203 3567 possidere
2259 3480 2615 3545 videantur.

344 3567 519 3629 Vale.
617 3566 782 3629 Data
826 3569 890 3630 in
941 3569 1365 3632 conciliabulo
1413 3570 1691 3634 familiae
1707 3510 2198 3643 insterciensiS,
2248 3568 2313 3631 in
2347 3588 2475 3647 qua
2521 3588 2617 3628 me

353 3650 710 3715 Duronius⁴
758 3675 894 3715 esse
939 3654 1164 3729 voluit,
1209 3656 1465 3719 ademta
1524 3658 1970 3738 procuratione
2030 3654 2342 3729 coenobii,
2401 3655 2473 3715 ut
2518 3673 2618 3714 me

349 3738 618 3800 absente
653 3744 716 3799 et.
748 3738 882 3817 ipse
917 3740 1213 3802 licentius
1256 3747 1716 3804 comessaretur
1748 3764 1823 3804 ac
1852 3743 2157 3823 potitaret
2204 3745 2267 3801 et
2312 3738 2617 3800 versutis-

355 3823 502 3885 simi
537 3823 853 3902 parasitae
887 3828 1194 3904 tanquam
1231 3826 1583 3907 praedones
1617 3827 2141 3890 circumsilientes
2173 3826 2237 3885 in
2273 3828 2491 3886 nostra
2521 3845 2618 3885 re-

354 3907 615 3989 publica
660 3907 921 3970 liberius
967 3914 1425 3987 grassarentur.
1519 3910 1643 3974 Sed
1694 3911 1900 3974 veniet
1948 3909 2281 3973 deformati
2330 3912 2393 3971 et
2438 3909 2618 3971 stulti

351 3992 620 4055 Duronii
673 3992 1046 4055 reformator
1093 3996 1454 4063 acerrimus,
1503 3998 1904 4077 asperrimus,
1998 3996 2175 4059 Tunc
2221 4016 2359 4057 sero
2408 3996 2620 4076 cupiet

362 4077 636 4158 turpiter
681 4078 850 4140 facta
899 4101 1035 4141 esse
1083 4080 1335 4143 infecta.
1431 4080 1582 4157 Nos,
1630 4083 1712 4143 mi
1749 4081 2097 4162 Spalatine‚
2146 4102 2273 4143 non
2306 4080 2620 4141 calcemus

493 4222 521 4251 ⁸
549 4210 722 4273 Quum
753 4210 901 4263 Tenx.
991 4216 1018 4252 b
1047 4212 1274 4265 cliniclio
1305 4213 1453 4267 Tenx.
1545 4227 1570 4254 ο
1600 4214 1881 4265 habetabat
1910 4214 2056 4265 Tenx.
2140 4188 2170 4253 ἆ
2198 4216 2439 4281 laetaque
2470 4214 2616 4266 Tem.

496 4292 519 4319 e
549 4278 930 4345 voluptuariam
975 4279 1121 4331 Tenz.

500 4348 515 4377 ¹
551 4344 850 4413 Sat.11,3,
895 4348 959 4398 14
995 4363 1071 4414 sq.
1215 4350 1234 4379 ‘²
1269 4348 1422 4401 Nach
1472 4347 1624 4400 Ovid.
1674 4348 1768 4415 Ep.
1820 4365 1886 4400 ex
1933 4348 2101 4401 Ponto
2148 4350 2191 4415 I,
2238 4352 2286 4415 ὃ,
2334 4353 2365 4401 5
2402 4366 2478 4416 sq.

495 4416 516 4446 ³
550 4414 799 4467 Nemlich
834 4414 976 4468 dicit.
1119 4416 1139 4446 ⁴
1173 4415 1281 4468 Der
1315 4417 1435 4469 Abt.
1474 4416 1524 4469 S.
1567 4416 1665 4469 108
1700 4420 1763 4469 A.
1807 4419 1852 4471 1.

416 4502 684 4542 zeitschrift
711 4502 768 4542 N.
793 4503 846 4543 F.
875 4502 1032 4551 Suppl.
1059 4504 1142 4543 IX.
2128 4486 2209 4548 10
