3084 4895
425 352 554 425 516
1273 360 1448 414 Briefe
1484 358 1579 413 des
1615 360 1663 415 J.
1704 345 1853 414 1515.

429 532 620 597 dicas.
712 530 878 595 Novi
925 530 1135 615 Syme.
1231 532 1639 597 Consultatio
1686 532 2064 595 vicariorum
2116 538 2217 596 est
2262 533 2425 597 mihi
2468 554 2715 617 usque-

429 639 682 699 quaque
753 618 834 681 ad
899 618 1204 681 amussim
1269 619 1619 701 explorata.
1736 617 2101 681 Matthaeus
2170 618 2453 697 Waner,¹
2526 643 2713 685 meus

429 702 673 783 collega
723 708 787 765 et
833 703 1233 781 vicariorum,
1283 704 1569 767 narravit
1614 702 1791 777 mihi,
1836 703 1948 766 ubi
1980 702 2169 766 cardo
2219 704 2354 767 litis
2404 712 2708 769 versetur.

433 787 527 851 Tu
577 788 816 851 nemini
861 789 1110 852 confide
1157 793 1222 852 et
1268 790 1499 870 cogita,
1548 793 1831 869 quantus
1876 790 1963 851 sit
2006 788 2238 851 nebulo
2298 788 2709 867 Nithardus,²

429 873 540 953 qui
584 873 708 936 tibi
753 873 981 937 illudit.
1075 873 1376 937 Illuderet
1423 880 1486 937 et
1531 873 1709 948 mihi,
1756 874 1810 936 si
1843 873 2285 954 supplicarem.
2380 874 2509 939 Sed
2558 878 2709 940 nolo

428 958 584 1022 litus
648 978 844 1021 arare.
943 957 1054 1040 „Si
1115 980 1240 1021 non
1307 964 1521 1040 potest
1578 958 1733 1034 fieri,
1796 960 1965 1040 quod
2012 960 2129 1036 vie,
2175 960 2238 1022 id
2289 960 2467 1035 velis,
2532 964 2707 1043 quod

431 1040 730 1125 possit.“⁸
821 1042 978 1107 Cras
1027 1048 1126 1107 est
1168 1046 1482 1107 terminus
1521 1042 1764 1124 judicii.
1857 1044 2084 1125 Itaque
2130 1044 2343 1125 vigila.
2440 1046 2710 1110 Petatur

433 1150 628 1192 causa
691 1128 757 1189 in
821 1128 1079 1210 scriptis
1124 1128 1224 1193 vel
1269 1129 1400 1192 alia
1457 1128 1639 1193 falla⁴
1701 1129 2146 1210 praetr-udatur
2204 1134 2271 1193 et
2331 1134 2408 1193 ut
2464 1132 2707 1195 urbane

429 1213 686 1295 loquar:
755 1213 988 1277 clamet
1049 1213 1154 1276 ille
1213 1218 1430 1278 noster
1489 1214 1624 1277 fieri
1686 1212 1841 1276 mihi
1900 1213 2197 1294 injuriam
2243 1214 2549 1292 indebite,
2612 1218 2709 1279 in-

427 1298 670 1380 juriose
717 1297 792 1361 de
837 1298 1010 1363 facto
1055 1303 1278 1362 eontra
1325 1299 1512 1362 deum
1562 1303 1627 1361 et
1673 1299 2091 1379 evangelium,
2138 1304 2361 1363 contra
2426 1322 2706 1365 canones

437 1387 502 1449 et
569 1383 761 1465 legeS,
831 1388 1054 1447 contra
1119 1405 1357 1447 morem
1405 1390 1470 1448 et
1515 1384 1919 1447 honestatem
1966 1389 2031 1447 et
2074 1389 2305 1463 cetera,
2354 1386 2707 1468 proclamet

432 1468 688 1534 rabiosa
723 1470 928 1549 magis
961 1473 1026 1533 et
1055 1469 1280 1532 insana
1316 1490 1508 1551 quam
1540 1470 1757 1551 probis
1786 1469 2133 1550 probanda.
2225 1470 2427 1533 Extra
2456 1472 2702 1552 jocum:

432 1554 708 1619 rescribe
772 1553 1130 1634 diligenter,
1179 1555 1334 1636 quid
1379 1555 1502 1618 tibi
1546 1554 1855 1617 videatur.
1947 1554 2182 1617 Datum
2249 1554 2453 1619 Nonis
2521 1556 2699 1620 Febr.

430 1638 712 1723 Raptim.
764 1638 1018 1703 MDXV.

737 1737 863 1792 Ood.
898 1736 1032 1792 Fref.
1067 1738 1186 1793 443.

437 1890 670 1959 (Gotha.)
1487 1874 1634 1939 452.
2319 1889 2491 1960 (Febr.
2531 1892 2697 1961 1515.)

1152 2000 1500 2072 Publius⁸
1548 2020 1647 2069 an
1691 1998 1999 2070 Urban.·

437 2116 609 2195 (U'ber
659 2128 760 2181 den
823 2126 1163 2183 Umersekv’ed
1212 2146 1314 2183 von
1365 2129 1619 2183 dormiam
1677 2130 1793 2183 und
1841 2128 2015 2183 henas.
2108 2128 2560 2197 Zurueksenduny
2612 2129 2698 2181 der

1287 2196 1621 2250 Glossmnata
1656 2196 1859 2263 Asini.)

497 2309 764 2359 Domino
799 2309 1058 2360 Urbano
1091 2310 1390 2373 magistro
1423 2310 1961 2371 perspicacissimo
1988 2321 2016 2350 ι
2049 2309 2333 2359 Adamas
2364 2309 2649 2359 Publius.

645 2419 713 2485 S.
803 2418 1034 2485 Mirum
1083 2421 1201 2486 tibi
1247 2421 1518 2486 fortasse
1566 2421 1764 2486 videri
1809 2424 2039 2504 potest,
2090 2442 2281 2504 quam
2329 2420 2412 2484 ob
2460 2440 2587 2484 rem
2634 2419 2695 2482 in

435 2505 626 2571 titulo
673 2507 758 2570 sit
804 2506 1046 2570 domini
1092 2505 1459 2589 appellatio.
1550 2507 1685 2589 Ego
1752 2529 1852 2570 me
1914 2529 2185 2583 servum,
2249 2511 2315 2569 te
2378 2506 2697 2568 dominum

436 2614 574 2656 esse
618 2596 900 2670 autumO,
944 2593 1330 2675 quamquam
1365 2593 1499 2656 heri
1525 2594 1557 2632 ¹²
1600 2593 1791 2676 longe
1820 2593 1950 2656 alia
1994 2592 2080 2656 sit
2123 2591 2363 2672 opinio,
2438 2591 2503 2654 Is
2535 2591 2697 2654 enim

437 2677 710 2740 subinde
758 2677 913 2740 mihi
967 2679 1290 2760 praecepit
1350 2678 1802 2742 abstinendum
1848 2678 1931 2741 ab
1980 2677 2101 2740 hoc
2160 2677 2419 2740 nomine
2479 2680 2699 2758 utpote

437 2762 886 2844 ignominioso,
935 2785 1143 2845 neque
1188 2764 1324 2828 siue
1371 2764 1661 2846 exemplo
1708 2763 1911 2826 docet.
2006 2761 2181 2826 Citat
2224 2763 2391 2824 enim
2427 2761 2703 2843 Augusti

437 2853 502 2911 et
547 2847 912 2924 Alexandri,
958 2847 1386 2912 Romanorum
1435 2851 1907 2932 imperatorum,
1954 2849 2143 2912 diota.
2238 2847 2321 2910 Et.
2365 2847 2503 2928 ipse
2546 2867 2702 2927 quo-

444 2953 569 3014 que
613 2934 739 3015 legi
783 2938 1126 3014 utrumque
1173 2936 1470 3012 vetuisse,
1517 2936 1650 2997 sive
1690 2934 1834 3016 joco
1882 2935 2013 2998 sive
2059 2933 2221 2996 serio
2269 2933 2599 2995 dominum
2632 2954 2697 2994 se

436 3016 844 3100 nuncupari.⁶
932 3018 1071 3083 Non
1121 3024 1462 3083 contentus
1508 3021 1563 3083 is
1609 3019 1859 3082 duobus
1924 3018 2321 3082 ethnicorum
2392 3016 2700 3099 exemplis

439 3104 797 3184 religiosius
841 3104 906 3167 in
953 3105 1108 3167 aede
1155 3127 1333 3168 sacra
1382 3106 1506 3186 legi
1568 3125 1755 3186 posse
1814 3104 2197 3167 arbitratur:
2270 3101 2409 3185 „Sit
2470 3123 2697 3164 nomen

439 3190 679 3253 domini
749 3189 1155 3252 maledictum
1225 3211 1416 3270 quam
1491 3189 1953 3252 benedictum.“
2061 3190 2195 3251 Imo
2263 3188 2510 3271 plaeere
2578 3187 2700 3250 sibi

439 3276 558 3338 ait:
614 3273 754 3356 „Sit
798 3295 1028 3338 nomen
1076 3277 1275 3357 patris
1323 3275 1793 3351 benedictum“,
1844 3275 1966 3337 nisi
2014 3275 2175 3338 forte
2236 3273 2701 3336 ecclesiasticos

439 3361 831 3441 scriptores⁰
891 3360 1231 3438 imitemur,
1294 3363 1403 3442 qui
1449 3361 1688 3441 ubique
1750 3381 2070 3423 sacrorum
2132 3358 2523 3422 voluminum
2588 3378 2699 3438 pro

440 3445 548 3508 illo
627 3445 924 3508 hebraico
1005 3445 1246 3509 Adonai
1328 3451 1568 3510 vertere
1656 3445 1972 3508 dominus.
2094 3444 2259 3520 Quid
2331 3447 2406 3506 tu
2478 3443 2697 3516 sentis,

446 3531 804 3594 scribamne
874 3531 1040 3611 patri
1106 3554 1189 3594 an
1259 3532 1515 3595 domino
1585 3552 1725 3594 meo
1792 3529 2099 3594 Urbano?
2209 3528 2334 3592 Sed
2411 3527 2567 3592 haee
2632 3529 2699 3590 in

444 3616 656 3679 medio
704 3615 1136 3696 relinquamus
1180 3617 1427 3698 adjecto
1475 3618 1649 3698 prius
1694 3617 2014 3679 auctario:
2064 3616 2172 3696 qui
2224 3616 2469 3696 proprie
2512 3613 2702 3676 rebus

446 3702 542 3764 vel
591 3701 878 3782 personis
925 3701 1306 3776 dominatur,
1353 3707 1465 3766 aut
1506 3723 1711 3764 novus
1756 3706 1869 3763 aut
1914 3701 2149 3764 bardus
2194 3700 2305 3781 qui
2350 3701 2453 3776 sit,
2500 3699 2701 3760 domi-

443 3807 594 3850 num
642 3786 941 3850 resaluta.
1030 3787 1354 3852 Romanos
1397 3809 1603 3852 rerum
1670 3787 1960 3850 dominos
2014 3785 2189 3850 Maro
2248 3784 2442 3849 dixit⁷
2488 3789 2555 3846 et
2594 3782 2703 3846 ille

447 3875 563 3948 est,
601 3871 712 3952 qui
742 3871 984 3934 coelum
1018 3878 1374 3955 terramque
1407 3874 1589 3954 regit,
1623 3873 1917 3935 dominus
1950 3873 2371 3934 dominorum.
2441 3868 2700 3932 Glosse-

536 4062 540 4068 ,
577 4018 606 4047 ⁸
633 4005 1050 4072 perspicassimo.
1191 4010 1220 4048 b
1248 4005 1492 4058 Daru'ber
1505 4024 1524 4057 .·
1568 4005 1795 4071 domini3
1830 4004 2053 4071 riehtzye
2094 4003 2274 4056 Glosse
2310 4001 2585 4070 (Mutian).

443 4085 468 4114 c
497 4071 1228 4194 antilggehgeffkanoniker.
1301 4141 1749 4210 Sagittarius,
1802 4139 1939 4194 Hist.
1995 4141 2147 4194 Goth.
2204 4139 2286 4191 ed.
2341 4139 2491 4190 Tenz.
2548 4153 2596 4203 p.
2633 4138 2699 4189 51

443 4208 534 4278 (Μ.
573 4208 842 4278 Wagner).
949 4211 970 4243 ²
1005 4209 1056 4264 S.
1082 4211 1184 4264 503
1220 4213 1280 4264 A.
1311 4211 1357 4262 3.
1469 4211 1490 4242 ³
1523 4209 1726 4262 Terent.
1767 4210 1928 4262 Andr.
1965 4208 2035 4276 II,
2074 4210 2120 4274 1,
2158 4211 2205 4260 5.
2317 4207 2337 4238 ⁴
2374 4227 2443 4247 ==
2479 4204 2702 4258 fallacia.

439 4276 929 4400 Noenkghffffbgsso
959 4279 980 4310 ⁶
1015 4277 1066 4331 S.
1105 4279 1208 4332 510
1244 4281 1303 4332 A.
1341 4279 1389 4332 4.
1533 4279 1557 4317 ⁶
1590 4276 1733 4331 Suet.
1770 4281 1905 4345 Aug.
1944 4277 2025 4330 53.
2074 4275 2338 4343 Lamprid.
2376 4274 2457 4326 Al.
2494 4273 2615 4328 Sev.
2650 4274 2703 4325 4.
