3084 4895
1198 422 1248 476 M
1255 427 1310 476 ut
1318 419 1409 478 ian
1445 441 1515 478 an
1554 423 1755 479 Urban.
2479 427 2607 491 447

345 592 541 678 „Nam
575 597 631 660 si
667 594 986 676 recusas“,
1032 598 1265 678 inquiS,
1305 618 1468 679 „non
1500 617 1761 680 possum
1792 600 1857 660 te
1889 617 2131 678 cogere,
2166 599 2239 660 ut
2268 598 2602 680 accipias.“

339 683 495 765 Ego,
544 684 627 746 mi
678 682 952 762 Urbane,
1015 683 1404 746 dormiturus
1448 683 1514 746 in
1561 682 1862 745 lectulum
1914 703 2013 745 me
2058 683 2285 765 recepi,
2347 685 2605 765 quando

339 768 608 832 Publius
656 790 795 831 cum
845 769 1011 832 Rufo
1057 769 1279 831 venit.'
1370 769 1597 849 Itaque
1644 769 1870 850 scripsi
1914 769 2128 831 nescio
2161 769 2334 849 quid,
2380 768 2605 833 saltem

337 860 410 918 ut
481 854 724 936 aliquid
792 854 1221 917 rescriberem.
1313 853 1408 917 Tu
1454 876 1556 916 me
1616 854 1883 918 stult-um
1948 875 2086 917 esse
2146 859 2351 935 putee,
2420 857 2606 936 quasi

337 939 574 1004 soleam
639 940 918 1022 expilare
987 939 1141 1002 mihi
1199 960 1394 1003 caros.
1487 939 1631 1002 Non
1686 961 1827 1003 sum
1882 940 1975 1002 ita
2028 943 2420 1018 occaecatuS,
2476 963 2603 1005 non

336 1028 428 1089 ita
476 1047 682 1088 rerum
731 1026 1245 1108 imperitus,r1on
1280 1025 1410 1087 tale
1442 1028 1828 1106 portentum,
1862 1045 1987 1087 non
2022 1028 2248 1088 tantus
2280 1027 2605 1107 spoliator,

341 1131 468 1173 non
513 1112 607 1174 ita
653 1110 959 1174 bestialis.
1053 1110 1149 1172 Ah
1197 1111 1405 1173 nescis
1451 1111 1650 1173 animi
1682 1111 1807 1173 mei
1840 1111 2365 1192 magnitudinem
2443 1113 2606 1176 Dare

339 1197 649 1260 libentius
695 1197 996 1260 consuevi
1043 1216 1232 1292 quam
1281 1196 1585 1296 accipere.
1680 1197 1763 1258 At
1806 1196 2007 1259 dices:
2060 1195 2325 1278 „Nonne
2359 1198 2602 1280 legisti.

338 1271 491 1344 οὔτε
552 1270 768 1343 πάντα
834 1271 984 1343 οὔτε
1050 1271 1334 1342 πάντοτε
1400 1271 1553 1342 οὐτε
1620 1301 1803 1365 παρα
1872 1247 2237 1343 παίντωνὶΜ
2346 1282 2416 1346 Si
2476 1304 2602 1346 non

335 1367 581 1449 legisti:
646 1366 958 1450 Ulpianus
1008 1371 1161 1458 tuus
1207 1387 1280 1428 ea
1325 1365 1518 1430 refert
1564 1367 1655 1430 De
1710 1366 1921 1430 officio
1981 1365 2431 1448 p1·oconsulis.²
2520 1368 2603 1431 Et

336 1455 528 1530 nosti,
583 1453 892 1530 Mutiane,
963 1473 1154 1534 quarn
1215 1453 1302 1516 sit
1355 1452 1774 1515 inhumanum
1844 1474 1882 1514 a
1951 1453 2202 1515 nemine
2254 1454 2599 1538 acciperef‘

335 1538 471 1619 Ego
540 1561 687 1601 vero
753 1539 905 1602 novi
970 1537 1146 1614 haec,
1214 1537 1470 1601 Urbane
1539 1542 1777 1614 noster,
1842 1538 1951 1600 sed
2012 1538 2105 1601 ita
2165 1541 2407 1602 sentio:
2458 1561 2497 1603 a
2538 1544 2605 1603 te

338 1624 836 1688 familiarissimo
897 1645 1035 1687 meo
1083 1629 1150 1686 et
1193 1624 1376 1704 quasi
1438 1628 1701 1705 parent-e
1760 1624 2001 1704 optime
2068 1625 2294 1688 merito
2362 1626 2603 1707 aliquid

337 1711 620 1793 accipere
687 1711 907 1792 gratie.
962 1709 1132 1807 quod
1196 1714 1269 1771 tu
1326 1730 1559 1790 magno
1624 1710 1867 1782 emeris,
1932 1713 1995 1773 et
2054 1711 2493 1792 turpissimum
2541 1717 2608 1774 et

340 1796 716 1859 vilissimum
769 1800 834 1858 et
898 1795 1338 1858 avarissimum
1410 1794 1627 1857 videri.
1718 1794 1902 1869 Quod
1972 1801 2187 1858 autem
2241 1819 2317 1859 ea
2376 1797 2595 1874 donae,

337 1883 855 1963 intempestivum
905 1885 1020 1944 est.
1109 1878 1428 1960 Urgebam
1479 1885 1567 1957 te,
1622 1884 1696 1942 ut
1728 1901 1966 1943 emeres
1999 1880 2172 1952 mihi,
2207 1886 2279 1944 ut
2313 1903 2605 1947 nummos

340 1970 563 2032 mutuo
611 1968 811 2044 dareS,
859 1971 932 2030 ut
977 1964 1201 2030 honori
1250 1985 1389 2028 meo
1421 1963 1863 2046 prospiceres⁸
1937 1965 2078 2028 Non
2114 1966 2341 2031 fecisti.
2418 1968 2605 2032 Nunc

337 2054 432 2117 ita
476 2053 728 2116 solertis
775 2075 840 2116 es
888 2051 1148 2132 ingenii.
1243 2049 1490 2131 Purgas
1536 2050 1993 2132 negligentiam
2056 2053 2264 2133 specie
2324 2053 2599 2134 quadam

336 2139 762 2203 liberalitatis.
856 2137 1062 2215 Absit,
1117 2136 1204 2198 mi
1261 2135 1538 2214 domine,
1600 2143 1676 2199 ut
1734 2137 1999 2218 capiam.
2103 2137 2261 2200 Amo
2317 2144 2401 2216 te,
2464 2139 2602 2203 colo

336 2230 421 2300 te,
493 2224 686 2288 finem
753 2223 1012 2288 amandi
1080 2221 1456 2303 colendique
1525 2243 1651 2286 non
1719 2221 1968 2287 faciam.
2065 2223 2198 2287 Hoc
2264 2225 2480 2288 studia
2540 2229 2607 2289 et

339 2331 545 2374 mores
603 2309 966 2383 effecerunt,
1031 2328 1155 2371 non
1215 2329 1494 2370 munera.
1588 2307 1891 2384 Quamvis
1944 2309 2183 2391 optime
2238 2309 2324 2372 sis
2383 2310 2461 2373 de
2504 2333 2605 2374 me

340 2417 530 2479 saepe
597 2396 879 2475 meritus„
947 2390 1391 2475 Margaritam‘
1451 2397 1516 2458 et
1579 2392 1927 2458 Vestalium
1995 2392 2353 2459 sacerdotia
2414 2397 2604 2479 longe

341 2482 554 2547 minus
645 2504 793 2547 curo
869 2502 1061 2565 quam
1134 2484 1244 2569 tu;
1320 2478 1431 2542 sed
1508 2479 1968 2563 providendum
2046 2483 2145 2544 est
2190 2483 2604 2581 pauperibus

341 2568 726 2631 domesticis.
827 2566 879 2629 F
859 2589 963 2650 go
1031 2558 1219 2630 satis
1255 2564 1482 2642 habe0‚
1549 2570 1613 2628 et
1684 2565 1996 2647 reliquum
2066 2564 2207 2629 aevi
2273 2568 2339 2629 in
2410 2570 2607 2631 sacris

339 2652 546 2717 literis
591 2674 981 2731 consumam,
1030 2672 1157 2714 non
1203 2656 1418 2714 tamen
1466 2652 1606 2715 siue
1653 2650 2006 2730 dulcedine,
2054 2652 2392 2731 suavitate,
2439 2654 2600 2717 hila-

341 2740 554 2816 ritate,
608 2742 681 2802 ut
737 2739 954 2801 divina
1013 2736 1246 2813 studia,
1308 2758 1472 2818 quae
1527 2741 1681 2800 sunt
1726 2737 1854 2801 fere
1899 2737 2077 2801 arida
2120 2742 2186 2801 et
2230 2739 2417 2816 sicca,
2484 2739 2606 2803 hoc

343 2825 756 2887 condimento
831 2828 1273 2906 temperemus.
1386 2821 1455 2886 Si
1529 2843 1688 2900 erro,
1758 2822 1857 2886 fac
1923 2824 2316 2905 propositum
2395 2847 2604 2889 meum

347 2910 625 2973 dedoleS.
718 2910 982 2973 Possum
1044 2909 1210 2971 enim
1258 2913 1388 2972 tam
1435 2909 1500 2970 in
1550 2910 1731 2971 seriis
1776 2930 1968 2991 quarn
2014 2910 2078 2971 in
2126 2908 2368 2973 frivolis
2426 2916 2604 2975 tuam

345 2996 481 3077 pati
552 3016 904 3069 censuram,
976 2994 1093 3058 viri
1153 3015 1307 3057 sane
1365 2994 1536 3056 docti
1586 2997 1650 3056 et
1694 2996 1815 3057 mei
1862 2994 2258 3076 cupidissimi
2322 2998 2607 3079 satisque

345 3082 621 3163 spectati
660 3080 902 3162 judicii.
994 3079 1164 3142 Vale.

665 3179 788 3233 Cod.
825 3178 957 3233 Frcf.
996 3178 1112 3233 370.

342 3315 583 3384 (eutha.)
1403 3295 1484 3361 37
1491 3300 1527 3361 7
1535 3348 1549 3361 .
2175 3316 2257 3370 30.
2294 3314 2421 3369 Juni
2460 3318 2608 3371 1514.

1004 3415 1322 3486 Publius
1365 3434 1464 3485 an
1506 3414 1937 3501 Nepotian.⁵

345 3539 762 3608 (Auffordemny
815 3554 948 3591 xum
997 3536 1265 3605 fleiss‘t‘qen
1320 3534 1576 3589 Studium
1628 3536 1746 3589 und
1796 3534 2156 3589 Nacleriehten
2202 3552 2303 3588 von
2347 3536 2464 3590 sich
2498 3538 2615 3590 und

1232 3604 1410 3657 Jamoe
1457 3604 1685 3661 Urbms
1688 3608 1722 3672 .)

420 3722 714 3774 Andreae
747 3720 1105 3779 Nepotiane
1141 3721 1480 3839 htemffi
1481 3720 1800 3841 1ιίιιιιιιιοιειο
1835 3720 2034 3769 amico
2067 3731 2207 3769 meo
2243 3719 2524 3769 Adamus

1529 3802 1625 3839 us.

556 3898 744 3965 Salus
788 3899 932 3977 tibi,
978 3900 1030 3963 si
1079 3896 1180 3981 (ut
1225 3921 1294 3963 es
1339 3897 1587 4044 docilis)
1636 3898 1830 3983 probe
1862 3898 2071 3963 discis,
2167 3899 2297 3981 Ego
2331 3898 2607 3965 Gotham

481 4050 509 4077 ὓ
537 4053 819 4085 πανΐοῐων.

491 4106 504 4135 ¹
542 4102 643 4156 Die
679 4103 974 4169 verspatete
1010 4100 1294 4155 Riickkehr
1327 4116 1430 4155 von
1466 4100 1647 4155 Erfurt
1682 4102 1756 4154 im
1792 4118 1901 4155 v.or
1942 4100 2027 4155 Βι.
2082 4089 2229 4154 iiber
2248 4100 2433 4168 Rufus»,
2458 4101 2609 4154 einen

345 4171 582 4226 Erfurter
637 4170 820 4225 Scriba
871 4171 980 4223 und
1033 4170 1217 4235 Boten,
1273 4171 1466 4239 vg1.S.
1505 4172 1608 4225 362
1644 4172 1703 4226 A.
1744 4171 1791 4225 2.
1932 4173 1952 4203 ²
1986 4170 2185 4238 Digest.
2223 4170 2263 4236 I,
2304 4172 2384 4228 16.
2421 4144 2469 4224 6.

415 4242 438 4272 '¹
471 4241 652 4295 Urban
707 4239 859 4293 sollte
913 4239 998 4291 ein
1059 4238 1334 4291 Geschenk
1368 4240 1454 4292 fur
1489 4239 1732 4292 Hersfeld
1778 4240 1983 4299 kaufen
2022 4238 2152 4291 Geld
2190 4232 2457 4292 darleihen
2497 4238 2604 4308 (Βι.

344 4310 468 4388 365)
529 4310 636 4362 und
697 4309 813 4360 eine
873 4308 1104 4361 Pfriindo
1164 4309 1256 4359 des
1316 4308 1762 4361 Nonnenklosters
1822 4309 1907 4361 fiir
1968 4306 2171 4361 Mutian
2232 4324 2297 4360 zu
2370 4309 2605 4361 Gunsten

344 4378 521 4431 seiner
554 4394 732 4431 armen
771 4377 966 4429 Diener
1001 4376 1311 4429 auswirken.
1373 4377 1458 4429 Βι.
1497 4378 1600 4429 372
1634 4379 1667 4431 f.
1774 4380 1795 4408 ⁴
1832 4377 1920 4429 Pf1
1925 4377 2059 4428 unde
2085 4392 2150 4429 an
2176 4377 2269 4428 der
2304 4377 2607 4429 Parochial-

343 4446 528 4499 kirche
564 4446 614 4500 S.
652 4445 1014 4513 Margarethae
1052 4445 1108 4495 in
1143 4445 1328 4499 Gotha.
1405 4446 1797 4513 Vg1.131.372.
1940 4448 1961 4479 ⁸
1996 4446 2233 4498 Andreas
2283 4446 2608 4515 Nepotianus
