3084 4895
426 383 509 464 46
1191 378 1365 452 Brieie
1402 414 1501 452 von
1542 395 1896 454 1505—1508.

432 573 675 637 sculum
726 593 805 634 ex
858 572 1143 636 arenario
1197 572 1605 636 madentibus
1667 573 1874 638 adhuc
1940 573 2148 638 lituris
2213 570 2670 656 adspergereui,

438 660 622 722 rediit
665 657 927 721 Ilianus'
981 681 1121 721 cum
1170 657 1366 722 altero
1400 661 1795 723 munusculo
1887 661 2146 737 Erubui,
2180 660 2401 737 fateor,
2437 667 2500 723 et
2531 680 2674 741 pro-

431 746 677 820 nuntio,
742 751 804 806 te
848 745 1081 808 limites
1141 745 1612 809 munificentiae
1671 746 1978 810 latissime
2042 749 2443 829 promovisse.
2533 746 2675 809 Jam

435 833 663 911 cogit0‚
713 837 1022 911 quantum
1072 832 1187 893 sim
1239 831 1357 894 tibi
1391 853 1638 895 nomen.
1732 834 2106 916 Deprompsi
2136 833 2212 897 de
2244 833 2678 915 prompt-uario

432 919 556 981 duo
603 916 903 1000 puellaria
967 918 1303 998 marsupia,
1351 921 1414 980 et
1458 940 1654 1001 quum
1709 921 1971 982 alterum
2042 919 2291 983 villicae
2345 920 2528 993 filiae,
2591 919 2680 982 al-

433 1009 633 1068 terum
682 1003 929 1066 villicae
975 1004 1375 1080 destinarem,
1410 1007 1738 1085 consurgit
1768 1005 2006 1069 Ilianus
2041 1010 2104 1069 et
2137 1006 2488 1084 intercedit,
2524 1005 2677 1068 mihi

436 1113 698 1153 narrans
745 1089 1019 1152 villicum
1071 1090 1451 1170 demigrasse
1484 1112 1562 1153 ex
1597 1092 1843 1156 colonia
1889 1092 2011 1154 sibi
2058 1093 2468 1155 concredita.-
2515 1089 2679 1153 Con-

435 1178 602 1239 traxi
651 1177 919 1239 frontem
968 1181 1030 1238 et
1072 1177 1160 1239 ita
1194 1177 1435 1239 censui:
1484 1178 1680 1258 igitur
1725 1199 2107 1241 oeconomus
2152 1179 2340 1242 herus
2387 1178 2680 1242 Urbanus

428 1264 533 1344 jus
580 1262 990 1344 dispertiendi
1038 1262 1288 1326 habeat.
1379 1262 1626 1326 Placuit
1690 1265 1889 1328 lliano
1951 1267 2288 1340 sententia,
2350 1266 2450 1328 cui
2507 1265 2678 1327 dicas

435 1350 639 1426 velim,
692 1371 767 1411 ne
816 1349 1079 1430 posthac
1125 1349 1548 1413 rhetoricari⁸
1593 1350 1764 1414 velit.
1855 1350 2013 1414 Nam
2077 1353 2315 1433 gratior
2373 1350 2527 1414 mihi
2584 1357 2683 1413 est

434 1437 627 1499 durus
671 1434 977 1517 simplicis
1020 1456 1241 1512 sermm
1291 1435 1349 1497 h.
1397 1458 1445 1498 e,
1480 1439 1768 1517 agrestiS,
1817 1438 2194 1518 incomthS‚
2228 1439 2454 1510 nuduS,
2489 1458 2676 1517 quarn

434 1523 815 1585 concinnata
862 1527 925 1584 et
970 1523 1321 1602 composita
1371 1522 1764 1586 disertitudo,
1854 1524 1994 1604 Ipsa
2053 1529 2280 1587 natura
2341 1524 2538 1587 trahit
2583 1545 2680 1585 me

433 1610 513 1672 ad
560 1609 897 1671 amandum
938 1609 999 1671 id
1034 1629 1235 1688 genus
1282 1608 1584 1671 homines
1669 1607 1868 1672 Credo
1902 1617 1964 1673 et
1995 1611 2111 1672 tibi
2141 1611 2488 1691 jucundum
2524 1631 2676 1672 esse.

434 1695 586 1792 Qui-s
632 1695 795 1757 enim
844 1694 1001 1756 bene
1032 1695 1368 1757 institutus
1415 1717 1539 1758 non
1591 1695 1924 1775 praeferret
1973 1698 2277 1760 rusticum
2327 1697 2676 1760 modestum

433 1782 563 1862 regi
635 1779 863 1844 Croeso
910 1785 973 1844 et·
1021 1781 1454 1880 virgunculam
1523 1787 1834 1880 agrestem
1899 1788 1961 1845 et
2007 1783 2340 1846 amabilem
2403 1782 2680 1864 Erphur-

434 1868 641 1930 dianis
688 1867 982 1930 noctuis?
1072 1867 1165 1928 Da
1212 1869 1455 1930 veniam
1504 1876 1566 1930 et
1612 1869 1750 1930 vive
1796 1869 2000 1932 laetus
2035 1876 2098 1932 et
2127 1870 2296 1932 felix
2389 1869 2532 1932 ‚Iam
2584 1891 2682 1930 me

433 1975 603 2052 puer·
632 1954 897 2035 piscium
946 1955 1293 2016 admonuit.
1386 1951 1521 2016 Ohe
1568 1975 1753 2034 quarn
1817 1956 2306 2019 innumerabilia
2351 1961 2501 2018 sunt
2551 1977 2680 2017 me-

435 2041 603 2102 rita
587 2063 650 2103 1n
690 2061 802 2102 nos
834 2039 975 2103 tua!
1053 2039 1227 2102 Dabo
1274 2035 1525 2102 vivendi
1564 2063 1846 2104 normam
1883 2063 1959 2104 ex
1993 2042 2244 2124 placitis
2277 2042 2679 2118 medicorum,

437 2131 506 2189 ut
557 2126 709 2189 mihi
754 2125 903 2189 'talis
947 2128 1188 2189 amicus
1232 2127 1512 2206 longum,
1561 2129 1685 2190 imo
1733 2132 2058 2190 aeternum
2107 2133 2408 2204 servetur,
2463 2149 2683 2210 quam-

436 2234 645 2295 quam,
694 2217 765 2275 ut
812 2212 1011 2276 dicam
1063 2213 1229 2293 quod
1278 2213 1503 2288 sentio,
1552 2214 1671 2276 tibi
1719 2221 1780 2277 et
1828 2214 2157 2296 Spalatino
2201 2236 2326 2279 non
2373 2215 2458 2278 sit
2501 2235 2682 2296 prae-

432 2299 861 2363 metuendum.
973 2298 1229 2362 Utinam
1298 2305 1360 2362 et
1429 2301 1908 2363 amantissimus
1975 2301 2174 2364 abbas
2251 2305 2311 2364 et
2391 2302 2683 2364 dominus

434 2386 661 2450 unicus
721 2391 937 2450 noster
998 2407 1123 2449 non
1183 2387 1416 2468 passim
1480 2407 1698 2451 omnes
1750 2387 2132 2451 admitteret.
2229 2388 2358 2452 Hoc
2403 2387 2566 2452 scio:
2616 2386 2682 2463 ii,

436 2495 595 2555 quos
661 2472 851 2549 fovet,
910 2494 1049 2535 eum
1101 2474 1165 2535 in
1213 2474 1344 2535 suis
1403 2473 1668 2536 aedibus
1729 2495 1853 2536 non
1901 2474 1992 2537 ita
2038 2474 2310 2555 benigne
2378 2474 2680 2537 foverent.

436 2557 563 2622 Sed
611 2559 767 2622 bene
815 2560 985 2635 facit,
1033 2560 1185 2640 quia
1233 2559 1481 2623 beatius
1526 2566 1625 2623 est
1670 2560 1818 2623 dare
1873 2582 2062 2642 quam
2125 2562 2424 2641 accipere.
2519 2558 2682 2623 Gau-

436 2647 565 2709 tius
628 2650 838 2709 tamen
899 2651 1085 2722 esset,
1132 2647 1183 2709 si
1230 2667 1369 2708 cum
1420 2647 1551 2708 suis
1597 2647 1840 2710 intimis
1894 2647 2310 2710 familiaribus
2372 2646 2565 2710 libere
2623 2651 2686 2709 et

437 2732 701 2795 hilarius
746 2733 984 2795 viveret
1028 2731 1302 2795 exclusis
1349 2732 1606 2795 arbitris
1652 2734 1888 2814 ignotis
1949 2735 2308 2815 praesertim
2368 2734 2470 2796 his
2522 2738 2682 2796 tem-

438 2819 713 2901 poribus
806 2818 901 2880 Ex
947 2840 1155 2881 amore
1201 2819 1275 2881 fit
1320 2819 1814 2899 loquacitaS,'ut
1860 2820 2051 2883 vides,

744 2919 863 2972 Cod.
902 2918 1033 2971 Frcf.
1072 2919 1155 2972 63.

438 3107 797 3183 Georgenthal.
1498 3094 1600 3157 40.
2244 3110 2324 3162 20.
2361 3109 2495 3163 Nov.
2536 3107 2683 3161 1505.

998 3217 1255 3289 Urban
1301 3238 1397 3288 an
1442 3219 1686 3289 Aldus
1729 3220 2158 3291 Manutius.²

428 3349 591 3416 (Bitte
624 3366 718 3401 um.
755 3348 941 3401 Aldus'
981 3348 1036 3400 F
1029 3348 1367 3415 remed-sebast
1413 3350 1527 3401 und
1581 3338 1946 3419 &hersen-dung
1980 3368 2078 3403 von
2113 3354 2150 3403 4
2183 3352 2238 3418 fl.
2273 3350 2368 3416 fiir
2403 3349 2502 3400 den
2537 3346 2696 3413 Kauf

1299 3419 1545 3484 ymas-ser
1579 3420 1821 3485 Bibe-her.)

579 3533 797 3583 Nobili
834 3537 897 3584 et
933 3534 1091 3584 bene
1128 3534 1308 3585 docto
1347 3538 1411 3585 et
1446 3535 1744 3595 opulento
1781 3537 2014 3585 homini
2049 3536 2212 3585 Aldo
2248 3537 2534 3585 Manutio

908 3621 1188 3670 Romano
1224 3621 1405 3671 nobis
1441 3622 1755 3672 carissimo
1790 3622 1872 3672 H.
1908 3622 2218 3672 Urbanum

646 3730 886 3795 Salutis
934 3733 1269 3813 plurimum
1318 3734 1379 3796 in
1430 3732 1684 3797 Christo
1722 3733 1891 3798 Jesu
1986 3732 2539 3798 praestantissime
2574 3732 2684 3810 vir,

436 3838 628 3897 quam
690 3820 1031 3899 singularis
1078 3820 1163 3882 sit
1210 3821 1494 3883 coenobii
1555 3823 1752 3883 nostri
1808 3843 1955 3901 erga
2002 3827 2065 3883 te
2110 3821 2533 3895 observantia,
2583 3820 2688 3880 de-

432 3903 676 3967 clarant
722 3904 871 3967 libri
919 3908 1012 3967 tui
1062 3916 1125 3967 et
1172 3908 1447 3970 emuncti
1496 3915 1560 3969 et
1608 3908 1928 3989 praeclari,
1977 3929 2238 3987 quorum
2281 3907 2506 3968 bonam
2543 3927 2686 3986 par-

568 4156 595 4183 ⁰·
623 4144 941 4213 rethoricari.

574 4230 673 4284 ¹S.
716 4231 781 4281 ‘22‘
831 4234 892 4283 A.
934 4234 977 4283 ],
1123 4232 1141 4261 2
1180 4230 1306 4281 Eine
1360 4232 1578 4283 haimos,
1635 4220 2002 4297 Ubersetzuug
2056 4230 2228 4281 dieses
2284 4228 2483 4280 Bricfes
2537 4229 2689 4280 nebst

435 4297 949 4367 b1bl10g1aph1schen
989 4299 1399 4365 Etlautelungen
1434 4300 1485 4351 in
1524 4300 1658 4353 Alde
1707 4300 1928 4351 Manuce
1966 4306 2016 4350 et
2053 4298 2394 4350 l'hellenisme
2431 4317 2460 4349 a
2495 4298 2540 4348 V
2546 4300 2688 4349 enise

432 4383 525 4433 par
561 4370 921 4421 Ambroiso
959 4368 999 4420 F
1014 4369 1233 4419 ‘iimin-
1214 4370 1452 4421 -Didot
1490 4370 1640 4421 Pa1is
1681 4370 1823 4421 1875
1862 4368 1919 4421 P
1959 4366 2690 4421 290—2132.Na0hTenze1

437 4436 645 4505 abgedr.
690 4439 772 4490 bei
810 4438 1067 4504 Schiick,
1106 4441 1165 4489 A
1206 4436 1485 4492 Manutius
1524 4438 1660 4491 fieri
1703 4439 1834 4490 1862
1870 4438 1918 4491 S.
1964 4439 2123 4489 131-
2133 4438 2243 4491 133.
