3084 4895
921 400 1130 452 Mutian
1165 415 1232 451 an
1269 397 1526 453 Hei-bord.
1600 397 1813 451 Mutian
1848 414 1916 450 an
1952 395 2151 452 Urban.
2534 397 2659 461 377

409 576 518 639 sed
581 578 796 639 nostro
854 576 927 637 ut
991 572 1222 637 dicitur
1273 569 1475 634 Marte
1530 571 2023 635 emendavimus,
2124 571 2275 634 Vide
2326 573 2666 652 praeterea,

409 665 472 726 in
553 660 1006 724 vetustissimis
1091 657 1561 738 exemplaribus
1650 679 1843 720 manu
1930 658 2183 739 scriptis
2260 680 2338 719 an
2415 657 2663 720 Meuius

363 749 676 831 ,legat-ur,
745 769 934 829 quam
1002 744 1336 808 lectionem
1413 765 1528 825 ego
1592 765 1869 826 agnosco
1943 749 2007 806 et
2080 743 2293 824 pr0b0,
2364 767 2445 807 an
2513 764 2660 806 vero

410 835 657 898 Mevius
703 841 776 896 ut
821 831 1056 913 vulg0.¹
1151 831 1354 893 Parva
1409 835 1561 893 sunt
1617 830 1790 906 haec,
1846 831 1955 892 sed
2018 831 2070 892 si
2127 835 2190 892 te
2247 830 2661 892 dormientem

409 921 804 994 excitabunt,
883 940 1007 982 non
1077 938 1289 1000 parva.
1378 915 1648 996 Evigila,
1708 920 1781 979 ut
1824 921 1888 978 te
1934 917 1999 978 in
2057 915 2265 979 officio
2335 916 2657 979 literarum

409 1009 682 1090 turpiter
749 1026 992 1069 cessare
1059 1025 1135 1066 ac
1203 1023 1336 1066 eam
1406 1003 1607 1084 ipsam
1683 1003 2121 1078 cessationem,
2190 1003 2339 1084 quia
2406 1002 2662 1065 sedulus

408 1092 846 1176 interpellator
919 1090 1170 1165 accede,
1247 1110 1371 1151 non
1450 1110 1587 1152 esse
1664 1088 1885 1170 culpae
1958 1089 2265 1168 gravioris
2341 1095 2661 1172 expertem

407 1180 746 1262 intelligas.
838 1176 1005 1240 Vale.
1095 1174 1516 1261 Aequinoctio
1563 1175 1873 1238 autumni.

717 1296 840 1350 Cod.
879 1294 1012 1350 Frcf.
1052 1294 1166 1348 182.

413 1519 644 1588 (Gotha.)
1457 1502 1599 1566 306.
2172 1517 2241 1584 (n.
2283 1517 2423 1588 Sept.
2466 1520 2599 1572 1513
2612 1519 2662 1587 Ρ)

1157 1628 1444 1700 Mutian
1489 1649 1589 1698 an
1631 1628 1911 1700 Urban.

414 1761 670 1828 (Petrqths
717 1760 1030 1813 vermutlich
1077 1759 1344 1826 abyereist.
1426 1759 1612 1813 Orotus
1658 1759 1880 1812 schreibt
1915 1757 2109 1826 'witm'q
2152 1758 2280 1812 ‘tiber
2324 1758 2663 1811 Hartmanns

411 1829 688 1898 Krb'nuny,
731 1829 884 1882 sucht
917 1831 1072 1882 einen
1104 1828 1490 1881 Klosterlehrer.
1567 1828 1677 1880 Tito
1710 1829 1802 1881 kat
1836 1845 1936 1881 von
1973 1827 2185 1880 Tilonin
2218 1828 2418 1882 erzc'ilzlt
2433 1847 2451 1879 .·
2488 1827 2663 1882 selbst-

917 1898 1192 1966 yefdlliyer
1224 1897 1352 1950 Poet
1385 1915 1484 1950 von
1517 1897 1838 1951 sittenlosem
1886 1896 2139 1964 Wandel.)

1157 2013 1240 2063 Η.
1276 2011 1530 2063 'Urbano
1567 2013 1651 2068 M.
1688 2011 1906 2065 Busae.

617 2123 680 2188 S.
776 2122 930 2187 Cum
980 2147 1080 2188 me
1125 2126 1468 2190 salutasset
1512 2123 1681 2189 Τίἱο2
1736 2126 1941 2189 iturus
1996 2124 2432 2207 Erphurdiam,
2490 2124 2663 2188 nulla

413 2233 510 2274 me
558 2210 770 2292 potuit
813 2213 1128 2274 matutina
1177 2214 1379 2276 oratio
1428 2213 1766 2283 retardare,
1826 2212 2166 2293 quominus
2212 2211 2291 2274 ad
2338 2216 2401 2273 te
2448 2211 2657 2274 darem

412 2297 654 2380 aliquid
722 2297 1061 2361 literarum.
1155 2299 1244 2362 De
1305 2299 1489 2362 domo
1546 2304 1609 2362 et
1674 2299 1920 2380 Petrejo
1991 2320 2160 2362 nunc
2220 2297 2374 2361 nihil
2438 2299 2659 2362 dicam.

410 2383 596 2446 Hunc
659 2383 823 2446 enim
889 2384 1140 2460 abiisse,
1192 2386 1356 2450 illam
1408 2385 1524 2449 tibi
1574 2386 2079 2450 commendatam
2134 2388 2291 2449 satis
2345 2385 2655 2449 existimo.

410 2469 481 2534 Si
528 2476 740 2534 tamen
789 2471 896 2535 ille
942 2472 1204 2535 necdum
1255 2472 1434 2547 abiit,
1501 2473 1697 2536 dicito
1754 2471 2013 2537 Crotum
2073 2472 2227 2535 nihil
2286 2471 2661 2555 respondere

409 2558 486 2619 de
532 2556 1086 2639 HerbipolitaniS.³
1177 2558 1415 2623 Scribit
1460 2558 1691 2623 Crotus
1738 2559 2119 2623 facetissime
2165 2560 2242 2622 de
2288 2558 2450 2621 festo
2484 2580 2660 2621 coro-

410 2644 691 2707 nationis
738 2645 869 2707 heri
917 2644 1062 2708 sui.⁴
1151 2644 1444 2728 Requirit
1489 2648 1678 2709 etiam
1728 2645 2198 2709 adulescentem
2245 2646 2565 2709 literatum
2600 2648 2663 2707 et

406 2732 739 2809 musicum,
788 2731 898 2812 qui
946 2752 1171 2815 pueros
1225 2732 1573 2797 cucullatos
1640 2733 1880 2796 doceat.
1972 2732 2216 2814 Legito,
2274 2732 2425 2813 quid
2487 2731 2657 2807 velit,

409 2821 474 2881 et
543 2816 697 2882 offer
765 2819 1144 2899 quempiam.
1235 2818 1368 2901 Ego
1427 2820 1616 2883 talem
1681 2842 1807 2883 non
1873 2819 2095 2884 habeo,
2187 2820 2319 2880 mit
2365 2822 2479 2897 lytlt
2524 2816 2661 2894 subs

409 2908 528 2968 etc.
621 2903 738 2967 Hic
784 2905 1053 2969 dicerem
1101 2904 1268 2981 Vale,
1319 2906 1592 2985 Urbane,
1628 2906 1750 2969 nisi
1784 2908 2061 2989 spatium
2107 2926 2363 2969 cessans
2396 2904 2661 2968 inferius

407 2990 710 3055 invitaret
753 2992 833 3054 ad
881 2991 1298 3056 scribendum.
1391 2994 1557 3071 Quid
1610 2993 1807 3075 igitur
1839 2994 2108 3057 scribam
2142 2992 2266 3055 nisi
2300 2992 2375 3055 de
2405 2990 2660 3074 poetis?

411 3078 530 3141 Hic
575 3076 713 3141 Tilo
761 3078 1094 3160 descripsit
1139 3080 1293 3143 mihi
1359 3079 1747 3143 Tiloninum.
1838 3079 1978 3143 Jam
2045 3079 2208 3141 novi.
2307 3078 2655 3159 „Vesanum

409 3163 700 3245 tetigisse
744 3164 898 3227 time
945 3163 1278 3245 fugiasque
1324 3172 1596 3248 poetam.
1690 3164 1941 3229 Servari
1990 3186 2111 3227 non
2164 3164 2314 3227 vult.
2410 3164 2508 3226 Sit
2554 3164 2659 3245 jus

410 3251 722 3330 liceatque
769 3250 1040 3330 perire“⁵
1091 3253 1310 3332 poetis.
1405 3252 1542 3317 Non
1595 3255 1837 3333 patitur
1880 3251 2165 3314 Maevius
2205 3249 2653 3313 Aristarchum.

410 3336 684 3398 Tantum
762 3358 829 3398 se
902 3340 1076 3399 amat
1149 3342 1212 3401 et
1286 3360 1418 3401 sua.
1535 3338 1665 3401 Alit
1740 3338 2025 3421 putidam
2073 3336 2393 3408 Venerem,
2465 3336 2657 3399 etiam

411 3422 672 3485 alterius
760 3421 1024 3486 mariti.⁶
1146 3424 1370 3505 Itaque
1461 3425 1739 3487 scholam
1811 3424 1971 3505 juris
2046 3444 2169 3487 non
2246 3422 2655 3485 inhabitabit.

411 3508 666 3571 Possem
739 3508 938 3590 plura.
1033 3508 1154 3573 Sed
1225 3509 1378 3573 haec
1446 3510 1762 3574 indicasse
1830 3514 2169 3575 contentus
2238 3531 2378 3572 sum
2445 3512 2509 3571 et
2576 3508 2655 3571 ad

413 3616 594 3658 sacra
638 3598 931 3658 revertor.
1026 3593 1120 3657 Tu
1165 3594 1328 3661 bene
1374 3596 1605 3661 valeas.

717 3711 838 3767 Cod.
876 3712 1008 3767 Frcf.
1049 3713 1162 3767 199.

552 3934 568 3965 ¹
605 3934 808 3987 Unsere
844 3936 1038 4003 Ausgg.
1075 3936 1221 3989 lesen
1255 3936 1512 3990 Maevius
1622 3938 1641 3969 ²
1676 3937 1816 3991 Puer
1849 3937 2091 3991 Tilonins
2130 3937 2181 3990 S.
2202 3937 2305 3989 320
2322 3938 2386 3990 A.
2407 3937 2452 3988 2.
2558 3936 2657 3989 Ein

407 4004 621 4057 Besuch
658 4003 746 4056 bei
779 4002 849 4056 M.
889 4006 1026 4057 auch
1062 4005 1134 4057 im
1170 4006 1282 4058 Juli
1305 4006 1552 4057 erwahnt.
1592 4006 1644 4060 S.
1666 4008 1767 4059 333
1787 4010 1848 4059 A.
1870 4010 1916 4060 ὃ.
2028 4009 2049 4037 ³
2080 4006 2321 4073 Petrejus
2356 4005 2410 4057 in
2444 4005 2656 4072 Begriff,

410 4089 498 4125 am
536 4074 614 4125 16.
649 4074 782 4141 Aug.
823 4072 965 4126 scine
1001 4074 1157 4127 Reise
1194 4077 1512 4137 anzutreten,
1552 4075 1727 4128 wollte
1764 4076 1847 4127 bei
1883 4076 1989 4128 Abt
2006 4074 2258 4127 Tritheim
2283 4074 2337 4125 in
2355 4074 2657 4142 Wiirzburg

409 4141 776 4208 vorsprechen,
831 4158 898 4194 an
935 4142 1035 4194 den
1072 4142 1164 4194 ihn
1199 4143 1268 4196 M.
1309 4142 1553 4210 empfahl.
1627 4144 1712 4197 ΒΥ.
1751 4144 1866 4197 285.
2010 4145 2029 4175 ⁴
2064 4134 2209 4196 Uber
2262 4144 2346 4195 die
2402 4144 2514 4196 Zeit
2566 4143 2658 4195 der

409 4210 664 4277 Kronung
716 4228 750 4262 v
786 4210 818 4265 1.
872 4210 958 4263 ΒΥ.
999 4212 1114 4264 252.
1185 4212 1283 4263 Die
1337 4212 1673 4280 Erwiihnung
1725 4229 1847 4265 vom
1902 4212 2143 4265 Besuche
2196 4212 2333 4265 Tilos
2386 4214 2495 4264 und
2552 4228 2657 4264 von

409 4278 664 4347 Petrejus'
703 4282 748 4331 A
785 4278 920 4333 reise
955 4280 1152 4332 weisen
1188 4281 1280 4333 auf
1310 4282 1411 4332 den
1445 4283 1655 4348 August
1698 4282 1806 4335 hin.
1948 4284 1969 4314 5
2003 4282 2154 4335 Nach
2203 4282 2325 4335 Hor.
2371 4284 2472 4334 Ars
2520 4284 2653 4348 poet.

408 4348 528 4403 455.
567 4347 682 4403 463.
721 4348 838 4403 466.
979 4350 1002 4380 ⁶
1038 4348 1155 4417 Vgl.
1193 4348 1277 4402 dic
1313 4349 1677 4419 schmutzigen
1712 4349 2102 4419 Anspielungen
2139 4351 2193 4402 in
2232 4350 2313 4405 ΒΓ.
2352 4350 2466 4405 275.
