3084 4895
449 420 576 487 572
1291 426 1464 483 Briefe
1499 428 1593 481 des
1626 428 1679 483 J.
1718 428 1869 483 1515.

456 600 624 681 quod
674 598 795 662 vile
841 603 957 671 est,
1007 620 1218 663 carum
1277 598 1502 663 reddit.
1594 598 1977 663 Laurentius
2042 599 2361 665 Vallensis
2428 606 2735 667 autumat

457 684 613 749 nihil
661 686 1015 766 elegantius
1083 686 1256 749 mille
1321 685 1559 749 abhinc
1622 686 1810 749 annis
1878 684 2077 749 fuisse
2144 688 2498 751 conditum.
2592 688 2733 771 Ego

455 792 710 852 quoque
785 792 911 834 non
989 771 1196 835 solum
1269 770 1607 834 verborum
1682 772 2135 853 proprietatem
2206 776 2271 834 et
2338 773 2729 854 elegantiam

455 858 870 939 spectandam
915 857 1209 934 arbitror,
1256 857 1363 920 sed
1411 855 1615 921 multo
1682 856 1999 921 intentius
2064 878 2281 921 eorum
2349 862 2729 923 sententiae.

459 940 734 1007 Tantum
796 942 1154 1007 honestatis
1199 941 1492 1005 Disticha
1549 942 1905 1020 continent,
1952 946 2027 1005 ut
2070 942 2413 1007 videantur
2480 944 2731 1010 Catone

452 1028 495 1091 i.
553 1051 603 1091 e.
668 1029 1064 1092 severissimo
1128 1028 1633 1111 gravissimoque
1698 1028 2005 1111 scriptore
2075 1028 2289 1111 digna.
2380 1029 2561 1111 Opus
2630 1035 2731 1097 est

454 1135 584 1177 non
655 1114 940 1177 Censorii
1011 1112 1296 1190 Catonis,
1366 1135 1493 1177 non
1562 1114 1847 1190 alt-erius,
1918 1114 2029 1177 sed
2095 1120 2349 1179 tantum
2416 1116 2730 1181 tribuitur

457 1199 711 1272 Catoni,
760 1220 884 1261 non
949 1200 1159 1277 terti0,
1222 1220 1351 1263 non
1413 1204 1661 1279 quart0.
1755 1199 2006 1276 Catoni,
2072 1200 2355 1281 inquam,
2417 1201 2730 1266 tribuitur

451 1286 511 1349 h.
565 1308 616 1347 e.
669 1284 1218 1365 incorruptissimo
1265 1286 1797 1365 sanctissimoque
1845 1306 2087 1349 morum
2134 1288 2461 1367 magistm,
2492 1292 2731 1351 tamet-

454 1373 508 1434 si
565 1392 830 1452 graecus
877 1378 1099 1433 auctor
1143 1369 1462 1433 Planudes
1507 1368 1853 1434 Maximus¹
1904 1370 2074 1433 hunc
2129 1373 2369 1435 scribat
2424 1374 2723 1439 titulum:

453 1444 771 1529 Κάτωνος
809 1447 1136 1534 Ῥωμαίου
1183 1453 1433 1538 γνῶμαι
1478 1451 1952 1539 παραινετικαί,
1998 1457 2036 1518 i.
2072 1480 2123 1522 e.
2162 1457 2426 1523 Catonis
2451 1459 2727 1524 Romani

450 1543 806 1605 sententiae
851 1543 1273 1607 instructivae
1338 1541 1472 1605 sive
1535 1540 1941 1607 doctrinales,
2030 1541 2235 1624 Hujus
2300 1548 2436 1607 tam
2508 1545 2727 1626 pusilli

449 1628 649 1691 libelli
698 1629 967 1709 pretium
1013 1626 1484 1692 inaestimabile
1523 1632 1641 1704 est,
1689 1626 2057 1708 praesertim
2106 1648 2246 1692 cum
2294 1629 2723 1713 undecunque

453 1714 863 1861 ἱίἶοῖὲίεεὶωηε
909 1714 1358 1799 paraphrastes
1405 1712 1706 1780 Erasmus
1740 1713 1943 1778 lucem
1980 1716 2043 1776 et
2076 1712 2288 1779 limam
2332 1718 2721 1798 apposuerit.

507 1823 542 1863 a
576 1822 627 1863 e.

766 1900 888 1955 Cod.
927 1898 1062 1955 hof.
1101 1898 1216 1955 507.

457 2087 688 2159 (cutha.)
1504 2072 1650 2137 509.
2165 2088 2237 2157 (n.
2279 2090 2359 2144 19.
2394 2089 2509 2144 Juli
2548 2090 2721 2161 1515.)

1215 2198 1509 2270 Mutian
1554 2220 1652 2270 an
1696 2199 1973 2270 Urban.

465 2329 702 2396 (Frende,
749 2329 876 2383 dass
922 2329 1038 2381 clem
1092 2328 1482 2382 Goldschmv-‘ede
1515 2329 1602 2382 die
1632 2346 1738 2383 zur
1772 2328 2129 2398 Ansertiyunq
2163 2329 2255 2383 der
2290 2329 2476 2383 Schale
2510 2328 2720 2398 nb‘tiyen

463 2398 699 2453 Miimen
745 2398 960 2467 qeyeben
1013 2398 1151 2451 sind.
1223 2396 1331 2451 Der
1395 2396 1637 2466 Verkauf
1671 2398 1759 2452 des
1814 2398 2115 2467 Weinberys
2150 2416 2227 2453 an
2259 2399 2343 2452 die
2386 2398 2719 2453 Kar-thamer-

459 2469 560 2521 soll
596 2469 730 2522 noch
764 2468 1010 2522 notar‘ae'ell
1045 2467 1156 2534 aelf
1176 2473 1332 2520 esetzt
1365 2469 1581 2520 werden.
1654 2468 1760 2521 Der
1793 2485 1923 2521 neue
1973 2467 2244 2522 Sckreiber
2303 2467 2574 2535 Grefenau
2620 2485 2716 2520 von

984 2537 1077 2588 der
1165 2539 1465 2605 eqenpartez'
1497 2538 1599 2590 soll
1625 2553 1906 2605 yewonnen
1940 2537 2179 2604 werden.)

489 2650 920 2730 Urbanissimo
955 2651 1292 2702 Hainreico
1329 2649 1641 2702 Oerbano²
1674 2651 1980 2702 benevolo
2017 2663 2147 2710 suo,
2185 2650 2472 2701 doctrina
2505 2664 2682 2711 prae-

869 2736 1052 2796 cipuo
1088 2736 1350 2787 colendo
1387 2739 1685 2797 tanquam
1720 2739 1889 2798 patri
1925 2736 2035 2802 (M.
2071 2733 2318 2803 Rufus).

384 2922 388 2927 .
661 2846 724 2910 S.
815 2846 1062 2911 Literas
1107 2821 1256 2911 tuas
1303 2869 1687 2929 quamquam
1739 2849 1960 2912 breves
2006 2847 2345 2911 admodum
2380 2846 2532 2910 boni
2568 2867 2713 2910 con-

454 2932 614 2996 sulo,
705 2933 1066 2996 Jucundum
1117 2938 1180 2997 et.
1232 2933 1536 2998 blandum
1601 2939 1735 2997 erat
1794 2934 2004 2996 videre
2068 2934 2252 2998 datos
2313 2931 2559 2996 aurifici
2601 2931 2713 2994 ΧΠ

458 3018 820 3094 Rhenan08‚
867 3019 1026 3082 duos
1095 3019 1408 3100 UngarOS,
1471 3042 1665 3084 unum
1730 3019 2087 3100 Anglicum,
2152 3025 2473 3101 praeterea
2540 3019 2711 3082 tuam

457 3109 522 3167 et
567 3103 1013 3185 Engelmanni³
1059 3106 1242 3167 fidem
1293 3110 1357 3168 et
1403 3105 1800 3169 industriam.
1892 3105 2074 3181 Quod
2118 3104 2345 3168 scribis
2379 3125 2542 3185 opus
2574 3123 2708 3166 esse

460 3188 733 3253 Adamo⁴
780 3190 960 3253 velut
1002 3195 1426 3272 procuratore,
1475 3196 1546 3254 ut
1591 3190 2011 3255 transferatur
2070 3189 2457 3271 mancipium
2522 3188 2711 3254 vineti

457 3275 535 3337 ad
584 3274 1044 3353 Cartusienses,
1091 3277 1431 3357 comprobo
1499 3285 1682 3340 tuum
1750 3276 2105 3339 consilium.
2198 3275 2322 3338 Sed
2391 3273 2713 3357 peritiores

459 3362 645 3425 amici
680 3361 904 3425 melius
951 3362 1016 3425 id
1061 3361 1359 3425 facerent.
1450 3362 1696 3426 Bardus
1742 3367 1841 3427 est
1883 3361 2150 3425 Publius
2181 3364 2243 3423 et
2276 3359 2395 3440 hoc
2428 3359 2715 3424 stolidior

457 3467 586 3529 quo
653 3448 862 3512 altior.
952 3447 1074 3525 Qui
1118 3451 1270 3510 sunt
1329 3447 1614 3526 obsecro,
1678 3449 1789 3530 qui
1857 3446 2227 3512 testimonio
2294 3450 2408 3509 tuo
2476 3443 2713 3510 claudi-

465 3533 663 3596 cant?
738 3533 1020 3597 Deuotas
1051 3532 1277 3614 opinor
1309 3533 1628 3597 notarium
1662 3534 1738 3597 de
1770 3533 2047 3599 factione
2078 3530 2439 3596 Pauliana.⁵
2518 3529 2715 3611 Vulgo

460 3619 693 3682 dicitur
737 3641 875 3683 esse
922 3618 1302 3698 literatulus,
1348 3619 1817 3699 ambitiosulus,
1865 3618 2226 3682 disertulus.
2256 3628 2285 3658 ⁸
2375 3617 2509 3680 Hoc
2564 3613 2716 3683 mihi

595 3903 624 3931 ⁸·
649 3889 758 3942 Am
791 3889 1006 3943 Raude:
1048 3891 1332 3944 Grefenaw.
2459 3952 2466 3959 -
2580 3952 2588 3960 .

475 4015 496 4026 Π
602 3959 620 3990 ¹
657 3958 930 4012 Gelehiter
980 3959 1173 4012 Monch
1219 3975 1286 4011 zu
1333 3956 1758 4024 Constantinopel
1793 3956 1868 4008 im
1907 3957 1986 4008 14.
2025 3955 2113 4007 Jh.
2186 3952 2339 4006 Scine
2392 3951 2718 4020 griechische

460 4025 827 4094 Ubersetzung
863 4028 955 4080 der
989 4027 1226 4095 Spriiche
1263 4027 1356 4078 des
1391 4025 1518 4078 Cato
1556 4025 1794 4078 erscbien
1833 4027 2105 4092 Argentor.
2146 4022 2209 4090 (c.
2253 4023 2408 4088 1515)
2442 4021 2553 4073 und.
2576 4021 2717 4097 oster.

459 4095 560 4147 Die
596 4095 709 4148 Zeit
743 4097 851 4148 und
887 4095 1082 4149 Person
1119 4097 1211 4148 des
1248 4110 1419 4162 sogen.
1460 4094 1587 4146 Cato
1634 4093 1751 4145 sind
1797 4093 2116 4145 unbekannt.
2263 4091 2283 4122 ²
2318 4091 2428 4142 Auf
2477 4087 2718 4162 ahnhche

461 4163 642 4216 Weise
687 4165 920 4216 schreibt
954 4164 1023 4216 M.
1062 4164 1173 4216 sich
1212 4164 1342 4215 oster
1389 4161 1703 4214 Moetianus,
1846 4163 1866 4191 ³
1901 4161 1951 4214 S.
1991 4160 2092 4212 206
2128 4161 2189 4212 A.
2228 4159 2274 4211 2.
2346 4158 2418 4210 Er
2453 4159 2602 4209 hatte
2636 4156 2719 4208 bei

463 4233 578 4284 dem
618 4233 880 4286 Verkaufo
923 4233 1016 4284 des
1055 4233 1120 4283 W
1125 4231 1364 4298 einborgs
1401 4247 1468 4282 an
1503 4229 1589 4282 die
1627 4229 1952 4282 Karthauser
1986 4226 2316 4295 mitgewirkt.
2462 4228 2481 4258 ⁴
2518 4223 2715 4300 Publi-0.

461 4301 510 4354 S.
550 4301 649 4354 407
689 4309 750 4354 A.
791 4301 836 4352 2.
978 4303 998 4333 ⁵
1032 4300 1160 4370 Des·
1189 4299 1388 4353 Paulus
1434 4299 1662 4376 episcop.
1710 4297 2095 4353 Ascalonensis
2142 4293 2399 4348 erzbisch.
2439 4294 2629 4345 Vikars
2664 4307 2717 4342 in

458 4368 649 4423 Erfurt.
724 4368 772 4423 S.
813 4369 912 4422 237
949 4370 1012 4420 A.
1051 4370 1098 4421 7.
1169 4368 1276 4420 Der
1327 4367 1563 4422 notarius
1615 4369 1686 4420 ist
1740 4366 1833 4418 der
1884 4365 2059 4434 gleich
2111 4363 2377 4416 erwahnte
2431 4361 2715 4424 Crebenua,

461 4437 562 4488 den
598 4437 682 4489 die
720 4437 1042 4508 Randglosse
1079 4437 1351 4490 Grefenaw
1386 4438 1564 4489 neunt.
1636 4433 1755 4504 Vgl.
1792 4433 1844 4488 S.
1882 4435 1983 4488 565
2020 4435 2081 4486 A.
2119 4432 2167 4485 9.
