3084 4895
455 381 530 445 12
1131 381 1303 436 Briefe
1343 383 1423 436 bis
1459 401 1575 438 zum
1614 385 1815 438 Herbst
1856 386 2000 438 1505.

456 559 730 618 nostram
797 557 976 636 qnasi
1037 557 1390 621 trabalibus
1449 560 1641 623 clavis
1689 564 1987 640 perpetua
2036 562 2328 623 memoria
2377 561 2689 624 confixam

453 647 667 704 tenere
717 643 958 705 debeat.
1054 643 1204 723 Ego,
1241 643 1510 717 Urbane,
1549 645 1927 709 urbanorum
1962 648 2238 710 omnium
2274 647 2692 728 integerrime,

452 733 668 791 tantas
703 729 818 790 tibi
851 729 1089 808 gratias
1123 752 1262 811 ago,
1312 738 1587 812 quantas
1620 755 1983 796 enumerare
2018 732 2268 814 longum
2304 739 2485 796 esset.
2576 733 2692 796 Vix

451 815 626 894 ipsae
668 817 798 878 tres
845 813 1120 890 Gratiae,
1171 817 1276 879 vix
1309 817 1489 900 ipsae
1521 839 1742 880 novem
1780 818 1995 882 Musae
2030 819 2234 881 verbis
2282 819 2695 900 explanarent

451 901 644 963 animi
695 901 817 964 mei
862 903 1332 982 gratitudinem.
1433 905 1563 966 Hoc
1599 904 1909 985 polliceor,
1958 927 2055 968 me
2086 905 2375 968 daturum
2421 927 2693 986 operam,

455 994 528 1050 ut
572 987 812 1050 ordinis
859 989 1059 1050 nostri
1107 988 1411 1064 homines,
1463 991 1577 1054 viri
1627 991 2006 1067 latinissimi,
2054 991 2417 1073 intelligant
2462 1014 2597 1055 esse
2629 993 2691 1053 in

452 1073 631 1137 Valle
676 1073 1032 1154 Georgiana
1082 1075 1313 1138 bonum
1364 1081 1426 1137 et
1473 1076 1725 1140 doctum
1759 1078 2146 1140 sacerdotem
2196 1078 2529 1142 Henricum
2578 1077 2693 1143 Ur-

459 1160 713 1234 banum,
763 1161 871 1240 qui
918 1160 1326 1241 dignissimus
1371 1163 1451 1225 sit
1502 1163 1837 1228 latinorum
1886 1164 2241 1229 sodalitate.
2335 1163 2499 1227 Vale.

755 1278 875 1331 Cod.
913 1278 1048 1332 Frcf.
1087 1280 1168 1336 66.

453 1467 636 1520 Gotha..
1535 1475 1633 1540 11·
2204 1472 2284 1525 29.
2316 1472 2441 1527 Juni
2478 1472 2695 1541 (1505).ι

1203 1608 1489 1679 Mutian
1534 1630 1630 1680 an
1677 1608 1953 1680 Urban.

455 1741 696 1807 (Mutian
733 1743 844 1796 will
883 1745 1134 1812 Spalatin
1168 1746 1303 1798 heim
1339 1747 1468 1799 Abte
1502 1747 1803 1815 empfehlen.
1876 1747 1975 1798 Die
2002 1746 2507 1813 Lebensyrundsc'itxe
2527 1747 2701 1798 semer

485 1811 692 1867 Bribder
726 1814 840 1866 und
872 1817 1015 1866 scine
1047 1814 1270 1882 eiyenen.
1342 1817 1484 1868 Beue
1521 1816 1646 1868 iiber
1672 1817 1861 1884 jic'nysl
1892 1815 2127 1884 yefiihrte
2161 1814 2423 1883 unkeih'ye
2456 1815 2663 1876 Reden.)

655 1937 910 1987 Urbano
961 1951 1096 1988 meo
1151 1939 1606 1997 Demosthenis,
1675 1939 1905 1998 Plauti,
1966 1939 2275 1990 Ciceronis
2341 1937 2697 1994 urbanitate

1087 2027 1597 2077 memoratissima
1630 2025 1914 2085 praedito
1948 2025 2035 2075 M.
2071 2022 2292 2075 Ruffls.

629 2141 721 2206 S.
777 2143 1088 2207 Hodierno
1135 2145 1234 2208 die
1281 2147 1650 2226 magistrum
1698 2145 1936 2209 ordinis
1991 2145 2203 2222 vestri,
2272 2143 2389 2207 hoc
2448 2146 2545 2208 est
2588 2144 2698 2208 ab·

459 2229 666 2293 batem
702 2229 1018 2308 adiissem,
1056 2231 1177 2294 nisi
1209 2231 1518 2296 horrenda
1551 2236 1910 2314 tempestae,
1946 2252 2107 2312 quae
2139 2231 2266 2294 fere
2296 2231 2639 2294 solstitium
2671 2243 2699 2271 ⁸

456 2317 828 2397 insequitur,
881 2340 974 2379 me
1019 2319 1419 2382 retardasset.
1511 2318 1669 2382 Nam
1719 2319 1868 2381 solis
1903 2318 2227 2380 conversio
2274 2341 2309 2380 a
2357 2339 2580 2380 cancro
2618 2319 2695 2380 ad

461 2404 894 2485 capricornum
957 2404 1325 2487 plerumque
1382 2405 1602 2469 turbat
1656 2427 1941 2469 serenum
1990 2410 2051 2467 et
2094 2409 2295 2468 terras
2339 2404 2695 2468 madefacit.

455 2490 524 2551 Id
595 2490 760 2572 quod
829 2490 1108 2573 optabile
1168 2492 1414 2555 videtur
1475 2493 1640 2575 apud
1714 2492 2047 2572 Vergilium
2123 2492 2211 2553 ita
2279 2489 2693 2554 scribentem:

464 2576 772 2653 „Humida
819 2578 1092 2641 solstitia
1121 2590 1150 2617 ²
1178 2584 1371 2661 atque
1423 2580 1659 2641 hiemes
1702 2584 1918 2660 optate
1960 2600 2229 2651 serenas,
2280 2576 2695 2655 Agricolae.“²

457 2662 842 2726 Salutassem
914 2664 1346 2746 dignationem
1413 2666 1585 2729 illius
1654 2666 2168 2745 nudiusquartuS,
2237 2664 2357 2725 nisi
2423 2667 2491 2725 tu
2556 2686 2695 2726 eum

459 2770 775 2812 sacrarum
828 2751 1138 2832 virginum
1187 2753 1457 2834 negot-iis
1506 2753 1806 2814 interesse
1852 2750 2189 2813 retulisses
2282 2747 2405 2811 Sed
2459 2750 2625 2812 brevi
2660 2773 2699 2812 a

462 2858 561 2898 me
607 2838 952 2919 rogabitur,
1015 2844 1086 2901 ut
1133 2840 1422 2902 idoneum
1474 2839 1787 2901 doctorem
1840 2837 2103 2899 barbaro
2150 2841 2212 2898 et
2258 2837 2470 2916 inepto
2523 2857 2698 2917 prae-

456 2922 632 2986 ferat.
741 2924 984 2988 Interea
1047 2948 1268 2988 nervos
1328 2932 1474 2989 tuos
1534 2946 1749 2987 omnes
1815 2924 1877 2985 in
1946 2945 2016 2985 eo
2076 2923 2438 2992 contendaS,
2489 2930 2557 2984 ut
2604 2924 2697 2984 in·

455 3010 700 3091 telligat
762 3034 826 3073 se
888 3010 1042 3075 nihil
1107 3012 1553 3095 poenitendum
1616 3010 1967 3084 admittere,
2031 3009 2082 3071 si
2129 3007 2527 3089 Spalatinum
2576 3008 2698 3071 sibi

457 3095 857 3176 obligaverit,
925 3098 987 3159 in
1059 3120 1184 3160 uno
1231 3099 1518 3161 ministro
1592 3096 1921 3159 habiturus
1983 3095 2149 3157 mille
2196 3095 2697 3157 commoditates.

460 3181 644 3245 Urbis
703 3182 1003 3245 Nor-icae2
1063 3184 1280 3263 lingua
1338 3186 1500 3247 inter
1557 3184 1845 3245 nationes
1906 3182 2311 3243 Germanicas
2358 3180 2699 3259 elegantis-

459 3270 618 3332 sima
675 3268 962 3331 habetur.
1069 3271 1296 3333 Latina
1361 3293 1502 3333 vero
1552 3270 1612 3331 in
1664 3269 1833 3331 omni
1890 3268 2239 3329 studiorum
2290 3288 2513 3347 genere
2562 3288 2699 3347 per-

461 3356 812 3419 necessaria
846 3361 956 3419 est.
1036 3357 1314 3438 Utraque
1347 3357 1548 3419 utitur
1582 3354 1951 3435 Spalatinus
1976 3353 2251 3434 jucunde
2287 3352 2699 3433 scienterque.

462 3441 531 3504 Si
577 3442 746 3505 volet
795 3465 1046 3505 mensae
1094 3447 1465 3505 structorem
1515 3447 1579 3505 et
1624 3440 2084 3520 discophorum,
2135 3440 2183 3501 si
2240 3438 2482 3500 fidelem
2538 3462 2702 3500 nun—

459 3529 634 3604 tium,
666 3540 694 3567 ἃ
738 3529 791 3592 si
837 3530 899 3591 in
947 3530 1124 3592 seriis
1151 3529 1438 3610 jocisque
1487 3527 1928 3590 collocutorem
1978 3526 2305 3605 optimum,
2354 3524 2519 3586 hand
2572 3546 2702 3585 me-

458 3613 674 3677 liorem
748 3616 1022 3678 inveniet
1093 3616 1442 3698 Spalatino.
1556 3614 1689 3693 Ego
1754 3612 2055 3675 constitui
2127 3632 2230 3691 per
2298 3609 2702 3691 Spalatinum

459 3700 767 3780 auspicari
817 3704 1156 3765 amicitiam
1189 3714 1217 3741 ⁸
1263 3724 1404 3765 cum
1439 3700 1744 3763 coenobio
1792 3703 2020 3772 vestro,
2070 3704 2141 3757 ut
2172 3703 2335 3758 esset
2372 3696 2475 3757 ille
2518 3698 2702 3777 qnasi

460 3786 766 3849 mediator
818 3789 982 3851 inter
1040 3810 1172 3864 nOS,
1231 3789 1396 3850 sicut
1457 3787 1745 3849 Christus
1800 3786 1961 3846 inter
2010 3783 2189 3844 deum
2238 3788 2301 3844 et
2349 3782 2699 3861 hominem3

592 4090 624 4131 a·
647 4076 693 4127 ci
728 4082 794 4130 st.
830 4078 884 4129 ti.

601 4148 615 4175 ¹
650 4146 756 4197 Das
807 4147 937 4199 Jahr
991 4147 1189 4215 ergiebt
1243 4147 1356 4198 sich
1421 4146 1514 4197 mit
1551 4142 1845 4197 Sicherhoit
1886 4158 1980 4193 aus
2020 4140 2111 4191 der
2147 4136 2705 4213 Schlnsshmrerkwg,

460 4211 580 4265 dass
633 4213 786 4266 Peter
838 4217 945 4267 und
1000 4216 1134 4268 Paul
1187 4215 1426 4281 zugleich
1481 4214 1709 4280 Sonntag
1762 4212 1851 4264 sei.
1931 4210 1996 4262 Es
2032 4209 2103 4260 ist
2138 4205 2229 4257 der
2264 4209 2397 4258 erste
2431 4204 2581 4284 fimet*
2604 4206 2707 4282 ‚des

462 4279 635 4334 Codex
687 4285 792 4336 und
849 4285 1054 4337 scheint
1125 4300 1304 4352 wegen
1361 4283 1532 4336 seines
1589 4280 1932 4350 allgemeinen
1984 4274 2233 4349 Inhaltes⁴
2274 4291 2339 4327 an
2393 4275 2475 4352 die
2529 4273 2706 4341 Spitze

461 4350 668 4414 gestellt
703 4370 768 4405 zu
804 4354 933 4408 sein.
1112 4355 1130 4385 ²
1167 4354 1350 4421 Georg.
1388 4353 1430 4415 Ι,
1472 4352 1571 4406 100
1606 4367 1681 4420 sq.
1751 4394 1755 4400 .
1823 4350 1843 4380 ³
1882 4346 2116 4416 Spalatin
2152 4344 2297 4397 hatte
2334 4359 2479 4395 seme
2514 4342 2704 4395 Schul-

459 4418 675 4490 bildung
710 4422 762 4475 in
799 4423 1079 4491 Niirnberg
1113 4422 1436 4492 empfangen.
