3084 4895
1220 401 1427 455 Mutian
1466 417 1532 453 an
1570 398 1773 453 Urban.
2498 392 2623 459 507

356 582 619 645 daretur
679 577 835 643 mihi
903 575 1152 641 occasio
1198 574 1276 637 de
1320 578 1385 638 te
1438 594 1630 653 quam
1697 570 1936 651 optime
2006 566 2305 631 merendi.
2397 564 2625 629 Justus

354 664 636 731 Menius¹
686 664 899 728 tradet
940 660 1218 725 remedia
1274 658 1605 740 quaedam.
1696 655 1788 718 Ea
1816 654 2167 718 Mercurius
2214 652 2315 716 vel
2359 646 2621 717 Hosius²

353 753 440 817 ad
485 772 587 816 me
631 751 810 813 ferat.
905 746 1072 810 Vale.
1161 745 1364 808 Nonis
1409 742 1698 807 Januarii
1744 762 1913 805 anno
1956 737 2210 804 MDXV.

668 850 792 903 Ood.
827 847 962 902 Frcf.
997 846 1115 899 430.

359 1037 596 1108 (Gotha.)
1412 1016 1557 1080 442.
2278 1030 2412 1096 (Jan.
2455 1027 2627 1099 1515.)

1118 1141 1410 1213 Mutian
1455 1161 1555 1210 an
1600 1140 1877 1211 Urban.

607 1274 848 1343 (Voltxlae
879 1273 982 1326 soll
1015 1272 1142 1325 tiber
1175 1272 1273 1325 das
1309 1270 1466 1325 Hans
1501 1269 1606 1323 mit
1640 1270 1740 1324 den
1787 1268 2018 1328 Vikaren
2052 1266 2402 1336 verbandeln.)

1128 1386 1210 1437 H.
1247 1386 1505 1444 Urbano
1535 1384 1625 1434 M.
1661 1382 1885 1434 Rufus.

573 1499 782 1576 Salve,
843 1519 1220 1580 magnorum
1286 1486 1606 1561 conviva.³
1698 1495 1789 1560 De
1849 1496 2036 1559 domo
2103 1493 2417 1559 Uuolscus
2483 1494 2632 1571 aget

359 1608 508 1651 cum
578 1584 880 1650 vicariis.⁴
973 1584 1106 1666 Ego
1177 1584 1245 1647 in
1305 1582 1666 1665 praesentia
1735 1581 2051 1646 stomachi
2116 1601 2331 1645 curam
2400 1578 2626 1641 habeo.

361 1672 461 1737 Tu
511 1694 664 1737 cura
707 1676 884 1735 tuam
933 1668 1366 1735 valetudinem
1415 1671 1480 1733 et
1522 1668 1696 1734 hunc
1740 1665 1991 1735 Osium⁶
2036 1687 2199 1732 ama.
2292 1664 2459 1731 Vale.

677 1771 799 1826 Cod.
835 1770 970 1825 Frcf.
1006 1769 1126 1825 441.

365 1960 602 2030 (Gotha.)
1424 1942 1571 2007 443.
2281 1954 2417 2021 (Jan.
2459 1951 2633 2022 1515.)

1125 2068 1417 2139 Mutian
1461 2088 1559 2139 an
1602 2066 1883 2138 Urban.

364 2197 612 2267 (Ausfall
658 2216 818 2321 ,αἴθῃ
884 2198 1122 2267 Volqwin
1165 2199 1376 2252 Rucker
1425 2215 1530 2251 aas
1574 2196 1767 2250 Fama.
1840 2196 2197 2265 Empfehlunq
2248 2194 2389 2273 eines
2428 2194 2637 2273 junyen

365 2268 626 2323 Momm.
735 2268 828 2321 itte
862 2286 960 2321 um
999 2268 1228 2335 Setzzmy
1263 2267 1405 2320 eines
1448 2266 1607 2333 Ofem
1641 2266 1724 2318 im
1761 2264 2105 2333 Speisesaale.
2166 2264 2465 2317 Duromus'
2500 2263 2634 2342 Qezx

366 2337 452 2391 bei
486 2336 701 2393 Eobans
736 2336 1009 2393 Hochxeit.
1089 2336 1162 2391 Ob
1202 2335 1539 2403 Sc'jmmerinq
1574 2339 1733 2388 etwas
1760 2332 2070 2402 qeschenkt?
2139 2332 2369 2385 Warum
2393 2331 2467 2384 M.
2486 2331 2641 2385 meht-

527 2449 530 2454 .
1183 2404 1295 2474 mus
1319 2404 1637 2460 Hochxeitm
1663 2403 1819 2473 ycht.)

433 2521 800 2574 Praestanti
837 2519 1124 2571 doctrina
1158 2521 1458 2582 magistro
1493 2520 1577 2570 1-1.
1613 2520 1891 2578 Urbane,
1926 2519 2062 2568 viro
2098 2518 2335 2579 solerti,
2370 2515 2567 2568 amico

1131 2605 1496 2657 honorando
1531 2607 1622 2657 M.
1657 2605 1880 2658 Rufus.

577 2717 642 2782 S.
735 2717 890 2795 Quis
962 2719 1048 2782 sit
1115 2719 1220 2782 ille
1287 2715 1769 2796 columbariuS‚⁶
1838 2719 2083 2801 ignoro.
2174 2713 2293 2780 Est
2352 2715 2419 2778 in
2488 2734 2641 2779 con-

370 2803 667 2869 tubernio
715 2804 1095 2869 Hartmanni
1140 2803 1509 2886 Volgwinus
1570 2802 1871 2883 Rucker,⁷
1940 2804 2089 2868 olim
2158 2824 2336 2867 meus
2396 2799 2640 2865 assecla

375 2894 442 2954 et
483 2894 622 2954 tum
667 2889 980 2955 innocens
1023 2893 1163 2955 tum
1209 2893 1495 2955 sanctus.
1585 2889 1830 2954 Deinde
1874 2889 2177 2972 migravit
2221 2889 2302 2954 ad
2348 2886 2637 2969 Fuldam.

369 2975 470 3040 Ex
516 2998 589 3040 eo
633 2975 776 3052 fuit,
823 2977 922 3041 uti
967 2976 1204 3060 accepi,
1249 2976 1537 3060 perditae
1580 2977 1753 3042 vitae
1780 2979 1848 3040 et
1877 2975 2021 3039 leno
2069 2975 2329 3040 domini.
2409 2969 2641 3037 Mirum

371 3067 490 3137 est,
536 3060 808 3128 Urbane.
899 3061 1049 3126 Alui
1095 3057 1450 3144 complures
1491 3062 1699 3126 bonae
1732 3061 1965 3125 indolis
1998 3064 2061 3125 et
2092 3061 2319 3143 pudice
2355 3058 2638 3136 educavi,

371 3148 482 3212 sed
527 3147 638 3212 ubi
682 3148 1120 3223 adoleverunt,
1169 3150 1502 3211 mutarunt
1548 3169 1753 3211 mores
1800 3147 1876 3210 de
1922 3146 2109 3210 bonis
2164 3146 2321 3209 facti
2371 3143 2638 3227 pejores.

369 3233 538 3296 Idem
587 3233 821 3297 accidit
863 3233 929 3296 in
978 3233 1286 3297 coenobio
1340 3238 1473 3297 tu0.
1570 3233 1738 3298 Oves
1800 3233 2064 3308 intrant,
2110 3232 2219 3295 sed
2266 3231 2401 3311 lupi
2454 3231 2639 3293 fiunt.

378 3319 614 3384 Audivi
657 3319 1038 3384 Mercurium
1083 3317 1318 3384 tuum.⁸
1407 3318 1613 3382 Multa
1658 3340 1881 3382 sumus
1926 3317 2242 3381 collocuti.
2333 3315 2436 3378 Me
2468 3315 2641 3378 illius

372 3404 728 3486 loquacitas
793 3405 1093 3469 invitavit
1157 3405 1235 3468 ad
1309 3425 1651 3468 sermones
1767 3403 1940 3467 Inter
2006 3403 2135 3467 alia
2200 3401 2417 3466 literas
2483 3399 2645 3464 mihi

378 3491 664 3554 ostendit
709 3490 1044 3572 cujusdam
1092 3489 1374 3572 religiosi
1421 3489 1847 3553 adulescentis
1880 3490 1943 3552 in
1980 3488 2211 3553 exedra
2242 3486 2643 3552 testudinata

376 3576 544 3658 apud
591 3577 893 3657 parietem
929 3577 1155 3640 domus
1186 3579 1338 3641 tuae
1367 3576 1709 3638 manentis.
1802 3575 2080 3638 Probavi
2112 3578 2352 3651 votum,
2385 3572 2641 3636 laudavi

373 3655 742 3725 institutum
810 3665 1035 3744 utpote
1100 3662 1295 3743 pium,
1359 3661 1699 3742 magnifeci
1770 3661 2005 3738 stilum,
2064 3663 2137 3723 ut
2179 3656 2531 3722 Mercurius
2578 3662 2643 3720 et

376 3745 671 3811 Publius⁹
730 3747 850 3810 sub
910 3746 1200 3829 exemplo
1269 3747 1806 3810 stimularentur³
1865 3746 1942 3809 ad
1990 3745 2225 3809 similia
2292 3741 2638 3807 condenda.

509 3963 536 4048 ἲ
564 3947 945 4070 {uffimgtff
1092 4017 1112 4048 ²
1147 4015 1430 4090 Philippus
1473 4016 1657 4094 psius,
1711 4017 1841 4069 ’efter
1893 4015 2061 4094 neten
2114 4013 2355 4092 Mer-kun
2382 4012 2461 4064 als
2513 4013 2643 4066 Bote

375 4084 583 4138 Urbans
619 4087 862 4154 genannt.
937 4084 988 4137 S.
1026 4084 1132 4137 495
1159 4087 1231 4138 ·Α.
1273 4087 1318 4136 7.
1392 4085 1555 4137 Belde
1592 4085 1669 4139 als
1706 4085 1980 4137 domestici
2015 4083 2397 4136 bezeichnetm
2417 4080 2502 4133 Br.
2523 4083 2641 4135 465.

447 4153 467 4184 ³
499 4153 607 4206 Der
660 4153 898 4206 Mainzer
950 4153 1270 4204 Gesandten.
1345 4154 1395 4206 S.
1433 4154 1534 4207 506
1582 4155 1643 4206 A.
1682 4155 1728 4206 5.
1870 4153 1892 4184 ⁴
1926 4153 1974 4206 S.
2014 4151 2115 4204 506
2153 4159 2213 4203 A.
2250 4151 2298 4203 4.
2442 4152 2462 4181 ⁵
2497 4152 2557 4201 A.
2597 4149 2643 4202 2.

445 4222 468 4253 θ
504 4221 882 4276 Verachtliche
919 4219 1302 4288 Bezeichnung
1337 4221 1480 4274 eines
1527 4221 1924 4274 Unbekannten.
1996 4220 2115 4286 Vgl.
2153 4218 2558 4272 »Taubenesser«
2591 4217 2647 4270 in

383 4287 466 4342 Br.
506 4290 622 4343 276.
768 4291 786 4322 ⁷
821 4289 918 4342 Als
954 4287 1199 4358 Vyolgwin
1234 4289 1445 4342 Rucker
1479 4291 1545 4342 de
1579 4289 1789 4342 Wetter
1822 4288 2253 4342 immatrikuliert
2286 4287 2343 4338 in
2376 4285 2481 4338 Erf.
2512 4285 2646 4338 1492

381 4355 752 4480 (Qf.AM{tr.).
797 4357 1282 4480 οΙθἹΗὲιΐῖἒὸιηέ
1333 4359 1545 4477 215ΐοί36
1598 4359 1653 4410 in
1708 4357 1905 4410 Erfurt.
1976 4357 2094 4425 vgl.
2133 4355 2184 4411 S.
2223 4357 2326 4409 510
2360 4358 2422 4409 A.
2460 4354 2508 4406 3.
