3084 4895
426 438 468 501 6
1111 437 1286 491 Briefe
1321 437 1404 491 bis
1441 454 1557 491 zum
1594 436 1793 491 Herbst
1832 436 1979 491 1505.

428 609 807 673 Benedictus
853 611 1038 675 modo
1084 610 1386 685 totondit,
1435 610 1619 673 modo
1667 611 1819 673 rasit
1864 634 2010 673 suos
2050 615 2406 675 sectatores.
2504 610 2669 687 Quid

429 698 788 759 Bernardus
832 697 1068 775 fecerit,
1117 698 1391 779 ambigo
1482 697 1639 759 Illud
1692 697 1844 761 haut
1878 698 2065 760 dubie
2098 700 2334 779 recepit
2367 700 2426 760 in
2462 720 2669 769 usum,

428 789 502 845 ut
531 787 860 865 turparent
906 785 1007 848 sui
1051 784 1396 847 calvitium.
1487 783 1709 865 ltaque
1755 784 1809 846 si
1854 790 1924 846 tu
1971 806 2298 866 sparsurus
2344 806 2411 845 es
2458 805 2669 847 sacros

427 871 684 943 cineres.
731 870 822 933 ita
866 869 1080 948 facito,
1135 870 1664 951 quemadmodum
1728 870 2092 932 Bonifacius
2154 870 2304 931 VIII.
2376 892 2673 933 romanus

427 955 716 1039 pontifex
763 959 924 1019 teste
969 955 1245 1019 Platina¹
1298 956 1464 1018 fecit.
1555 955 1614 1017 Is
1648 956 1955 1019 Procheto
2005 954 2430 1019 Genuensium
2467 956 2671 1019 archi-

430 1043 722 1125 episcopo
773 1043 961 1105 dixit:
1017 1043 1386 1123 „Memento
1435 1042 1642 1117 homo,
1690 1042 1855 1122 quod
1905 1043 2258 1105 Gibellinus
2302 1065 2368 1104 es
2421 1049 2483 1104 et
2529 1066 2669 1105 cum

427 1128 761 1192 Gibellinis
809 1129 1151 1203 morieris“‚
1199 1135 1261 1191 et
1307 1130 1474 1191 dicto
1523 1130 1709 1190 citius
1758 1129 1819 1189 in
1871 1129 2136 1191 frontem
2202 1136 2396 1208 atque
2456 1130 2671 1191 oculos

433 1216 674 1279 cineres
722 1215 998 1295 projecit.
1093 1214 1518 1277 Consimiliter
1572 1214 1621 1275 si
1670 1236 1828 1294 quos
1875 1215 2225 1277 Gibellinos
2288 1214 2501 1289 habeS‚
2552 1214 2670 1277 hoc

425 1306 524 1364 est
570 1300 998 1382 Guelphorum
1047 1301 1260 1363 hostes
1292 1306 1355 1362 et
1386 1301 1506 1363 tibi
1541 1300 1851 1381 rectisque
1897 1301 2127 1363 studiis
2175 1301 2477 1374 infensos
2526 1301 2669 1363 illos

426 1386 657 1450 divinis
681 1387 1222 1450 exsecrationibus
1244 1398 1271 1426 ⁸²
1308 1387 1569 1450 devotos
1590 1385 1983 1450 circumfusis
2004 1387 2365 1468 pulveribus
2384 1386 2669 1464 exocula,

427 1496 505 1536 ne
551 1472 807 1535 videant
851 1473 1016 1535 oculi
1063 1474 1201 1549 mei,
1250 1473 1375 1537 imo
1421 1468 1498 1535 ut'
1539 1472 1799 1535 videant
1852 1473 2016 1536 oculi
2063 1474 2205 1549 mei,
2252 1474 2378 1535 imo
2426 1478 2497 1536 ut
2544 1494 2666 1535 non

427 1559 684 1622 videant
749 1559 913 1622 oculi
983 1561 1119 1621 mei.
1222 1559 1409 1621 Libet
1468 1558 1568 1621 his
1626 1557 1804 1621 festis
1868 1559 2088 1622 diebus
2152 1559 2368 1641 jocari,
2442 1581 2667 1640 quam-

425 1667 615 1726 quam
681 1644 868 1708 hodie
929 1666 1052 1708 non
1119 1646 1202 1708 sit
1263 1644 1495 1707 festum
1561 1644 1623 1705 in
1687 1645 1966 1720 ecclesia,
2022 1646 2129 1708 sed
2177 1646 2239 1708 in
2288 1644 2539 1708 theatro
2603 1650 2669 1708 et

425 1731 688 1794 aedibus
735 1730 966 1811 populi.
1057 1730 1246 1795 Plura
1291 1731 1644 1794 collocutus
1697 1753 1832 1793 sum
1882 1754 2019 1794 cum
2076 1730 2402 1812 Spalatino
2450 1736 2668 1795 nostro

427 1820 500 1881 de
577 1814 1016 1880 confessione.²
1135 1818 1382 1881 Placuit
1456 1840 1528 1878 ea
1603 1819 1939 1893 sententia,
2029 1823 2099 1880 ut
2187 1819 2262 1880 ad
2344 1819 2667 1881 dominum

424 1904 708 1967 conversi
765 1905 1110 1967 diceremus
1155 1905 1292 1967 loco
1341 1904 1783 1967 confessionis:
1854 1904 2329 1985 „Imperfectum
2376 1910 2665 1967 nostrum

430 1989 722 2053 viderunt
779 1990 941 2053 oculi
1001 1988 1293 2053 nostri.“³
1383 1990 1529 2052 Mox
1588 1990 1877 2053 mutilum
1933 1989 2231 2052 indicem*
2276 1991 2473 2053 erexit
2508 1995 2668 2053 tam-

425 2078 645 2159 quamb
686 2076 1140 2159 imperfectum.
1210 2078 1507 2140 Risimus,
1563 2076 1755 2140 Item:
1810 2076 1986 2157 „Non
2022 2078 2163 2140 veni
2193 2098 2415 2141 vocare
2440 2077 2667 2158 justOS‚

423 2163 534 2227 sed
575 2169 935 2246 peccatores
965 2164 1046 2226 ad
1078 2161 1625 2245 poenitentiam“,⁰
1674 2161 1827 2226 dicit
1882 2163 2222 2227 dominus⁵
2300 2164 2523 2227 Melius
2573 2169 2683 2225 est·

427 2271 573 2332 ergo
622 2271 742 2313 11011
785 2250 1028 2332 justum
1075 2273 1225 2313 esse.
1318 2250 1655 2332 Utcunque
1718 2250 1830 2313 sit:
1898 2250 2311 2330 „sacrificium
2371 2251 2486 2313 deo
2544 2251 2669 2332 spi-

427 2337 585 2399 ritus
627 2335 1184 2400 ‹·ontribulatus.‘·'⁶
1259 2336 1422 2413 Quid
1469 2342 1566 2398 est
1612 2335 2129 2399 contribulatus?
2208 2336 2337 2398 Vox
2372 2337 2664 2399 absurda.

425 2423 587 2500 Quid
631 2430 746 2498 est,
793 2427 864 2488 ut
911 2428 1053 2487 utar
1115 2425 1328 2506 inepta
1389 2445 1561 2498 voce,
1631 2423 2056 2487 contribulare
2128 2423 2473 2505 spiritum?
2547 2424 2667 2487 nisi

423 2520 567 2574 aera
627 2511 966 2587 verberare,
1029 2513 1194 2593 quod
1255 2512 1593 2575 stultorum
1641 2514 1737 2573 est
1781 2516 1844 2573 et
1893 2513 2103 2574 uxoris
2175 2509 2236 2572 S.
2286 2510 2663 2594 Gangolphi.

425 2619 589 2677 quae
615 2599 1084 2661 incontinenter
1107 2599 1381 2680 pepedit.
1437 2595 1695 2676 „Omnis
1720 2598 1981 2679 spiritus
2009 2597 2224 2660 laudet
2244 2597 2625 2660 dominum.“
2648 2595 2666 2628 ⁷

426 2683 660 2766 Excipe
706 2685 994 2765 spiritum
1041 2692 1260 2766 portae
1319 2684 1521 2762 inferi,
1590 2685 1699 2766 qui
1760 2688 1956 2765 putet.
2046 2685 2326 2766 Ignosce,
2397 2682 2660 2765 posthac

426 2771 709 2834 sanctius
754 2774 964 2833 tecum
1010 2793 1211 2851 agam.
1309 2771 1473 2834 Vale.

739 2847 858 2926 Coh.
896 2871 1028 2925 Frcf.
1063 2872 1111 2927 4.

423 3057 652 3130 (Gotha.)
1307 3110 1313 3118 ,
1511 3046 1567 3108 6.
1674 3027 1701 3053 “
2256 3058 2449 3127 (Friihj.
2492 3058 2661 3128 1505.)

1128 3171 1410 3241 Mutian
1457 3191 1553 3240 an
1599 3170 1958 3257 spalatin.

423 3301 840 3369 (Aufforderzmy
885 3302 1269 3368 Fremzclselzaft
1318 3303 1419 3353 mit
1478 3302 1659 3353 Urbem
1704 3318 1777 3352 zu
1830 3301 2118 3352 semiessen.
2200 3298 2364 3365 Klaqe
2410 3297 2534 3350 iiber
2580 3299 2664 3350 die

439 3370 770 3438 Veracktuny
821 3371 911 3422 der
979 3371 1420 3437 Wz'ssensehaften
1474 3371 1589 3422 und
1639 3370 1723 3422 die
1772 3369 1909 3436 Jayd
1963 3370 2099 3421 nach.
2155 3367 2445 3420 Reiektum.
2540 3368 2661 3431 Rat,

1237 3441 1470 3492 Priestm·
1503 3457 1577 3492 zu
1610 3439 1846 3506 werden.)

559 3576 586 3603 a
612 3559 1041 3613 execrationibus.
1182 3563 1208 3600 b
1236 3561 1498 3626 tanquam.
1640 3573 1664 3599 0
1694 3556 2052 3624 penitenciam.

576 3632 590 3660 ¹
626 3629 1010 3682 Baltolommeo
1064 3629 1267 3686 Sacc-hi.
1319 3629 1605 3681 romischer
1648 3626 1938 3679 Historiker
1986 3627 2077 3677 des
2118 3626 2195 3676 15.
2233 3624 2317 3675 Jh.
2390 3623 2487 3675 Die
2543 3623 2659 3690 folg.

435 3696 596 3749 Stelle
632 3699 684 3749 in
722 3699 812 3748 der
845 3698 970 3749 Vita
1005 3697 1169 3750 Bonis.
1210 3697 1351 3751 VIII.
1426 3699 1522 3750 Dic
1576 3697 1757 3749 Wortc
1812 3697 1902 3746 des
1956 3694 2172 3745 Pabstes
2227 3693 2341 3744 01110
2396 3692 2661 3744 Variation
2764 3717 2771 3728 ·

438 3766 533 3817 des
570 3767 853 3833 Spruches:
890 3766 1174 3819 »Memento
1213 3768 1382 3823 honio.
1421 3769 1545 3834 quia
1582 3766 1711 3817 cinis
1748 3781 1803 3816 es
1840 3769 1892 3815 ct
1927 3763 1977 3814 in
2015 3764 2237 3815 cinerem
2276 3761 2595 3814 reverteris«

505 3835 524 3865 ²
562 3835 658 3886 Bei
697 3835 866 3886 ciuem
902 3835 1140 3887 Besuchc
1179 3836 1387 3889 Gothus.
1461 3835 1554 3887 Als
1591 3834 1806 3887 Georius
1841 3832 2086 3900 Borgardi
2126 3832 2189 3882 (10
2226 3830 2399 3897 Spal‘tz
2435 3830 2660 3881 immatr.

431 3901 542 3954 Ost.
584 3904 716 3956 1498
751 3904 802 3954 in
841 3904 943 3956 Erf.
984 3906 1072 3970 (W
1088 3906 1361 3958 cissenb.
1400 3905 1468 3970 11,
1507 3904 1645 3971 204),
1684 3903 1759 3956 als
1798 3903 2013 3953 Georius
2049 3900 2412 3972 Borckhardus
2433 3901 2496 3951 (10
2517 3898 2683 3965 Spalt.

427 3969 538 4023 Ost.
598 3973 723 4025 1501
781 3973 834 4024 in
887 3974 1214 4042 Wittenberg
1269 3975 1747 4042 (Forstemann.
1793 3971 1945 4023 Witt.
1996 3969 2109 4021 Alb.
2159 3969 2297 4034 Lips.
2339 3967 2465 4019 1841
2505 3985 2551 4033 p.
2590 3970 2660 4033 ὃ).

425 4037 742 4093 Befreundet
795 4042 892 4095 mit
945 4043 1144 4095 Mutian
1201 4045 1362 4096 sehon
1409 4044 1533 4095 Dcz.
1584 4043 1717 4095 1504
1753 4040 1875 4107 (ng.
1914 4039 1999 4090 ΒΓ·
2039 4039 2176 4103 559),
2233 4036 2432 4088 damalS
2487 4037 2661 4104 Haus-

424 4105 599 4160 lehrer
633 4109 687 4162 in
723 4111 911 4164 Erfurt.
984 4113 1060 4164 1111
1100 4112 1238 4179 Sept.
1293 4116 1422 4165 1505
1471 4112 1649 4163 wurdo
1686 4127 1741 4161 01·
1776 4109 1971 4160 Lehrer
2004 4107 2058 4157 111
2094 4106 2449 4173 Georgenthal.
2518 4105 2664 4158 Uber

425 4175 593 4243 Georg
627 4179 857 4245 Spalatin
909 4181 1222 4248 (Burlzhard)
1261 4182 1362 4248 vgl.
1403 4179 1739 4246 Schlegol,
1788 4177 1913 4228 Vita
1948 4175 2083 4242 Spal.
2121 4175 2233 4225 Jen.
2276 4175 2420 4250 169ὲᾷ.
2492 4174 2661 4226 Neu-

423 4243 661 4298 decker
696 4251 802 4301 und
836 4250 1124 4304 Preller.
1165 4253 1220 4303 G.
1245 4250 1504 4318 Spalatins
1539 4247 1880 4299 historischor
1905 4243 2162 4297 Nachlass
2186 4243 2289 4294 und
2316 4243 2493 4297 Briofe.
2531 4244 2664 4294 Jena

425 4311 570 4366 1851.
644 4316 1001 4384 Seclheini,
1041 4321 1097 4372 G.
1136 4321 1220 4386 Sp.
1260 4321 1336 4372 als
1373 4320 1538 4372 siichs
1584 4314 1990 4381 Historiograph.
2065 4311 2217 4363 Halle
2256 4311 2400 4363 1876.
2521 4313 2540 4342 ³
2573 4311 2659 4363 Ps.

425 4381 539 4448 139,
593 4383 671 4440 16.
814 4389 834 4418 ⁴
871 4389 984 4440 Den
1031 4389 1463 4442 verstiimmelten
1516 4387 1852 4454 Zeigefinger.
1998 4384 2019 4413 ⁵
2052 4380 2177 4436 Luc.
2214 4381 2262 4446 4,
2300 4379 2379 4433 32.
2521 4381 2543 4414 θ
2575 4379 2660 4433 Ps.

419 4450 502 4516 51,
541 4451 619 4507 19.
763 4457 783 4489 ⁷
816 4456 902 4512 Ps.
945 4458 1058 4525 150,
1095 4459 1141 4512 6.
