3084 4895
469 376 596 443 298
1295 375 1472 431 Exiere
1507 374 1603 429 des
1639 376 1687 431 J.
1732 377 1874 433 1513.

474 554 538 611 et
600 547 870 625 domine,
941 547 1215 631 petimus
1271 552 1346 612 ut
1398 546 1563 612 Jano
1632 550 2010 615 sarcinulam
2080 551 2344 617 mittas.¹
2434 553 2731 616 Locutus

471 656 608 697 sum
657 656 798 697 cum
868 632 1175 698 Duronio²
1242 636 1399 699 satis
1458 642 1829 719 opportune.
1924 637 2027 701 Vir
2088 644 2188 701 est
2246 639 2541 722 optimuS‚
2602 640 2725 703 sed

473 718 727 791 stult-us,
776 719 836 783 id
885 723 982 784 est
1025 720 1354 803 imperitus
1399 720 1678 804 vulgaris
1742 721 2135 787 vah-amenti.
2226 725 2484 789 Gaudeo
2532 728 2598 788 et
2640 730 2727 789 tu

475 805 780 887 gaudebis
825 826 923 869 me
968 805 1162 869 fuisse
1231 806 1635 871 collocutum.
1724 806 1955 873 Postea
2018 811 2288 874 narrabo
2334 812 2420 874 rei
2467 811 2721 873 seriem.

477 893 693 955 Servet
738 895 800 955 te
846 892 1305 974 primogenitus
1367 914 1445 955 ex
1506 894 1792 971 mortuis,
1862 895 2177 975 primitiae
2246 896 2724 972 dormientium,

475 983 694 1041 auctor
739 977 939 1044 nostri
987 978 1319 1060 dogma-tiS,
1364 979 1472 1061 qui
1503 980 1887 1059 resurgendo
1920 982 2114 1045 vitam
2148 982 2333 1046 nobis
2363 980 2723 1064 patefecit,³

473 1085 856 1147 quamquam
924 1063 1004 1127 ab
1071 1064 1374 1128 Hebraeis
1439 1065 1752 1129 diceretur
1816 1066 2188 1131 malefactor
2254 1072 2319 1132 et
2376 1069 2602 1151 planus
2648 1074 2725 1133 et

473 1150 647 1214 rudis
721 1149 887 1213 fabri
956 1150 1124 1213 filius
1191 1155 1256 1214 et
1321 1150 1657 1215 Belzebob.
1766 1152 1967 1216 Nobis
2039 1157 2138 1217 est
2209 1155 2520 1237 sapientia
2594 1154 2719 1218 dei.

477 1235 760 1313 Valeant,
791 1237 898 1319 qui
934 1237 1227 1301 nesciunt
1257 1237 1594 1318 allegoriae
1626 1237 1915 1302 nubilum
1946 1262 2165 1303 serena
2196 1241 2723 1323 interpretatione

476 1321 790 1387 discutere
835 1327 898 1387 et
942 1324 1023 1387 ob
1069 1322 1132 1387 id
1179 1345 1286 1404 per
1329 1323 1577 1389 trabem
1621 1346 1797 1389 suam
1844 1324 2151 1389 festucam
2212 1349 2415 1391 meam
2474 1328 2721 1406 vident,

472 1408 642 1472 velut
685 1407 937 1475 subdoli
980 1408 1293 1473 Lotiani.⁴
1381 1408 1475 1476 Tu
1520 1412 1755 1488 autem,
1802 1410 2073 1489 domine,
2124 1412 2283 1476 bene
2328 1413 2554 1477 valeas

775 1509 896 1563 Ood.
932 1509 1066 1566 Frcf.
1105 1510 1219 1565 270.

468 1734 759 1806 Augsbusg.
1517 1717 1659 1785 242.
2298 1738 2375 1791 19.
2416 1737 2525 1791 Mai
2566 1739 2717 1792 1513.

1049 1845 1635 1936 chrysostomus
1680 1869 1776 1918 an
1820 1847 2129 1918 Mutian.

467 1974 599 2039 (Hac
636 1973 882 2027 Benedilct
915 1975 1166 2042 Rufinus,
1217 1974 1462 2029 Matiane
1499 1976 1725 2044 frichem
1759 1977 1967 2041 Dzkmer,
2004 1978 2114 2046 auf
2137 1978 2310 2031 ciuem
2356 1979 2723 2047 Rheinschiffe

466 2044 664 2101 konnen
705 2044 912 2110 yelernt,
960 2045 1103 2099 seina
1148 2044 1411 2098 Kenntnis
1456 2047 1547 2099 des
1594 2046 1789 2099 Latein
1834 2046 2124 2101 bewundert
2158 2048 2273 2101 und
2306 2049 2403 2101 ilm
2440 2048 2504 2103 in
2538 2049 2723 2103 seinen

691 2113 878 2169 Dienst
905 2130 1230 2183 yenommen.
1301 2114 1593 2185 Empfiehlt
1626 2116 1742 2169 sich
1776 2115 2022 2170 Matiane
2055 2116 2479 2185 Wmndschaft.)

709 2230 1182 2291 chrysostomus
1217 2231 1503 2283 mutiano
1541 2244 1652 2283 suo
1690 2231 1954 2283 salutem
1990 2235 2052 2284 et
2086 2232 2247 2283 bene
2284 2246 2487 2295 agere.

669 2341 968 2421 Haesisti,
1017 2346 1090 2407 ut
1118 2355 1147 2384 ⁸
1192 2342 1432 2424 opinor,
1493 2343 1561 2406 in
1608 2344 1746 2426 ipso
1805 2344 2021 2407 statim
2081 2344 2405 2409 literarum
2473 2343 2723 2421 limine,

469 2428 617 2494 dum
662 2432 870 2494 tecum
922 2429 1133 2496 animo
1179 2429 1407 2510 agitaS‚
1455 2430 1748 2512 quisnam
1797 2430 1881 2494 sit
1927 2431 2047 2495 iste
2088 2435 2292 2495 terrae
2348 2430 2538 2506 filius,
2604 2432 2718 2515 qui

470 2515 590 2580 tibi
621 2515 877 2580 omnino
910 2516 1170 2598 ignotus
1201 2537 1345 2580 cum
1377 2517 1479 2594 sit,
1512 2521 1577 2580 te
1607 2521 1823 2580 tamen
1856 2539 2039 2581 suum
2072 2518 2369 2602 appellat,
2401 2521 2715 2599 tanquam

470 2623 580 2684 per
638 2624 840 2666 assem
899 2606 964 2666 et
1017 2603 1237 2667 libram
1309 2603 1548 2665 emerit.
1641 2601 1710 2666 Si
1756 2603 1874 2666 tibi
1936 2608 2188 2668 tantum
2235 2628 2272 2668 a
2316 2604 2737 2689 philosophia,

469 2693 535 2752 et
593 2688 919 2772 pontificio
979 2688 1119 2770 jure
1179 2694 1290 2752 tuo
1335 2693 1435 2752 est
1477 2687 1613 2766 otii,
1676 2689 1833 2753 haec
1875 2693 1948 2752 ut
2002 2691 2305 2774 perlegaS,
2374 2712 2721 2772 cognosces

470 2775 552 2839 ab
613 2775 796 2839 initio
866 2775 1102 2838 omnia:
1167 2775 1312 2857 quis
1372 2775 1510 2852 sim,
1576 2796 1702 2855 qua
1761 2775 1993 2839 fiducia
2038 2777 2116 2840 ad
2163 2785 2227 2840 te
2272 2777 2363 2840 sic
2423 2777 2721 2851 scribam,

474 2861 625 2942 quid
673 2861 924 2924 demum
963 2861 1079 2924 abs
1122 2865 1188 2924 te
1234 2864 1465 2942 petam.
1556 2861 1759 2924 Italus
1790 2883 1906 2942 ego
1938 2884 2097 2941 sum,
2131 2885 2210 2926 ex
2244 2862 2663 2944 Neapolitana
2691 2863 2722 2902 ¹³

475 2948 786 3030 dynastia,
833 2951 1011 3010 ortus
1057 2969 1094 3009 a
1137 2947 1455 3027 Lucania3
1503 2946 2025 3028 Chrysostomum
2058 2953 2322 3026 vocant3
2370 2948 2559 3012 homo
2588 2948 2718 3030 jam

469 3034 943 3115 sexagenariuS,
993 3032 1227 3098 Christi
1261 3033 1456 3096 sacris
1489 3034 1784 3097 initiatus
1818 3038 1880 3097 et
1910 3034 2232 3098 literarum
2264 3035 2431 3098 haud
2466 3035 2720 3117 penitus
2834 3101 2839 3104 ,

473 3121 671 3200 rudis3
735 3119 1039 3184 Isabellae
1101 3119 1509 3200 Arragoniae,
1571 3118 1723 3184 olim
1784 3119 2353 3185 Mediolanensium
2424 3121 2717 3204 principi,

473 3207 812 3289 ingenuam
879 3207 1248 3269 servitutem
1310 3206 1533 3268 servio,
1625 3205 1831 3288 Hujus
1869 3205 2052 3288 jussu
2098 3209 2244 3273 dum
2291 3230 2392 3270 me
2436 3207 2513 3270 ad
2564 3206 2720 3270 Cae-

471 3316 672 3358 sarem
735 3292 988 3356 confero
1049 3292 1355 3375 superiori
1412 3291 1703 3375 Augusto
1768 3315 1981 3356 mense
2026 3315 2099 3356 ac
2144 3317 2177 3357 e
2224 3294 2608 3375 Moguntia⁰
2654 3294 2720 3358 in

471 3378 797 3444 Coloniam
844 3378 1124 3442 secundo
1174 3376 1396 3442 Rheno
1444 3378 1735 3453 devehor,
1786 3377 1947 3442 forte
1992 3380 2084 3442 sic
2128 3379 2357 3443 accidit
2392 3384 2463 3443 ut
2496 3378 2713 3443 eadem

473 3467 620 3530 navi
669 3465 1040 3528 adolescens
1081 3465 1336 3545 quidam
1387 3464 1758 3539 Germanus,
1808 3464 2191 3529 Benedictus
2237 3466 2508 3540 nomine,
2566 3465 2717 3529 sub-

474 3552 644 3616 latus
677 3555 858 3616 esset.
935 3551 1013 3623 Is,
1058 3551 1206 3613 dum
1251 3551 1332 3613 ad
1378 3551 1559 3613 navis
1604 3549 1773 3613 foros
1800 3551 1831 3589 d
1874 3551 2063 3614 otiosi
2116 3551 2485 3630 assidemuS,
2521 3550 2722 3616 latino

473 3661 719 3703 mecum
768 3659 1054 3701 sermone
1113 3637 1534 3718 congreditur.
1628 3635 1996 3699 Germanice
2026 3649 2050 3676 0
2094 3639 2258 3700 enim
2308 3658 2424 3718 ego
2470 3639 2725 3719 penitus

396 3795 400 3800 ,
474 3725 1074 3806 inscius‘tanquam
1138 3728 1354 3785 mutus
1398 3722 1476 3785 ad
1524 3721 1829 3803 angulum
1890 3723 2204 3802 quendam
2270 3745 2720 3786 concesseram.

475 3811 624 3873 Visa
671 3813 767 3874 est
813 3811 968 3872 mihi
1022 3808 1442 3873 adolescentis
1503 3809 1775 3872 elocutio
1837 3829 1947 3889 pro
1993 3812 2201 3873 aetate
2257 3831 2331 3872 ac
2386 3831 2497 3890 pro
2554 3831 2726 3872 com-

477 3898 653 3961 muni
700 3895 1156 3959 Germanorum
1203 3916 1322 3958 usu
1367 3895 1765 3972 tersiuscula,
1822 3915 2041 3975 parum
2099 3894 2331 3958 habere
2400 3893 2728 3958 Germani-

573 4171 582 4179 ·
607 4117 635 4144 a
661 4103 736 4168 ut,
771 4118 872 4154 von
905 4099 1163 4178 der-selben
1212 4099 1378 4209 Ham}
1409 4099 1873 4166 iiberyeschrieben,
1927 4099 2053 4166 fehlt
2086 4099 2168 4178 ⁶⁶?
2202 4100 2349 4152 Teum.
2490 4103 2519 4140 b
2579 4099 2722 4154 Neo-

478 4170 782 4293 POlltffnssas
817 4171 1218 4294 Rginhggffiti'ieii·
1254 4237 1338 4289 die
1373 4167 2207 4315 {giglsiwqgigyiax'zwisdhgtirgcitili}
2228 4237 2337 4288 und
2371 4237 2562 4289 Erfurt.
2603 4237 2724 4305 Vgl.

475 4310 560 4363 ΒΥ.
599 4326 651 4362 V.
689 4311 735 4363 5.
777 4309 882 4361 Mai
940 4309 1074 4360 1514
1126 4307 1270 4376 (Cod.
1311 4307 1445 4373 156).
1515 4306 1663 4359 Uber
1714 4307 1879 4358 Janus
1930 4306 2159 4358 Urbicus
2214 4305 2263 4359 S.
2304 4304 2403 4357 289
2438 4309 2500 4357 A.
2542 4308 2586 4360 1.

475 4381 495 4411 2
529 4379 636 4430 Der
671 4379 792 4430 Abt.
831 4377 881 4431 S.
923 4376 1021 4430 108
1059 4378 1118 4430 A.
1163 4377 1207 4432 1.
1257 4375 1460 4428 Mutian
1495 4375 1725 4442 empfahl
1759 4375 1953 4441 Urbem,
1990 4375 2091 4428 wie
2127 4376 2217 4428 oft.
2256 4374 2372 4442 Vgl.
2409 4391 2519 4427 vor.
2560 4374 2645 4430 ΒΥ.

469 4449 494 4483 »3
529 4446 741 4516 Spricht
775 4447 862 4499 fiir
898 4445 1087 4500 Ostern
1124 4444 1226 4513 (27.
1263 4442 1427 4512 Marz)
1464 4443 1542 4497 als
1577 4443 2020 4512 Absassungszeit.
2162 4444 2182 4476 4
2216 4442 2267 4496 S.
2305 4443 2372 4497 98
2407 4445 2468 4497 A.
2506 4444 2552 4496 3.
