3084 4895
1155 493 1160 500 -
1208 455 1419 510 Mutian
1453 473 1522 510 an
1561 456 1765 512 Urban.
2476 457 2601 524 373

359 629 646 709 facerem,
710 631 878 712 quod
942 635 1040 695 est
1098 630 1524 709 manifestum,
1591 631 1817 712 quanti
1881 630 1964 694 sit
2010 653 2085 694 ac
2129 650 2375 713 semper
2426 629 2617 695 fuerit

360 737 624 797 esseque
670 716 900 781 debeat
944 718 1040 781 tui
1087 717 1254 799 apud
1303 739 1401 781 me
1447 717 1825 794 reverentia,
1887 720 2169 798 quantus
2230 716 2379 780 item
2436 739 2614 781 meus

357 823 506 883 erga
559 806 626 866 te
669 824 865 866 amor.
960 805 1344 868 Auctoritati
1415 809 1584 867 certe
1653 807 1718 867 et
1784 803 2078 868 solertiae
2144 807 2293 867 tuae
2364 807 2613 867 tantum

357 889 593 965 tribuo,
638 893 714 952 ut
761 911 798 952 a
845 890 1110 954 consilio
1155 895 1268 954 tuo
1316 890 1655 953 dissentire
1702 891 1885 971 quasi
1934 889 2111 952 nefas
2144 911 2281 953 esse
2312 910 2621 954 censeam.

360 973 486 1038 Sed
531 974 654 1039 hoc
715 997 909 1039 unum
971 999 1097 1040 non
1161 998 1421 1058 possum
1480 976 1602 1040 tibi
1664 998 1789 1040 non
1859 977 2211 1049 ostendere,
2280 997 2467 1057 quam
2538 976 2623 1039 sit

329 1060 638 1148 §alienum
687 1083 725 1126 a
774 1063 1122 1127 commodis
1182 1062 1439 1137 nostrie,
1497 1062 1666 1144 quod
1723 1062 2103 1126 Ditmarum¹
2164 1066 2265 1126 tot
2316 1062 2621 1144 competi-

356 1146 604 1211 toribus
667 1149 1056 1230 praetuleris,
1168 1149 1329 1213 Huic
1391 1147 1492 1229 (de
1552 1148 1835 1213 moribus
1901 1149 2061 1212 nihil
2128 1146 2395 1229 dicam),
2472 1147 2621 1212 huic

360 1234 624 1314 inquam
692 1235 949 1298 turbido
1015 1235 1257 1299 homini
1324 1234 1791 1299 habitationem
1857 1234 1921 1297 in
1984 1235 2170 1298 domo
2228 1257 2371 1299 mea
2430 1235 2619 1316 quin-

359 1320 640 1400 quennio
687 1321 1012 1385 collocasti
1057 1321 1306 1402 adjecta
1353 1321 1744 1400 conditione,
1790 1324 1864 1384 ut
1908 1320 2025 1384 XX
2070 1342 2294 1385 aureos
2328 1341 2618 1386 nummos

359 1406 626 1470 diversis
686 1407 1079 1490 temporibus
1139 1408 1206 1471 in
1262 1408 1682 1472 necessariam
1756 1407 1980 1471 domus
2033 1407 2435 1471 refectionem
2499 1406 2615 1471 im-

358 1492 616 1576 pendat,
693 1494 993 1557 nutantia
1068 1493 1317 1571 fulciat,
1389 1495 1688 1558 restituat
1766 1493 2150 1558 collabentia
2224 1497 2290 1558 et
2360 1493 2618 1558 omnino

359 1579 556 1643 faciat
603 1580 790 1644 aedes
836 1584 1043 1644 sartas
1104 1584 1325 1645 tectas.
1417 1580 1645 1666 Placet·
1701 1579 1822 1644 hoc
1890 1583 2143 1662 pactum
2216 1583 2615 1644 conventum.

361 1666 523 1730 Acta
612 1666 982 1747 comprobO.
1103 1665 1595 1731 Concordamus.
1714 1666 1951 1730 Eadem
2038 1689 2217 1730 mens
2291 1689 2430 1730 mea
2502 1671 2615 1730 est.

357 1751 833 1816 Perseverarem
884 1753 947 1815 in
996 1752 1119 1816 hoc
1162 1775 1320 1836 puro
1366 1753 1621 1836 placito,
1662 1753 1783 1816 nisi
1816 1752 2050 1815 vestita
2094 1758 2157 1816 et
2200 1752 2618 1816 intolerabilis

361 1838 643 1903 conditio
713 1840 1055 1904 accederet.
1167 1839 1327 1904 Nam
1397 1839 1700 1920 obligasti
1770 1861 1869 1902 me
1938 1840 2232 1903 cautione
2298 1838 2617 1921 chirogra-

356 1924 602 2009 pharia,
649 1930 743 2004 ut,
789 1927 844 1989 si
889 1925 1194 1990 alteruter
1239 1926 1402 1990 diem
1451 1948 1635 1989 suum
1682 1925 1891 1990 obiret
1920 1925 2090 1988 intra
2121 1926 2395 2009 spatium
2430 1925 2618 2008 quin-

357 2011 641 2095 quennii,
710 2016 1166 2076 testamentum
1237 2016 1302 2077 et
1369 2012 1790 2094 fidejussores,
1859 2012 1985 2075 imo
2051 2012 2617 2076 fideicommissarii

353 2103 729 2162 tenerentur
759 2099 1108 2182 superstiti.
1188 2099 1429 2164 Durum
1456 2099 1538 2162 id.
1621 2098 1837 2164 Officit
1870 2119 1943 2162 ea
1976 2099 2224 2162 cautela
2256 2103 2319 2163 et
2350 2099 2611 2162 mordet.

360 2183 429 2249 Si
482 2185 836 2267 inquilinus
881 2185 1035 2249 mihi
1085 2207 1210 2249 non
1261 2185 1478 2261 credit,
1542 2208 1652 2250 cur
1710 2207 1825 2267 ego
1872 2185 2097 2249 carebo
2157 2185 2615 2267 quinquennali

359 2271 840 2355 pensitatione?
927 2271 1154 2336 Melius
1219 2278 1284 2334 et
1352 2273 1603 2336 civilius
1675 2277 1860 2346 esset,
1925 2275 1996 2335 ut
2064 2271 2229 2335 bono
2290 2278 2355 2334 et
2412 2293 2615 2354 aequo

359 2362 706 2422 contentus
750 2358 1032 2422 futurum
1099 2359 1362 2422 arbitrio
1420 2360 1631 2440 gravis
1693 2358 1878 2422 amici
1933 2358 2395 2426 aestimandum
2464 2358 2613 2421 diri-

355 2445 791 2526 mendumque
823 2445 1228 2528 relinqueret.
1319 2445 1581 2522 Quaerit
1610 2444 2115 2522 satisdationem,
2148 2445 2397 2527 quaerit
2430 2444 2616 2508 vafri-

355 2532 505 2596 ties,
595 2530 773 2595 Misit
841 2534 1180 2597 notarium.
1289 2532 1431 2596 Non
1501 2532 1750 2597 admisi.
1855 2532 2039 2595 Haud
2108 2532 2297 2595 dubie
2364 2532 2483 2596 tibi
2551 2536 2615 2595 et

357 2618 517 2683 mihi
583 2619 1015 2701 impositurus.
1106 2618 1280 2682 Nihil
1339 2618 1641 2702 proficiet.
1733 2618 1896 2682 Audi
1966 2615 2500 2717 Sommeringum²
2548 2622 2614 2681 et

355 2704 650 2769 rescribe.
743 2705 1004 2769 Vicariis
1065 2706 1278 2788 potius
1333 2727 1517 2789 quam
1577 2704 1879 2769 nebuloni
1941 2704 2356 2787 acquiescam.
2446 2702 2609 2768 Nolo

357 2798 572 2855 tamen
651 2796 831 2855 tuum
889 2794 954 2855 in
1012 2791 1133 2856 hac
1197 2815 1262 2855 re
1341 2792 1674 2856 consilium
1742 2792 1973 2856 clausis
2026 2795 2112 2855 'ut
2170 2791 2353 2874 ajunt
2414 2787 2612 2856 oculis

357 2879 757 2961 pertransire.
849 2878 1016 2943 Vale.
1109 2878 1318 2943 Pridie
1363 2878 1493 2942 Gal.
1546 2877 1717 2960 Sept.
1766 2876 2053 2941 MDXIII.

665 2979 789 3034 Cod.
832 2979 963 3035 Frcf.
1007 2980 1121 3035 186.

360 3166 592 3238 (Gotha.)
1408 3153 1553 3217 302.
2066 3168 2136 3236 (n.
2175 3168 2221 3220 4.
2260 3168 2422 3237 Sept.)
2465 3169 2611 3222 1513.

1103 3279 1393 3350 Mutian
1437 3300 1533 3351 an
1576 3280 1855 3352 Urban.

359 3409 486 3475 (Die
518 3426 618 3461 von
651 3406 897 3463 Dietmar
929 3411 1187 3477 verlanyte
1240 3410 1501 3463 Garantie
1533 3409 1631 3476 fu'r
1662 3410 1763 3461 den
1801 3407 2058 3474 Todesfall
2088 3407 2233 3459 wei-st
2270 3406 2342 3457 Μ.
2381 3407 2464 3459 als
2498 3422 2613 3459 eme

499 3477 828 3546 unbequeme,
865 3494 974 3532 nur
1007 3496 1126 3532 vom
1160 3469 1490 3532 Misstrauen
1523 3477 1849 3546 einyeyebene
1891 3476 2199 3543 Forderuny
2235 3476 2439 3528 xuribck
2441 3478 2474 3542 .)

726 3592 980 3643 Urbano
1017 3594 1353 3654 carissime,
1390 3594 1526 3644 viro
1562 3582 1855 3654 primario
1891 3592 1979 3641 M.
2014 3588 2237 3641 Rufus.

574 3704 637 3769 S.
728 3705 937 3770 Pridie
997 3706 1215 3771 Nonas
1286 3704 1678 3823 Septembris
1743 3704 1917 3768 venit
1975 3704 2055 3767 ad
2114 3724 2213 3766 me
2271 3701 2501 3784 hospes
2548 3705 2613 3765 et

363 3790 720 3873 inquilinus
766 3796 980 3857 noster
1025 3792 1207 3857 Titus
1239 3788 1504 3857 Marius⁸
1537 3792 1792 3873 egitque
1824 3811 2067 3854 mecum
2104 3789 2180 3853 de
2213 3786 2611 3851 habitatione

359 3877 428 3940 in
478 3878 664 3943 domo
710 3900 868 3956 mea,
931 3900 1120 3960 quam
1166 3880 1289 3961 ipsi
1335 3877 1754 3943 collocaveras
1815 3877 1879 3939 in
1953 3874 2479 3973 quinquennium,
2540 3878 2611 3936 ut
2726 3930 2733 3945 ,

361 3964 732 4046 pensionem
784 3928 1321 4048 quinquennalem
1367 3967 1433 4029 in
1483 3968 1863 4027 structuram
1929 3961 2343 4026 necessariam
2400 3966 2608 4023 trans-

362 4050 554 4115 ferret
598 4051 716 4115 sub
763 4052 884 4115 hac
929 4052 1326 4116 conditione:
1374 4055 1448 4114 ut
1491 4050 1550 4112 X
1594 4071 1816 4113 aureos
1862 4049 2062 4131 primo
2108 4068 2275 4111 anno
2324 4050 2610 4128 erogaret

361 4158 439 4200 ac
486 4135 869 4202 collabentia
915 4138 1182 4218 fulcir,et
1231 4138 1477 4201 duobus
1522 4138 1707 4199 annis
1762 4135 2175 4218 sequentibus
2234 4131 2507 4214 reliquos
2552 4130 2609 4193 Χ

363 4376 570 4429 Mutian
623 4377 830 4430 scherzt
880 4378 1010 4432 oster
1062 4379 1193 4431 iiber
1239 4377 1322 4428 die
1357 4365 1715 4443 ilberti-&ung
1768 4375 1861 4426 der
1910 4370 2356 4439 Monchsgeliibde
2410 4368 2607 4421 seitens

364 4445 586 4501 Urbane.
646 4446 764 4513 VgL
801 4446 887 4500 Br.
929 4449 1028 4502 140
1062 4446 1294 4501 Schluss.
1351 4446 1466 4499 275.
1612 4446 1627 4476 ²
1661 4444 1768 4497 Der
1802 4442 2151 4495 Hausmieter.
2212 4438 2331 4509 Vgl
2369 4454 2480 4491 vor.
2518 4436 2604 4490 Br.

369 4515 388 4547 ²
422 4515 539 4584 Vgl.
576 4514 628 4571 S.
665 4516 767 4571 364
804 4518 862 4571 A.
901 4516 947 4571 2.
1088 4518 1110 4549 ³
1142 4515 1391 4569 Dietmar.
1464 4512 1581 4586 Vgl.
1620 4528 1728 4567 vor.
1766 4512 1852 4567 Br.
2277 4558 2283 4563 .
