3084 4895
467 393 549 458 '74
1210 391 1383 448 Briefe
1420 411 1517 447 von
1563 393 1914 451 1505—1508.

471 570 665 632 flandi
731 569 1174 653 clamandique
1239 576 1484 637 tumore
1546 574 1875 657 obstrepat
1919 575 1983 638 in
2031 579 2255 638 senatu
2302 574 2718 638 Caesareano.

472 656 816 718 Plurimum
848 668 875 696 ²
921 658 984 720 in
1035 680 1105 721 eo
1153 660 1320 722 valet
1360 663 1698 724 memoriae
1730 661 2019 738 firmitaS,
2057 662 2251 724 animi
2284 663 2482 744 vigor,
2532 683 2717 742 quem

475 766 589 806 nec
657 749 863 806 metus
935 744 1172 825 frangit
1241 768 1354 808 nec
1422 748 1851 810 acclamatiob
1912 752 2105 811 terret
2164 770 2278 810 nec
2324 748 2718 810 audientium

471 830 818 893 auctoritas
872 832 1168 894 retardat.
1285 832 1492 895 Habet
1551 834 1868 898 naturalia
1932 835 2369 897 instrumenta.
2424 833 2719 914 litigandi

471 921 537 979 et
579 937 695 979 usu
751 939 954 980 rerum
1005 917 1246 998 peritus
1277 918 1565 982 hahetur.
1658 919 1831 996 Quae
1878 920 2129 1002 quidem
2188 925 2439 984 tantum
2486 920 2717 996 valent,

477 1007 550 1066 ut
598 1002 956 1084 frequenter
1001 1005 1242 1085 ingenii
1289 1011 1352 1068 et
1399 1005 1734 1070 facundiae
1779 1006 2007 1070 famam
2050 1006 2338 1071 faciant.0
2418 1005 2717 1086 Magnum

472 1093 584 1166 est,
633 1091 777 1170 quis
824 1089 1124 1154 dubitat?
1195 1093 1572 1172 patrocinari
1624 1092 2021 1176 principibus
2084 1098 2147 1157 et
2206 1113 2484 1157 summos
2557 1093 2722 1157 viros

471 1176 702 1239 habere
748 1177 1024 1240 clientes.
1117 1176 1241 1241 Sed
1291 1178 1445 1242 haec
1491 1201 1631 1242 rara
1675 1178 1965 1246 felicitas.
2055 1179 2245 1244 Nullo
2286 1184 2497 1244 tamen
2536 1179 2721 1243 modo

473 1263 596 1325 dici
651 1267 861 1344 potest
921 1269 1147 1327 orator.
1243 1263 1615 1329 Causidicus
1661 1271 1757 1329 est
1803 1271 1867 1328 et
1910 1267 2297 1330 nummatior
2354 1267 2719 1329 advocatus.

474 1349 630 1412 Nam
664 1354 872 1412 orator
905 1355 1002 1412 est
1033 1351 1126 1414 vir
1157 1351 1364 1414 bonus
1399 1353 1649 1415 dicendi
1682 1353 1920 1433 peritus
1943 1354 1981 1416 :¹
2034 1354 2139 1434 qui
2174 1353 2341 1436 apud
2382 1352 2721 1416 historicos

471 1441 608 1500 tum
665 1440 944 1499 veterum
1009 1442 1138 1500 tum
1207 1459 1508 1501 novorum
1568 1439 1995 1519 exemplorum
2044 1439 2286 1521 copiam
2336 1439 2718 1512 observavit,

473 1523 582 1604 qui
630 1544 755 1585 non
804 1524 1004 1586 solum
1047 1523 1206 1604 juris
1253 1523 1580 1588 anfractus
1625 1530 1689 1588 et
1734 1527 2045 1592 eruendae
2102 1525 2389 1589 veritatis
2442 1523 2721 1588 latebras

481 1610 616 1672 adit
661 1614 726 1672 et
771 1609 910 1687 scit,
974 1610 1082 1672 ubi
1147 1610 1350 1674 litium
1417 1612 1604 1674 cardo
1657 1621 1961 1691 versetur,
2032 1613 2141 1674 sed
2210 1612 2399 1675 etiam
2472 1617 2716 1684 nat-ura,

471 1696 759 1759 doctrina
815 1701 877 1759 et
945 1697 1391 1778 experimentis
1451 1721 1523 1762 eo
1583 1699 1916 1779 dignitatis
1982 1699 2173 1775 venit,
2245 1705 2317 1761 ut
2390 1701 2716 1778 „senatum

473 1787 650 1864 regat
710 1783 990 1846 consiliis
1046 1788 1105 1846 et
1165 1784 1530 1866 popularem
1590 1807 1857 1848 errorem
1906 1806 2018 1866 pro
2064 1807 2179 1848 sua
2226 1785 2481 1848 solertia
2528 1785 2721 1847 ducat

477 1871 556 1932 ad
583 1867 930 1933 meliora.“²
967 1870 1104 1935 Non
1133 1877 1229 1933 est
1258 1871 1635 1952 negandum,
1671 1871 1822 1952 quin
1855 1871 2143 1936 umbram
2172 1875 2235 1933 et
2260 1871 2661 1933 simulacrum
2694 1870 2723 1910 ἃ

473 1957 742 2020 oratoris
811 1963 989 2037 gerat
1058 1957 1162 2020 ille
1225 1965 1432 2020 vester
1502 1959 1895 2034 Hortensius,
1965 1959 2086 2020 etsi
2156 1962 2399 2038 praeter
2468 1957 2720 2018 inanem

473 2043 924 2126 loquacitatem
974 2047 1037 2106 et
1091 2045 1420 2107 audaciam
1469 2049 1533 2108 et
1578 2044 1988 2110 ambitionem
2036 2066 2102 2107 re
2148 2066 2293 2106 vera
2338 2042 2495 2106 nihil
2545 2065 2722 2124 prae-

475 2131 710 2194 clarum
759 2131 822 2192 in
881 2131 1094 2193 eodem
1167 2131 1438 2195 invenio
1555 2130 1837 2194 Fortuna
1892 2135 1955 2194 et
2017 2129 2190 2212 vulgi
2249 2130 2463 2210 opinio
2523 2128 2724 2192 multa

477 2222 762 2300 possunt.
853 2217 972 2280 Sed
1027 2239 1168 2281 vera
1215 2217 1416 2299 gloria
1461 2217 1701 2281 radices
1734 2218 1888 2299 agit,
1936 2217 2189 2282 fortuna
2222 2217 2348 2280 cito
2380 2215 2721 2278 evanescit.

477 2304 870 2388 Quapropter
940 2326 1061 2366 non
1131 2305 1419 2402 captabis
1492 2309 1713 2367 ventos
1784 2303 2045 2368 retibus.
2166 2303 2533 2366 Praeferant
2601 2301 2720 2364 tibi

478 2392 660 2474 signa
699 2391 1228 2474 praestantissimi
1267 2391 1425 2473 juris
1471 2396 1791 2455 auctores:
1841 2389 2052 2457 Julius
2099 2388 2351 2463 Paulus,
2401 2389 2509 2472 qui
2556 2389 2721 2471 quod

477 2479 746 2560 plurima
771 2479 1040 2560 scripsit,
1065 2480 1274 2542 dictus
1299 2484 1394 2542 est
1419 2500 1641 2557 graece
1668 2478 2242 2561 polygraphoteros,
2260 2488 2282 2517 ⁰
2326 2482 2390 2539 et
2416 2476 2727 2539 Domitius

481 2566 806 2647 UlpianuS,
844 2565 865 2603 f
905 2565 999 2627 vir
1047 2566 1270 2643 bonuS,
1317 2572 1380 2627 et
1413 2565 1822 2646 Papinianus,
1865 2564 2025 2646 juris
2059 2564 2321 2646 asylum.
2381 2564 2669 2643 Namque
2698 2572 2727 2610 8

474 2652 538 2715 hi
583 2660 710 2715 tres
758 2651 942 2733 periti
981 2652 1141 2733 juris
1188 2650 1523 2732 coryphaei
1570 2656 1722 2715 sunt
1766 2651 2089 2737 appellati,
2140 2652 2198 2714 h.
2248 2674 2298 2712 e.
2348 2649 2728 2713 excellentes

475 2743 539 2802 et
583 2743 874 2803 tenentes
943 2740 1234 2801 verticem
1309 2739 1611 2801 scientiae
1680 2738 1917 2819 legalis,
2027 2738 2113 2800 De
2160 2737 2383 2800 ceteris
2434 2735 2726 2798 maximis

470 2825 940 2909 jurisconsultis
1005 2825 1276 2889 scribam
1338 2826 1415 2887 ad
1475 2831 1541 2887 te
1600 2824 1777 2901 aliaS‚
1850 2836 1920 2888 ut
1988 2825 2277 2905 exempla
2344 2843 2727 2904 proponam3

478 2915 594 2977 deo
635 2913 918 2995 juvante,
984 2912 1104 2975 nisi
1173 2912 1474 2995 proditor,
1541 2910 1873 2992 transfuga
1938 2916 2002 2973 et
2068 2910 2531 2994 praevaricator
2592 2930 2729 2971 esse

480 3000 770 3079 volueris,
817 2997 1083 3062 efficiam
1132 3004 1204 3061 ut
1248 2998 1571 3080 intelligas
1638 2998 1941 3080 optimam
2012 2996 2293 3060 discendi
2361 2996 2669 3059 rationem
2700 2995 2728 3033 b

477 3086 739 3151 latuisse
785 3108 974 3167 supra
1021 3084 1190 3148 mille
1235 3106 1436 3147 annos
1482 3089 1547 3147 et
1593 3106 1665 3147 eo
1710 3084 2003 3165 amplius
2098 3082 2374 3165 Concipe
2430 3081 2726 3145 fiduciam

475 3175 711 3238 omissa
759 3172 1152 3236 verecundia.
1243 3170 1502 3234 Brevior
1550 3175 1647 3233 est
1678 3176 1738 3233 et
1771 3170 2097 3234 amoenior
2127 3170 2249 3246 via,
2280 3190 2471 3250 quam
2507 3167 2727 3231 credis.

477 3259 864 3323 Verecundia
908 3257 1153 3321 reducit
1199 3258 1567 3338 plerumque
1611 3257 1893 3319 animum
1944 3257 2023 3339 ah
2058 3256 2175 3332 his,
2228 3278 2390 3338 quae
2443 3253 2731 3317 facienda

479 3352 650 3412 sunt.
700 3346 850 3409 Inde
885 3345 1171 3409 confusio
1205 3349 1268 3407 et
1301 3345 1508 3425 coepti
1542 3342 1936 3425 poenitentia
1968 3348 2031 3405 et
2055 3340 2271 3406 subita
2296 3340 2666 3423 desperatio.
2702 3341 2730 3379 b

479 3435 676 3497 Recta
753 3432 1010 3513 ingenia
1079 3430 1372 3495 debilitat
1432 3434 1496 3493 et
1563 3430 1691 3493 situ
1763 3429 2035 3510 quodam
2102 3429 2323 3491 secreti
2392 3425 2726 3491 consumit.

478 3522 734 3603 Optima
794 3516 894 3581 est
943 3522 1153 3580 autem
1221 3516 1579 3580 emendatio
1608 3517 1636 3556 b
1692 3516 2104 3579 verecundiae
2150 3515 2381 3578 fiducia
2427 3519 2491 3575 et
2534 3512 2731 3575 animi

480 3607 928 3690 praestantiab
994 3611 1057 3667 et
1125 3626 1356 3685 magna
1420 3602 1827 3677 conscientia,
1896 3624 2087 3682 quam
2152 3624 2357 3684 neque
2417 3599 2733 3682 cupiditas

479 3694 844 3775 corrumpit,
905 3692 1116 3773 gratia
1160 3690 1407 3766 avertit,
1477 3694 1685 3752 metus
1732 3689 1970 3771 frangit
2016 3708 2219 3767 neque
2262 3686 2588 3769 persuasio
2634 3684 2731 3748 in-

480 3781 644 3843 finiti
685 3780 845 3862 juris
890 3778 1188 3841 infirmat.
1293 3776 1453 3839 Nam
1495 3776 1601 3858 jus
1654 3776 2081 3838 Romanorum
2130 3778 2193 3837 et
2238 3772 2633 3857 pontificium
2680 3770 2736 3833 si

482 3889 670 3931 nosse
719 3865 907 3942 voleS,
955 3886 1082 3927 non
1131 3863 1387 3943 ingenio
1434 3863 1540 3925 sed
1590 3862 1859 3925 lect-ione.
1904 3866 2155 3924 tantum
2203 3882 2362 3941 opus
2428 3863 2541 3936 est,
2609 3878 2737 3937 qua

484 3953 700 4017 nihilh
768 3956 865 4014 est
935 3952 998 4014 in
1047 3950 1278 4012 studiis
1345 3950 1553 4012 minus
1614 3948 2017 4011 laboriosum.
2128 3946 2498 4029 Explicatur
2568 3942 2736 4005 euim

482 4039 808 4121 responsis
830 4036 1262 4101 consultorum
1291 4036 1488 4098 autin
1518 4035 1847 4097 verborum
1874 4034 2427 4114 interpretationeb
2456 4030 2735 4115 positum

627 4275 653 4302 a
680 4259 911 4312 Plurimi
949 4258 1096 4311 Τεηκ.
1169 4263 1197 4300 b
1226 4258 1273 4309 ci
1309 4260 1372 4310 st.
1409 4256 1463 4307 ti.
1539 4271 1563 4297 0
1591 4254 1749 4307 faciat
1787 4254 1931 4332 Tana.
2016 4256 2045 4294 <1
2072 4252 2466 4305 simulachrum.
2542 4266 2577 4329 ‘e
2605 4249 2735 4317 poli-

493 4331 849 4406 graphoteros·
884 4397 893 4406 Ι
937 4332 958 4369 f
981 4327 1292 4395 Vulpianus.
1377 4338 1406 4376 8
1433 4340 1654 4392 nanque.
1740 4328 1771 4365 h
1799 4323 1931 4402 nihil
1966 4339 2059 4374 am
2093 4321 2277 4374 Raude
2310 4321 2435 4388 fehlt
2470 4320 2551 4372 bez
2588 4318 2735 4397 Tem..

479 4468 604 4535 XII,
627 4398 962 4535 11P32n1non
1015 4398 1168 4452 Catos
1223 4396 1331 4449 und
1387 4394 1617 4447 darnach
1671 4392 1984 4458 Qumtrhans
2036 4390 2161 4459 ΧΠ,
2201 4393 2247 4458 1,
2286 4392 2328 4446 1.
2506 4391 2526 4421 ²
2562 4388 2737 4453 Quint.
