3084 4895
459 391 590 459 534
1299 387 1478 443 Briefe
1512 387 1607 443 des
1640 386 1691 443 J.
1730 387 1879 443 1515.

455 562 668 629 homo,
755 561 988 637 HabeS‚
1022 558 1408 642 amplissime
1440 561 1619 640 pater
1650 559 1717 621 et
1750 557 2003 621 domine
2034 560 2269 637 noster,
2302 579 2729 641 papyraceum

455 648 830 725 Eobanum3
875 645 928 709 si
975 664 1191 709 verum
1241 644 1523 726 aspicere
1567 646 1632 705 et
1676 642 1895 707 audire
1942 643 2233 720 volueris,
2281 664 2410 707 non
2458 644 2729 709 errabis.

460 732 666 814 Major
715 736 814 795 est
857 731 1034 794 omni
1078 728 1338 795 laudum
1389 728 1725 809 praeconio
1759 734 1823 791 et
1856 728 2287 809 dignissimus,
2322 751 2507 811 quem
2540 734 2727 795 tuum

453 819 683 897 facias3
758 816 1076 899 meliorem
1141 818 1294 879 tuae
1360 813 1600 895 gloriae
1666 818 2173 895 propagatorem,
2242 814 2335 877 ita
2402 838 2503 879 me
2566 816 2729 897 deus

459 907 658 981 amet,
700 923 1026 982 nunquam
1073 900 1312 963 inveni.
1401 898 1571 971 Vale,
1606 901 1892 963 nostrum
1924 899 2329 980 praesidium,
2359 911 2387 940 ⁸
2431 901 2729 984 princeps

461 994 530 1055 et
572 989 800 1069 legate.
891 986 987 1049 Ex
1033 985 1236 1049 Beata
1298 982 1791 1065 Tranquillitate
1856 987 2093 1049 nostra.
2186 983 2370 1049 Anno
2436 990 2727 1051 recenta-

456 1075 618 1140 toris
662 1070 900 1137 Christi
944 1068 1198 1135 MDXV.

769 1170 893 1225 Cod.
929 1169 1062 1223 Frcf.
1097 1168 1216 1223 463.

459 1337 693 1411 (soffia.)
1504 1318 1654 1383 469.
2255 1335 2338 1389 29.
2376 1336 2531 1391 Man.
2572 1339 2728 1393 1515.

1130 1443 1421 1515 Mutian
1464 1463 1565 1513 an
1607 1443 2049 1514 Hartmann.

616 1572 990 1644 (Wiederlwlte
1025 1572 1382 1641 Empfehluny
1417 1570 1633 1625 Eobans
1668 1588 1743 1625 κα
1776 1571 1923 1627 einer
1956 1571 2211 1639 Erfurter
2243 1572 2567 1641 Professum.)

654 1682 1012 1739 mecenati
1043 1688 1372 1746 poetarum
1405 1684 1802 1737 Hartmanno
1834 1686 2108 1747 principi
2142 1688 2532 1738 serenissimo

1422 1770 1512 1820 M.
1549 1769 1773 1821 Ruma-

669 1881 1088 1947 Sacrosancte
1133 1880 1484 1957 Maecenas,
1556 1880 1771 1944 salvus
1816 1881 1922 1944 siS.
2016 1882 2227 1946 Habes
2292 1882 2360 1946 in
2430 1882 2730 1954 clientela

467 1970 816 2034 maximum
864 1965 1169 2049 poetam.¹
1261 1966 1426 2030 Huic
1456 1966 1697 2049 faveaS,
1728 1966 1899 2030 hunc
1927 1969 2109 2031 tuum
2142 1966 2474 2049 Virgilium
2508 1969 2725 2034 dicito.

465 2054 744 2119 Tantum
819 2050 1217 2116 Hartmanno
1292 2052 1648 2134 praestabit
1732 2052 2055 2129 EobanuS,
2144 2058 2455 2135 quantum
2546 2052 2730 2119 Maro

464 2139 822 2204 Maecenati
865 2159 982 2201 suo
1027 2136 1353 2220 praestitit
1383 2136 1443 2200 h.
1492 2160 1544 2200 e.
1592 2136 2164 2201 immortalitatem.
2254 2138 2447 2205 Deest
2478 2138 2729 2205 homini

465 2224 854 2308 stipendium
901 2227 1180 2287 senatus
1273 2221 1633 2306 Sophistae,
1682 2223 1794 2305 qui
1841 2221 2033 2287 talem
2081 2244 2457 2305 praeconem
2488 2247 2729 2308 magno

381 2364 392 2374 .
462 2332 668 2376 emere
736 2308 1058 2385 deberent,
1105 2308 1280 2372 nullo
1325 2308 1640 2371 hactenus
1707 2308 1939 2372 salario
2006 2308 2254 2391 dignati
2317 2316 2487 2374 sunt.
2582 2310 2732 2375 Per-

463 2396 731 2463 suadeat
804 2398 919 2461 tua
993 2393 1250 2460 claritas
1317 2394 1643 2476 magistris
1714 2398 1777 2458 et
1843 2395 2267 2475 senatoribuS‚
2333 2400 2405 2460 ut
2471 2418 2731 2462 annona

463 2483 818 2548 sublevent.
911 2479 1073 2544 Nam
1139 2481 1264 2543 nisi
1326 2481 1514 2544 uxori
1571 2479 1858 2562 jugoque
1922 2481 2196 2560 maritali
2264 2483 2547 2561 serviret,
2614 2488 2731 2548 tua

464 2567 682 2652 procul
750 2565 946 2630 dubio
1019 2565 1458 2630 munificentia
1525 2564 1911 2628 cardinalem
1980 2569 2220 2631 crearet
2264 2573 2328 2633 et
2374 2566 2568 2632 Croto
2614 2568 2729 2632 ad-

459 2655 774 2738 jungeret.
867 2650 1031 2728 Quid
1064 2652 1264 2733 plura,
1297 2650 1665 2715 doctissime
1710 2651 2052 2734 princeps?
2140 2650 2478 2717 Eobanum
2521 2655 2729 2718 retine

467 2743 533 2804 et
576 2737 1007 2802 valetudinem
1055 2759 1222 2814 cura,
1257 2757 1383 2801 non
1417 2741 1640 2800 tamen
1685 2735 2178 2820 Hieronymiano
2224 2738 2521 2818 remedio,
2555 2739 2729 2822 quod

464 2825 735 2889 relatum
800 2827 899 2886 est
943 2823 1007 2886 in
1072 2823 1356 2887 Decretis
1425 2821 1933 2905 pontificalibus:
2010 2821 2345 2906 „Legimus
2411 2825 2726 2908 quosdam

465 2910 692 2975 morbo
738 2907 1065 2972 articulari
1110 2914 1174 2972 et
1218 2908 1532 2990 podagrae
1579 2907 1953 2972 humoribus
1998 2907 2363 2973 laborantes
2406 2911 2727 2994 proscrip-

463 2996 642 3060 tione
717 2993 1062 3059 bonorum·
1106 2994 1188 3057 ad
1262 2994 1609 3075 simplicem
1686 3015 1971 3056 mensam
2043 2999 2106 3056 et
2170 3015 2481 3078 pauperes
2550 2995 2727 3060 cibos

464 3080 757 3145 redactos
831 3077 1328 3143 convaluisse.“²
1439 3075 1715 3159 Scripsit
1788 3078 1944 3142 haec
2016 3082 2239 3143 contra
2310 3081 2725 3145 Jovinianum

469 3167 892 3248 Hieronymus
937 3185 1072 3246 cap.
1120 3163 1471 3242 XXXVIII,
1507 3163 1618 3227 sed
1662 3163 1833 3227 Julio
1879 3163 2166 3247 pontifici
2202 3187 2328 3229 non
2362 3165 2722 3248 placebant,

470 3255 694 3335 utpote
739 3250 852 3331 qui
895 3249 1271 3314 temulentia.
1316 3250 1627 3313 continua
1672 3248 1901 3331 pedum
1950 3249 2196 3314 dolores
2240 3251 2335 3316 ita
2378 3252 2721 3334 superavit,

467 3341 542 3401 ut
586 3358 714 3401 non
761 3336 1042 3400 sentiret.
1134 3334 1303 3398 Vale.
1391 3333 1526 3398 IIII.
1576 3333 1715 3397 Kal.
1762 3333 1910 3416 Apr.
1959 3333 2209 3398 MDXV.

775 3434 899 3490 Cod.
935 3433 1069 3488 Frcf.
1106 3435 1224 3490 464.

468 3605 702 3675 (eotha.)
1517 3589 1664 3653 470.
2085 3583 2091 3588 ’
2132 3605 2155 3612 ’
2214 3605 2295 3661 29.
2332 3605 2485 3660 Mart.
2524 3605 2721 3676 (1515).

1133 3714 1423 3784 Mutian
1467 3733 1567 3784 an
1610 3713 2049 3784 Hartmann.

469 3841 771 3908 (Frmnmer
835 3841 1067 3896 Wunsch
1109 3843 1206 3910 fiir
1250 3845 1348 3897 das
1401 3843 1654 3910 Gelinyen
1694 3843 1786 3895 der
1832 3842 2321 3896 Rvkdensmission
2371 3842 2725 3896 Hartmanns.

466 3909 610 3963 Bitte
641 3927 740 3963 um
773 3910 1018 3978 Beihic'lfe
1049 3927 1154 3964 >tur
1182 3912 1639 3979 Besckteumyunq
1670 3911 1761 3963 der
1794 3911 2159 3978 schriftlieken
2194 3909 2582 3979 Ausfertiyuny
2603 3911 2729 3964 tiber

466 3978 554 4031 die
586 3995 688 4031 von
722 3978 995 4046 Eitelwolf
1021 3997 1139 4033 vom
1176 3981 1326 4034 Stein
1359 3981 1624 4033 erbetmen
1668 3979 1988 4046 Bemfim'en.
2038 3979 2195 4034 sowie
2229 3996 2327 4032 um
2358 3980 2504 4032 seina
2556 3980 2729 4033 Gunst

1225 4066 1331 4103 χειν
1364 4049 1683 4116 Erlanyuny
1717 4048 1974 4115 anderer.)

544 4235 561 4266 ¹
595 4164 1337 4303 figsscfiuqlieq’aessaxfgtgliende
1371 4235 1739 4304 Empfehlung.
1812 4234 1913 4288 Die
1940 4235 2135 4303 jetzige
2162 4234 2259 4304 gilt
2282 4233 2425 4288 einer
2458 4233 2735 4288 Professus

468 4301 526 4354 in
558 4300 755 4356 Erfurt.
897 4303 916 4334 ²
950 4302 1155 4356 Decret.
1193 4304 1273 4358 ΠΙ
1277 4345 1286 4356 .
1325 4305 1404 4356 De
1441 4319 1670 4359 consecr.
1708 4304 1826 4358 dist.
1866 4304 1932 4372 V,
1972 4304 2055 4372 30,
2094 4303 2233 4358 citat
2256 4318 2351 4358 aus
2370 4302 2516 4357 Hier.
2544 4318 2591 4355 c.
2616 4301 2734 4358 ἔον.

465 4368 502 4425 1.
542 4368 611 4422 Π.
684 4369 802 4440 Vgl.
839 4370 1078 4426 dasselbe
1113 4371 1252 4428 citat
1284 4371 1336 4426 s,
1376 4371 1472 4426 141
1510 4374 1573 4426 A.
1612 4374 1659 4428 2.
