3084 4895
444 358 572 423 518
1279 354 1454 407 Briefe
1489 353 1583 407 des
1618 354 1668 407 J.
1710 355 1857 409 1515.

445 542 630 597 Gotha.
1505 522 1655 587 455.
2202 542 2285 597 23.
2322 542 2472 597 Febr.
2511 542 2721 612 (1515).

1129 649 1420 719 Mutian
1465 669 1565 718 an
1608 649 2025 736 Agricola.¹

447 782 666 849 (Scherx
713 778 840 831 iiber
887 778 1032 831 scine
1080 778 1351 831 Sklaverei
1382 776 1859 913 τήιὲαΟΙιονιίἷεηείε.
1937 779 2109 832 Grues
2150 796 2227 831 an
2269 780 2550 833 Ceratinus
2604 782 2726 834 und

1529 862 1681 899 urus.

602 960 902 1019 Gregorio
941 958 1274 1018 Agricolae
1309 958 1482 1019 patri
1515 960 1581 1009 et
1616 958 2067 1009 modestissimo
2107 964 2171 1010 et
2207 960 2563 1011 doctissimo

1410 1044 1498 1093 Μ.
1533 1043 1759 1095 Rufus.

653 1155 717 1220 S.
835 1154 998 1229 Quid
1074 1154 1365 1231 scribam,
1447 1154 1817 1219 doctissime
1890 1155 2115 1235 pater?
2233 1156 2463 1219 Preces
2536 1156 2719 1221 Jovis

447 1237 750 1305 famulae²
807 1261 926 1302 -me
1000 1240 1064 1302 in
1142 1240 1516 1301 servitutem
1591 1239 1881 1316 trahunt,
1956 1240 2191 1303 rectius
2264 1242 2570 1305 ducerent
2642 1248 2719 1305 ut

445 1326 738 1408 generosi
783 1325 979 1387 animi
1027 1325 1367 1387 hominem.
1457 1329 1504 1387 A
1541 1346 1724 1387 servo
1758 1322 2048 1387 servilem
2095 1324 2313 1407 accipe
2359 1326 2713 1408 epistolam.

446 1413 636 1475 Liber
701 1409 1009 1491 Petrejus,
1075 1409 1236 1471 liber
1300 1410 1795 1490 U1·banus;ego
1841 1410 2064 1472 servio,
2156 1410 2323 1473 Vale.
2418 1411 2715 1476 v11.Ca-

446 1498 668 1561 lendas
713 1496 996 1558 Martias.
1089 1494 1314 1558 Saluta
1361 1495 1731 1558 Cer-atinum
1760 1491 1829 1535 ⁸⁸
1876 1493 2405 1559 humanissimum
2442 1502 2507 1561 et
2536 1498 2711 1561 illum

443 1584 702 1663 ingenio
750 1585 814 1644 et
859 1581 1159 1643 facundia
1206 1581 1481 1643 nobilem
1517 1582 1917 1657 canonicum,
1955 1580 2247 1645 Beroaldi
2280 1582 2713 1666 discipulum.⁴

442 1669 614 1731 Inter
660 1666 923 1731 Gothos,

752 1766 874 1821 Cod.
911 1764 1043 1819 Frcf.
1081 1765 1199 1819 438.

443 1956 676 2025 (coma.)
1505 1938 1650 2002 456.
1848 1912 1855 1919 ’
2243 1957 2287 2008 1.
2324 1956 2481 2009 Mart.
2520 1956 2710 2025 (1515).

1068 2065 1360 2137 Mutian
1403 2084 1499 2134 an
1548 2064 2078 2135 Sunthausen.⁵

444 2194 879 2264 (Aufforderunffi
916 2194 1018 2247 mit
1052 2195 1237 2247 sein-en
1271 2194 1516 2261 Kolleyen
1552 2193 1881 2256 Hartmamz,
1926 2194 2122 2273 ἄνεργον
2156 2196 2273 2247 und
2304 2194 2507 2249 Hutten
2539 2194 2635 2247 den
2668 2194 2710 2245 1.

993 2262 1152 2316 Mdv-x
1186 2262 1324 2315 nae-h
1364 2262 1501 2316 Sitte
1534 2262 1627 2315 der
1660 2262 1817 2315 Alten
1851 2280 1925 2315 zu
1958 2262 2164 2330 serem.)

478 2376 833 2429 Clarissimo
869 2378 1006 2429 viro
1040 2355 1382 2429 Valentino
1407 2377 1833 2429 sunthusenio
1862 2377 2309 2437 jurisconsulto
2346 2378 2411 2427 et
2445 2375 2677 2427 oratori

1401 2465 1491 2514 M.
1527 2464 1749 2516 Rufius.

653 2571 715 2638 S.
809 2574 1104 2640 Calendis
1136 2574 1402 2650 Martiis,
1437 2597 1579 2638 cum
1614 2597 1717 2638 me
1751 2573 2099 2639 Hallensis⁶
2146 2580 2462 2638 rectorum
2511 2572 2715 2636 stu-di-

445 2679 623 2721 orum
671 2661 1016 2724 admirator
1061 2660 1126 2722 in
1175 2660 1668 2741 Tranquillitate
1732 2683 1871 2723 mea
1939 2660 2269 2737 salutaret,
2333 2659 2557 2723 habita
2618 2662 2717 2721 est

446 2766 587 2807 cum
639 2745 716 2807 de
763 2745 908 2809 aliis
953 2747 1381 2809 ornatissimis
1449 2745 1680 2828 legatis
1746 2746 2009 2808 maximi
2083 2746 2401 2808 antistitis
2473 2744 2717 2807 Alberti

445 2836 584 2893 tum
649 2831 725 2894 de
769 2835 834 2894 te
879 2832 1062 2912 primi
1127 2832 1401 2894 nominis
1461 2831 1943 2912 jurisconsultO,
2008 2835 2081 2894 ut
2140 2831 2278 2894 fieri
2342 2830 2583 2894 assolet
2646 2830 2715 2891 in

448 2915 748 2979 familiari
817 2916 1152 2999 colloquio,
1213 2923 1276 2980 et
1334 2917 1617 3000 jucunda
1680 2921 1744 2980 et
1804 2916 2074 2980 honesta
2138 2917 2401 2979 mentio.
2493 2915 2717 2995 ltaque

445 3001 720 3082 preculis
753 3008 816 3064 et
847 3003 1120 3066 susurris
1166 3002 1356 3083 hujus
1403 3023 1655 3064 annuae
1686 3007 1751 3064 et
1782 3002 2082 3065 solemnis
2112 3001 2364 3064 inediae
2394 3001 2719 3082 paulisper

446 3087 848 3160 intermissiS‚
899 3088 1132 3168 quibus
1183 3110 1300 3151 nos
1344 3087 1581 3150 Christi
1630 3089 1825 3152 sacris
1870 3087 2110 3151 initiati
2142 3087 2325 3169 quasi
2362 3087 2717 3149 cicuramur

447 3178 513 3234 et
557 3173 637 3234 ad
688 3174 1240 3236 mansuetudinem
1295 3173 1595 3236 macerati
1640 3194 2038 3235 revocamur:
2089 3169 2221 3234 non'
2263 3172 2446 3254 potui
2490 3171 2713 3250 facere,

448 3257 601 3337 quin
675 3259 908 3322 amoris
977 3280 1126 3338 erga
1185 3263 1249 3320 te
1313 3260 1435 3320 mei
1501 3259 1711 3338 gratia
1780 3259 1995 3320 darem
2058 3257 2137 3320 ad
2184 3263 2247 3320 te
2295 3257 2514 3320 literas
2581 3260 2712 3319 tam

449 3343 676 3406 idoneo
725 3349 788 3407 et
834 3344 1142 3408 benevolo
1187 3343 1472 3407 Hallensi
1522 3366 1680 3408 meo,
1770 3343 1975 3406 Hodie
2008 3348 2182 3418 sunt,
2214 3346 2289 3406 ut
2316 3343 2465 3405 inde
2495 3341 2715 3421 auspi-

448 3449 680 3505 cemur,
747 3428 1063 3492 Calendae
1111 3429 1394 3499 Martiae,
1445 3429 1581 3492 dies
1627 3428 2025 3510 voluptarius
2054 3429 2083 3467 b
2128 3432 2193 3490 et
2238 3427 2533 3508 geniaIiS‚
2580 3427 2715 3489 dies

447 3515 699 3595 antiqui
765 3514 1195 3578 Romanorum
1261 3515 1481 3594 gaudii
1540 3514 1763 3577 merito
1820 3513 2083 3576 celebris
2138 3516 2203 3575 et
2260 3511 2712 3576 observandus,

584 3695 612 3723 α
641 3681 913 3734 Cratinum
953 3681 1100 3734 Temo.
1242 3686 1271 3724 b
1299 3681 1601 3749 voluptaris,

590 3750 606 3780 ¹
641 3749 693 3803 S.
731 3750 831 3802 517
867 3752 930 3801 A.
969 3751 1017 3801 4.
1160 3751 1180 3781 ⁹
1215 3749 1400 3802 Maria..
1526 3751 1547 3782 ⁸
1580 3749 1682 3802 Ein
1718 3750 1881 3802 Jacob
1919 3748 2191 3802 Ceratinus
2229 3747 2353 3814 (von
2388 3745 2574 3815 Horu),
2616 3745 2713 3812 eig.

446 3817 766 3879 Theoderici,
804 3833 916 3870 war
937 3817 1222 3870 Humanist
1248 3819 1340 3870 der
1361 3817 1597 3871 Erfurter
1620 3818 1829 3872 Schule.
1902 3817 2189 3870 Krause.
2224 3815 2284 3868 Ε.
2320 3815 2475 3868 Hess.
2513 3814 2555 3880 Ι,
2596 3813 2711 3867 248.

446 3886 595 3938 Doch
633 3887 700 3938 da
735 3902 839 3938 von
875 3885 1048 3937 einem
1084 3887 1425 3938 Aufenthalte
1462 3887 1738 3939 desselben
1774 3887 1827 3938 in
1859 3885 2082 3938 Breslau
2132 3885 2311 3936 nichts
2351 3884 2583 3936 bekannt
2626 3882 2715 3948 ist,

447 3970 504 4006 so
543 3953 613 4005 ist
647 3954 920 4007 vielleicht
955 3955 1047 4006 der
1093 3954 1374 4006 Breslauer
1427 3955 1723 4008 Canonicus
1775 3955 1966 4006 Petrus
2022 3953 2260 4020 Hernigk
2312 3951 2560 4019 gemeint‚
2617 3951 2710 4002 der

447 4021 790 4076 1500—1503
825 4022 880 4074 in
915 4021 1050 4075 Rom
1094 4038 1204 4074 war
1252 4023 1362 4074 und
1407 4023 1524 4075 dort
1578 4024 1702 4076 sehr
1747 4023 1888 4076 wohl
1934 4021 2033 4074 mit
2078 4021 2284 4074 Mutian
2335 4020 2567 4073 bekannt
2621 4034 2685 4086 ge

446 4091 660 4142 worden
681 4090 794 4142 sein
813 4091 966 4144 kann.
1023 4090 1120 4142 Ich
1137 4091 1404 4143 verdanke
1425 4091 1569 4144 diese
1587 4091 1887 4158 Mitteilung
1906 4089 2079 4142 Herm
2096 4090 2188 4144 Dr.
2215 4088 2438 4142 Bauch
2472 4089 2529 4139 in
2552 4087 2713 4140 Bres-

446 4157 536 4210 lau
563 4175 659 4210 aus
693 4157 791 4212 Ms.
827 4158 990 4212 Klose
1025 4159 1126 4226 Nn„
1159 4158 1416 4211 CXXVII
1452 4161 1545 4211 der
1582 4161 1710 4212 dort.
1738 4158 2015 4212 Stadtbibl.
2124 4159 2145 4189 ⁴
2178 4156 2474 4210 Stanislaus
2496 4155 2710 4208 Sam-us.

446 4225 569 4292 Vgl.
607 4225 658 4278 S.
697 4227 799 4278 320
835 4229 898 4278 A.
939 4229 982 4280 1.
1091 4227 1235 4278 Uber
1271 4228 1450 4279 seinen
1486 4227 1594 4280 ital.
1635 4227 1941 4280 Aufenthalt
1974 4227 2047 4279 ist
2079 4241 2181 4277 nur
2214 4225 2457 4290 bekannt,
2497 4225 2620 4276 dass
2656 4239 2714 4275 er

450 4294 787 4346 1506—1507
810 4294 864 4346 in
884 4295 1068 4346 Padua
1087 4295 1311 4346 studiert
1335 4296 1440 4347 hat.
1502 4295 1674 4352 otte.
1712 4295 1791 4348 De
1825 4296 1873 4347 J.
1901 4295 2135 4347 'Pul-zone
2157 4310 2205 4360 p.
2231 4293 2310 4346 18..
2420 4295 2443 4325 ⁶
2477 4291 2713 4345 Mainzer

447 4361 550 4413 Rat
583 4361 637 4413 in
672 4361 993 4433 Hartmanns
1030 4363 1254 4431 Gesolge.
1328 4363 1379 4416 S.
1417 4365 1518 4417 504
1555 4368 1615 4416 A.
1654 4368 1701 4418 5.
1846 4365 1868 4396 ⁶
1903 4363 1953 4416 S.
1993 4362 2095 4416 279
2130 4366 2192 4416 A.
2231 4362 2278 4416 2.
