3084 4895
464 367 593 432 498
1308 363 1484 419 Briefe
1520 363 1614 418 des
1650 365 1700 419 J.
1741 366 1889 422 1514.

718 535 851 599 Ceu
895 535 1183 601 Nemesis
1228 537 1449 601 subito
1496 537 1818 619 tetigisset
1863 539 2068 601 sidere
2113 539 2422 622 linguam,

798 621 1014 686 infans
1060 625 1364 704 perpetuo
1415 643 1541 686 non
1591 623 1942 688 blaterator
1987 625 2128 687 eris.

680 705 895 771 Habes
938 708 1139 790 igitur
1170 709 1443 771 Hessum
1492 712 1558 771 et
1604 707 1863 772 Rufum.
1947 710 2178 790 Accipe
2212 711 2512 790 glossam.
2588 711 2752 774 Jove

468 798 661 857 natus
732 793 773 856 i.
850 815 902 857 e.
982 793 1285 857 Hercules
1362 794 1742 871 alexicacus,
1821 795 2210 876 Musagetes,
2285 794 2750 877 MelampyguS‚

465 882 895 942 monstrorum
941 878 1235 943 domitor.
1328 877 1562 943 Subito
1623 879 1828 942 sidere
1873 881 1917 943 i.
1964 902 2017 943 e.
2066 880 2427 963 apoplexia.
2519 879 2749 945 Cetera

464 969 618 1028 sunt
662 964 1120 1046 cognitissima.

771 1062 895 1119 Cod.
931 1063 1064 1118 Frcf.
1101 1064 1221 1119 407.

464 1217 696 1288 (eotha.)
1226 1184 1231 1188 ’
1519 1201 1668 1266 432.
2281 1218 2326 1269 1.
2363 1217 2500 1271 Nov.
2540 1217 2744 1287 (1514).

1222 1326 1512 1397 Mutian
1559 1347 1658 1397 an
1703 1325 1984 1398 Urban.

466 1454 595 1522 (Miz
628 1455 748 1507 dem
782 1453 927 1518 Abte,
964 1454 1057 1507 der
1089 1456 1233 1510 nach
1266 1455 1443 1510 Berka
1472 1455 1680 1524 qereist,
1717 1455 1906 1510 kmmte
1941 1455 2014 1510 M.
2051 1455 2180 1508 uber
2226 1455 2438 1508 Urbane
2474 1454 2606 1508 Ami
2627 1455 2749 1508 und

461 1524 563 1576 den
595 1523 861 1576 unxucht
890 1540 956 1576 en
1003 1522 1171 1577 Viloar
1220 1541 1321 1578 von
1368 1473 1769 1579 Hohenkirchen
1814 1525 1949 1578 noch
1990 1524 2140 1578 nicht
2183 1525 2354 1576 reden.
2430 1524 2592 1578 Soem
2636 1524 2747 1576 mit

470 1592 533 1644 G.
572 1591 764 1645 Schilo.
980 1591 1255 1660 lanqsame
1302 1593 1533 1646 Publius
1570 1594 1644 1646 ist
1677 1593 1811 1646 noch
1859 1593 2008 1646 mcht
2056 1609 2158 1645 von
2206 1592 2476 1646 Eismmeh
2520 1593 2744 1645 xuru‘ek.

462 1659 727 1712 Her-borda
766 1661 927 1714 Stolx.
1000 1660 1218 1714 Eobam
1265 1661 1583 1730 Unlcluqhmt
1617 1662 1682 1714 in
1713 1662 1888 1714 seiner
1924 1660 2747 1728 Heiratsanqeleyenlaeit.132tte

923 1745 1023 1782 um
1054 1730 1141 1782 die
1177 1730 1317 1784 Acta
1349 1730 1758 1783 Pari-sicimam
1786 1747 1948 1798 yeqm
1981 1730 2248 1782 Reuchlc'n
2250 1732 2284 1796 .)

551 1843 676 1893 Suo
712 1843 1029 1894 carissimo
1064 1843 1322 1894 Urbano
1360 1844 1681 1904 magistro,
1717 1856 2068 1903 oeconomo,
2103 1844 2243 1893 viro
2281 1843 2644 1894 excellentis

960 1931 1024 1980 et
1057 1929 1294 1990 ingenii
1330 1932 1395 1981 et
1428 1928 1804 1990 prudentiae
1839 1931 1928 1980 M.
1965 1925 2235 1996 (Rufus).

674 2037 741 2104 S.
834 2039 1061 2122 Loqui,
1109 2043 1182 2104 ut
1226 2041 1652 2120 institueram,
1702 2063 1843 2106 cum
1892 2039 2200 2105 Duronio¹
2252 2061 2378 2104 non
2426 2039 2628 2115 licuit,
2662 2061 2741 2104 eo

468 2125 641 2207 quod
688 2123 940 2207 legatus
985 2127 1343 2209 principum
1389 2149 1519 2190 una
1567 2149 1709 2190 cum
1761 2128 1990 2190 ceteris
2035 2127 2296 2208 collegis
2341 2125 2556 2189 subito
2589 2125 2742 2189 hinc

462 2212 541 2275 ad
578 2231 814 2293 pagum
848 2210 1107 2274 Bercam
1149 2211 1692 2294 proficiscebatur.
1785 2212 2250 2277 Instaurassem
2297 2233 2501 2274 meam
2548 2211 2738 2274 fidem

463 2299 529 2360 et
559 2295 1071 2361 benevolentiam
1119 2297 1351 2362 blande
1382 2302 1448 2361 et
1478 2298 1764 2363 modeste
1798 2303 1863 2362 et
1895 2320 2002 2380 per
2047 2298 2374 2363 cuniculos
2423 2297 2737 2380 quosdam

464 2387 659 2465 atque
722 2380 1102 2446 Maeandros
1171 2383 1491 2449 duxissem
1561 2405 1913 2449 sermonem
1987 2387 2124 2449 tum
2189 2384 2256 2447 in
2319 2388 2500 2446 tuum
2565 2404 2738 2446 com-

460 2469 716 2534 modum
764 2473 900 2533 tum
949 2469 1011 2531 in
1060 2470 1275 2533 odium
1322 2470 1511 2533 istius
1557 2470 1862 2551 impudici
1927 2472 2074 2552 papi
2120 2466 2737 2551 HohnkyrchensiS.²

464 2554 989 2636 praeparaveram
1039 2556 1197 2619 duas
1245 2556 1374 2618 vini
1415 2556 1776 2638 amphoraS‚
1827 2556 1940 2620 sed
1972 2556 2218 2619 abierat
2264 2560 2444 2636 pater
2489 2555 2732 2618 decano

460 2638 631 2704 meo³
698 2641 915 2703 nescio
976 2661 1055 2703 an
1120 2640 1279 2705 duce
1337 2662 1419 2704 an
1490 2643 1739 2706 comite.
1829 2641 2041 2725 Nepos
2105 2638 2476 2719 SchiloniS,⁴
2545 2640 2737 2703 homo

460 2730 689 2809 patruo
748 2725 993 2804 similis,
1042 2728 1081 2790 i.
1128 2748 1179 2790 e.
1227 2727 1518 2809 perditus
1565 2732 1630 2791 et
1675 2749 1912 2803 amens,
1961 2751 1999 2791 a
2043 2749 2143 2789 me
2197 2726 2574 2808 objurgatus
2629 2726 2732 2788 in-

460 2813 728 2893 stigavit
786 2816 1007 2875 contra
1052 2834 1152 2875 me
1196 2812 1594 2876 Martinum.⁵
1686 2814 1999 2877 Martinus
2068 2812 2266 2876 larvis
2333 2813 2618 2893 agitatus
2661 2816 2733 2875 et

460 2898 592 2961 suis
638 2896 821 2961 furiis
863 2898 1298 2961 inflammatus
1344 2898 1774 2963 cruciabiliter
1821 2922 1922 2963 me
1964 2899 2086 2962 hac
2137 2898 2408 2980 epistola
2468 2900 2728 2975 tractat,

459 2982 731 3047 infamat
775 2985 841 3045 et
882 2981 1043 3047 falso
1092 2983 1483 3047 criminatur.
1581 2984 1810 3048 Postea
1870 2985 2058 3048 rediit
2118 3004 2337 3065 nepos,
2379 2982 2736 3065 postulavit

460 3089 561 3147 um
615 3065 920 3145 thiitanlp,⁶
981 3071 1102 3130 aber
1148 3069 1221 3143 id)
1269 3072 1366 3143 gab
1412 3070 1483 3129 im
1530 3080 1656 3131 sant
1711 3069 1884 3148 witi„
1945 3075 2105 3147 haul).
2210 3068 2386 3147 Veni,
2446 3070 2732 3149 inquam,

458 3155 664 3237 legam
710 3154 832 3216 tibi
877 3155 1090 3233 patrui
1134 3154 1228 3217 tui
1276 3155 1510 3218 literas.
1603 3154 1756 3237 Legi
1803 3160 1868 3217 et
1912 3155 2178 3236 adjunxi
2243 3154 2514 3235 singulis
2575 3154 2732 3217 arti-

460 3240 619 3304 culis
665 3238 949 3320 singulas
994 3239 1393 3303 defensiones
1438 3262 1581 3303 cum
1629 3241 1973 3321 asperitate
2036 3240 2390 3304 verborum.
2483 3239 2724 3302 Deinde

458 3326 585 3408 legi
651 3346 855 3388 meam
902 3324 983 3387 ad
1030 3330 1093 3388 te
1140 3326 1471 3407 epistolam
1538 3347 1693 3389 usus
1753 3326 2010 3389 vafritia
2057 3331 2120 3389 et
2163 3326 2278 3389 tali
2341 3329 2724 3399 comment0‚

460 3415 535 3475 ut
601 3412 870 3474 dicerem
942 3432 1078 3474 eam
1152 3412 1450 3492 scriptam
1521 3411 1600 3474 ad
1675 3410 1995 3474 Volscum²
2052 3418 2118 3474 et
2169 3407 2726 3492 Engelmannum.⁸

458 3497 685 3577 Itaque
730 3496 898 3559 inter
942 3496 1275 3576 legendum
1326 3497 1571 3560 mutavi
1641 3518 1943 3575 personas
1988 3501 2052 3560 et
2096 3517 2391 3559 numeros
2436 3502 2500 3559 et
2545 3518 2728 3561 casus

461 3587 525 3646 et
567 3587 873 3663 tempora.
971 3581 1035 3662 „I
1082 3580 1287 3644 nunc“
1301 3632 1315 3653 ,
1366 3582 1656 3663 inquam,
1713 3586 1814 3663 „et
1859 3604 2044 3645 narra
2089 3586 2204 3645 tuo
2249 3581 2528 3660 domino,
2577 3580 2724 3663 quid

458 3666 796 3750 profecerit
840 3668 1228 3747 procacitate
1266 3667 1397 3730 stili
1446 3671 1509 3730 et
1557 3667 1917 3731 temeritate
1963 3665 2261 3731 insulsa.“
2357 3667 2492 3747 Ego
2537 3687 2727 3748 cogor

460 3774 597 3817 esse
658 3753 935 3834 quietae,
997 3753 1123 3815 nisi
1168 3757 1239 3815 tu
1281 3751 1567 3870 jusseris,
1617 3758 1689 3815 ut
1736 3753 2062 3833 implorem
2133 3753 2479 3816 amicorum
2546 3773 2725 3833 prae-

457 3840 635 3903 sidia.
729 3837 1012 3901 Adamus
1082 3836 1379 3901 Publius⁹
1450 3840 1683 3901 missus
1755 3839 2222 3902 Eisennachum
2290 3838 2480 3901 nimis
2544 3838 2726 3900 abest

598 3976 615 4006 ¹
651 3973 757 4026 Der
792 3971 913 4024 Abt.
984 3970 1035 4025 S
1077 3971 1175 4025 108
1211 3972 1279 4024 A.
1321 3972 1368 4025 1.
1442 3958 1588 4023 Uber
1621 3970 1832 4023 Urbans
1869 3971 2225 4039 Empfehiung
2259 3970 2364 4039 vgl.
2391 3970 2441 4025 S.
2467 3970 2572 4022 494
2595 3970 2658 4023 A.
2677 3969 2722 4022 6.

526 4044 548 4074 ²
581 4042 631 4095 V
633 4042 700 4110 g.l
738 4040 789 4095 S.
827 4039 932 4093 490
966 4041 1028 4093 Α.
1068 4041 1117 4093 4.
1260 4040 1281 4071 ⁸
1313 4040 1495 4091 Dekan
1533 4040 1627 4091 des
1680 4039 2008 4107 Kollegiums
2044 4056 2128 4092 am
2153 4039 2564 4107 Mar-ientempel
2618 4053 2725 4089 war

458 4059 693 4163 Gerhard
750 4108 1050 4161 Marschalk
1085 4123 1187 4160 von
1226 4107 1494 4160 Goserstet
1545 4107 1900 4173 1498-1524
1953 4109 2047 4161 der
2083 4124 2186 4160 von
2222 4108 2426 4161 Mutian
2479 4106 2722 4174 nii-gends

490 4181 706 4233 enannt
719 4177 867 4229 wird.
940 4176 1207 4243 Sagitt..
1243 4176 1439 4228 Hister.
1478 4175 1632 4228 Goth.
1669 4177 1750 4230 ed.
1787 4175 1936 4229 Tenz.
1976 4178 2146 4243 p..46
2272 4178 2291 4209 ⁴
2327 4176 2496 4243 Georg
2529 4174 2719 4228 Schi10.

449 4263 452 4265 ·
556 4247 667 4299 493
706 4249 767 4299 A.
820 4246 867 4299 6.
1024 4247 1045 4277 ⁶
1081 4244 1150 4295 M.
1205 4244 1397 4297 Schilo.
1469 4244 1556 4296 ΒΥ.
1612 4244 1730 4297 427.
1882 4246 1904 4276 ⁶
1939 4244 2236 4309 Quittantia
2289 4244 2620 4312 (quietantia)
2656 4264 2722 4281 =

458 4291 731 4382 Quittung.
789 4313 995 4366 Ebenso
1031 4312 1084 4363 in
1124 4312 1206 4364 ΒΓ.
1247 4312 1361 4366 385.
1474 4314 1493 4345 ⁷
1528 4312 1708 4365 Simon
1743 4312 1980 4365 Voltzke.
2019 4313 2069 4366 S.
2089 4313 2150 4364 81
2180 4315 2239 4367 A.
2263 4314 2308 4368 2.
2417 4314 2438 4345 ⁸
2472 4312 2720 4364 Kiichen-
2761 4392 2766 4397 ς

455 4384 685 4436 meister.
758 4381 807 4433 S.
846 4381 949 4434 485
983 4383 1046 4433 A.
1084 4380 1130 4431 3.
1272 4381 1295 4412 ⁹
1329 4380 1380 4433 S.
1416 4380 1517 4433 407
1556 4383 1618 4435 A.
1657 4382 1705 4433 2.
