3084 4895
1233 348 1448 401 Mul-,ian
1483 360 1551 402 an
1589 347 1789 404 Urban.
2532 350 2659 415 199

377 531 614 602 (eutha.)
1430 515 1575 580 151.
2312 530 2647 602 (1510-11.)

1135 637 1428 711 Mutian
1470 660 1569 711 an
1612 637 1923 712 Urban.¹

374 766 564 837 (Klaye
594 769 722 822 dher
753 768 840 821 die
857 768 1411 838 Ruoksiohtslosaeykeit
1434 769 1711 826 Herbords,
1748 769 1840 820 der
1874 768 1984 835 auf
1997 768 2113 821 eine
2136 767 2377 837 Anfraqe
2400 769 2647 824 Mutians

753 837 881 890 iiber
913 837 1014 890 den
1045 837 1344 891 hessisehen
1377 837 1761 892 Reehtshamkl
1791 836 1939 890 nieht
1974 839 2285 904 antwortet.)

1139 951 1222 1002 Η..
1257 952 1515 1004 Urbano
1553 953 1643 1004 Μ.
1676 950 1902 1002 Rufus.

587 1057 652 1123 S.
745 1059 1150 1123 Herebordus
1195 1081 1234 1122 a
1277 1082 1378 1123 me
1425 1061 1757 1125 consultus
1803 1061 1879 1124 de
1922 1059 2035 1124 lite
2093 1061 2388 1140 quadam,
2451 1081 2644 1142 quam

377 1145 604 1208 affines
659 1144 818 1207 mihi
875 1145 1242 1223 intendunt,
1323 1146 1498 1209 nullo
1554 1168 1653 1208 me
1714 1165 2021 1227 responso
2097 1145 2415 1226 dignatur.
2506 1145 2641 1226 Ego

377 1251 703 1318 nunquam
753 1229 974 1292 erubui
1035 1229 1457 1294 familiaribus
1517 1231 1773 1312 scriptis
1834 1232 2180 1294 amicorum
2242 1231 2643 1311 prudentiam

376 1311 708 1379 consulere
769 1335 973 1396 neque
1033 1317 1127 1378 ita
1181 1337 1320 1378 sum
1379 1317 1502 1379 mei
1558 1321 1823 1394 amator,
1893 1319 1967 1378 ut
2030 1315 2379 1398 praeferam
2437 1335 2643 1379 meum

374 1401 555 1478 scire,
603 1401 772 1482 quod
819 1405 917 1464 est
962 1401 1283 1482 exiguum,
1343 1401 1607 1465 aliorum
1676 1401 2020 1465 doctrinae.
2110 1400 2275 1465 Novi
2322 1401 2648 1464 abundare

378 1508 520 1551 eum
569 1485 873 1549 librorum
919 1485 1405 1568 suppellectile‚²
1451 1487 1775 1550 studuisse
1808 1487 2162 1566 diligenter,
2212 1486 2415 1549 multa
2444 1505 2647 1549 anno*

377 1576 571 1635 tasse.
662 1571 847 1647 Novi,
895 1573 1067 1652 quod
1113 1572 1396 1653 plerique
1441 1573 1504 1634 in
1539 1572 1750 1635 causis
1789 1574 2065 1654 propriis
2112 1573 2471 1654 ignaviores
2517 1573 2649 1635 sint

381 1661 446 1720 et
491 1656 726 1738 pavidi.
819 1655 1058 1732 CicerO,
1117 1661 1373 1720 tantum
1429 1657 1641 1720 lumen
1706 1657 1915 1720 omnis
1976 1658 2352 1738 sapientiae,
2420 1677 2559 1720 cum
2609 1680 2646 1720 a

382 1741 626 1806 Clodiis
671 1742 736 1804 in
765 1740 1026 1822 judiciis
1057 1747 1410 1820 vocaretur,
1445 1743 1758 1822 expalluit
1789 1747 1853 1805 et
1886 1743 2230 1806 familiares
2262 1743 2647 1824 ignotosque

377 1827 752 1909 suppliciter
811 1830 876 1889 et
917 1827 1356 1908 plorabundus
1419 1827 1597 1891 adiit.
1688 1826 1934 1910 Itaque'
1974 1849 2102 1892 non
2162 1828 2299 1892 sine
2354 1827 2645 1908 exemplo

373 1913 688 1976 modestia
736 1933 877 1975 mea
921 1913 1226 1976 submisit
1268 1935 1334 1976 se
1383 1913 1649 1976 oonsilio
1690 1913 1945 1994 juvenis
1976 1913 2267 1991 studiosi,
2314 1935 2353 1976 a
2385 1934 2512 1994 quo
2551 1935 2647 1976 me

377 1999 701 2062 contemni
778 1997 1072 2061 arbitror.
1188 1997 1576 2062 Contemnat
1647 2000 1965 2062 inscitiam
2042 2003 2235 2080 atque
2308 1998 2643 2062 infantiam

379 2087 693 2161 nostram3
751 2081 941 2146 fidem
1000 2087 1063 2146 et
1119 2084 1552 2147 constantiam
1606 2083 1673 2146 in
1730 2085 2012 2147 amicitia
2065 2083 2207 2163 jure
2267 2105 2393 2147 non
2458 2085 2652 2146 debet

379 2190 588 2250 neque
633 2173 849 2250 potest
893 2191 1211 2233 accusare.
1303 2169 1530 2231 Amavi
1576 2190 1847 2251 amoque
1892 2174 1967 2233 ut
1998 2169 2274 2232 doctum.
2370 2170 2465 2231 An
2512 2170 2647 2250 ipse

380 2253 540 2316 mihi
585 2255 836 2334 tibique
883 2253 1212 2337 profuerit,
1258 2258 1439 2318 tuum
1489 2257 1628 2317 esto
1668 2254 1999 2336 judicium.
2090 2255 2243 2318 Vale
2284 2259 2349 2316 et
2390 2277 2535 2318 ama
2580 2258 2644 2316 te

375 2343 698 2402 amantem
745 2339 1126 2418 Matianum,
1175 2340 1286 2420 qui
1317 2359 1489 2402 nunc
1533 2343 1717 2421 optat
1749 2340 1888 2420 tibi,
1921 2340 2160 2404 honore
2192 2345 2255 2404 et
2288 2339 2642 2403 eruditione

373 2424 646 2507 pollenti
693 2425 851 2503 viro,
897 2425 1096 2490 vitam
1141 2425 1596 2507 longiturnam.

691 2523 814 2579 Cod.
851 2524 986 2579 Fref.
1024 2524 1106 2577 85.

374 2709 609 2780 (Gotha.)
627 2718 632 2722 ’
839 2671 842 2677 ’
1425 2693 1569 2759 152.
2310 2704 2642 2775 (1510-11.)

1137 2819 1428 2891 Mutian
1473 2840 1573 2889 an
1617 2818 1895 2889 Urban.

374 2946 556 3013 (Dank
591 2946 687 3013 fiir
720 2947 806 2999 die
861 2946 1277 3013 Unterstu‘txum]
1321 2946 1408 2999 des
1448 2946 1845 3013 yeminsamen
1893 2945 2163 2998 Freundes
2210 2946 2324 2997 und
2363 2944 2646 2997 Bedauern

371 3016 500 3068 idm·
531 3016 617 3067 che
651 3014 1016 3083 Sparsamloeit
1049 3015 1252 3083 einiger
1293 3014 1468 3067 Gabar.
1539 3013 1659 3066 Aus
1695 3014 1910 3081 Manqel
1942 3030 2017 3066 an
2060 3014 2189 3066 θεῖά
2220 3013 2369 3066 hietat
2405 3030 2463 3065 er
2496 3012 2649 3065 seina

1333 3082 1660 3150 Bury-sebast
1664 3083 1697 3149 .)

448 3194 597 3245 Non
613 3194 937 3258 ,incelebri
969 3196 1273 3255 magistro
1303 3193 1386 3245 Η.
1421 3195 1699 3253 Urbano,
1738 3194 1981 3255 praedii
2014 3193 2241 3244 urbani
2276 3194 2645 3243 cistercien·-

803 3281 963 3331 sium
997 3280 1167 3339 apud
1201 3280 1626 3341 Erphurdiam
1661 3280 1913 3338 restori,
1948 3280 2036 3329 ΜΖ.
2073 3278 2300 3329 Rufus.

581 3389 644 3453 S.
737 3390 920 3467 Quod
965 3392 1030 3453 in
1078 3391 1412 3454 scribendo
1459 3391 1725 3455 formam
1759 3391 2066 3454 novitatis
2111 3410 2249 3453 non·
2276 3391 2643 3469 contempta

374 3476 660 3557 gravium
709 3481 1040 3539 auctorum
1085 3478 1305 3557 regula
1361 3478 1470 3540 sed
1517 3478 1597 3539 ad
1644 3482 1897 3558 tempus
1958 3476 2251 3557 deposita·
2308 3481 2441 3537 tam
2484 3474 2643 3535 scite

375 3562 800 3642 amplecteris‚-
843 3562 1184 3643 plurimum
1232 3584 1329 3625 me
1376 3563 1667 3627 delectat.
1745 3562 1903 3625 Nam
1953 3566 2217 3641 uterque
2265 3560 2451 3625 stilus
2496 3562 2645 3641 apte

376 3650 692 3709 tractatus
737 3646 960 3710 habita
1005 3650 1251 3711 ratione
1295 3668 1707 3730 personarum
1756 3652 1818 3710 te
1865 3648 2063 3724 decet,
2130 3647 2249 3709 hoc
2295 3649 2393 3709 est
2438 3644 2640 3707 virum

376 3752 504 3794 non
550 3733 758 3814 magis
803 3733 1059 3813 ingenio
1106 3738 1170 3797 et
1203 3733 1494 3796 doctrina
1539 3754 1731 3815 quarn
1773 3733 2215 3813 procuratione
2258 3752 2464 3793 rerum
2500 3750 2641 3793 coe-

518 3918 532 3947 ¹
569 3916 652 3969 Da
685 3918 778 3969 der
810 3916 1030 3971 Prozess
1067 3918 1304 3971 Mutians
1339 3918 1440 3970 mit
1473 3920 1575 3971 den
1610 3919 1749 3971 hess.
1775 3917 2129 3969 Verwandten
2166 3915 2274 3984 (ΒΓ.
2302 3916 2384 3967 31.
2417 3914 2504 3983 ’79)
2542 3914 2643 3967 seit

374 3985 507 4038 1505
545 3985 660 4037 sich
697 3984 835 4039 viele
865 3986 1026 4039 Jahre
1064 3987 1329 4039 hinduroh
1363 3987 1621 4043 hinzieht
1660 4002 1717 4039 so
1755 3986 1826 4039 ist
1864 3986 1947 4038 die
1985 3985 2097 4037 Zeit
2133 3985 2225 4036 des
2252 3979 2455 4035 Briefes
2492 3983 2643 4035 nieht

374 4068 544 4119 genau
565 4070 633 4105 zu
650 4054 981 4108 bestimmen.
1007 4054 1246 4108 Herbord
1265 4055 1506 4107 soheint
1494 4072 1549 4106 ιη
1572 4054 1934 4122 Geolgenthal.
1964 4050 2425 4106 Wahrsoheinlieh
2455 4052 2642 4128 gohort

377 4122 468 4173 der
501 4120 589 4173 Br.
625 4122 683 4173 in
709 4122 939 4176 dieselbe
976 4122 1090 4175 Zeit
1123 4124 1223 4175 wie
1248 4124 1339 4176 Nr.
1365 4123 1480 4183 148
1517 4124 1767 4175 wornaeh
1786 4122 1941 4174 Rufin
1963 4122 2101 4175 nach
2131 4122 2334 4173 Hessen
2370 4119 2643 4186 geschiokt

375 4191 556 4242 wurde
594 4190 790 4259 (Now.)
846 4191 948 4243 Die
986 4190 1150 4257 Klage
1185 4192 1316 4243 iiber
1351 4191 1621 4243 Herbords
1658 4190 1966 4257 Schweigen
2003 4186 2208 4243 stinunt
2242 4188 2537 4255 gleiehfalls
2574 4204 2641 4240 zu

373 4256 474 4379 {1327
501 4259 686 4380 1845hlu.
727 4260 842 4311 147.
984 4261 1004 4291 ²
1038 4260 1154 4310 Von
1205 4259 1472 4313 Herbords
1521 4259 1729 4311 reichei
1773 4259 2074 4312 Bibliothek
2118 4256 2319 4326 sprioht
2366 4257 2502 4310 auoh
2552 4256 2639 4309 Br

549 4343 579 4379 e
639 4342 750 4380 uss.
