3084 4895
863 448 1075 501 Mutian
1111 462 1180 500 an
1217 445 1415 501 Eoban.
1489 446 1704 499 Mutian
1739 462 1808 499 an
1843 446 2047 503 Urban.
2462 448 2589 513 543

341 615 642 681 schedula
691 615 922 681 Crotus
969 616 1236 695 noster‚¹
1286 617 1476 680 homo
1521 616 1771 691 docum,
1827 617 2049 695 fidelis,
2078 617 2443 700 jucundae,
2488 640 2602 681 ex-

334 701 611 765 clamare
689 702 968 765 videtur:
1053 702 1144 782 „O
1221 702 1469 774 medici,
1546 702 1795 777 medici,
1883 704 2156 766 mediam
2234 703 2600 784 pertundite

330 784 655 851 venam.“²
764 788 835 849 In
915 787 1195 849 secunda
1269 787 1620 867 graecissat
1688 792 1752 849 et
1816 787 2089 851 lacrimis
2163 790 2466 870 pietatem
2530 793 2595 853 et

331 871 617 933 officium
684 892 835 952 erga
879 876 944 933 te
991 872 1252 933 indicat.
1344 870 1641 946 Quodsin
1708 873 1869 934 scire
1928 873 2121 949 voleS‚
2198 872 2307 935 ubi
2377 894 2605 953 graeca

331 956 443 1017 illa
498 965 570 1017 ut
635 956 726 1017 ita
771 956 976 1017 dicam
1031 944 1422 1038 τραγήματα
1482 958 1853 1036 expiscatus
1898 958 2003 1033 sit,
2063 958 2259 1037 legito
2328 955 2603 1021 Gellium

335 1041 448 1103 lib.
499 1040 596 1110 vl,
645 1062 782 1122 cap.
828 1040 904 1102 Π.
934 1038 1002 1079 Μ
1090 1040 1162 1103 In
1223 1042 1412 1103 tertia
1480 1041 1725 1104 deridet
1790 1042 2186 1105 adversarios
2254 1041 2605 1123 Capnionis

336 1128 401 1189 et
463 1124 656 1187 simul
702 1148 803 1187 me
842 1125 1120 1205 judicem
1186 1123 1358 1187 facit.
1449 1126 1798 1206 Postquam
1858 1127 2055 1205 igitur
2114 1127 2408 1209 legissem
2465 1128 2603 1191 lon-

341 1210 637 1291 gissimas
667 1209 956 1291 querelas
981 1216 1046 1273 et-
1073 1208 1402 1272 mollit.iem
1432 1214 1579 1272 tuae
1606 1210 1834 1273 frontis
1856 1217 2252 1294 perspectam
2285 1212 2601 1289 haberem,

337 1295 492 1375 quia
552 1294 830 1357 sciebam
876 1300 941 1357 te
999 1295 1298 1357 devotum
1353 1296 1598 1359 uxoriis
1662 1296 1949 1371 decreti8‚
2012 1298 2331 1378 suppressi
2389 1297 2605 1361 literas

341 1376 698 1442 communis
743 1380 954 1443 amici.
1045 1378 1115 1441 ld
1161 1379 1217 1440 si
1264 1379 1383 1441 tibi
1429 1379 1808 1461 perdolitum
1858 1384 1976 1456 est,
2022 1387 2191 1445 certe
2234 1381 2389 1445 mihi
2432 1403 2604 1446 com-

345 1463 652 1547 placitum
699 1470 853 1527 erat.
947 1463 1254 1526 Permitte
1321 1464 1480 1527 mihi
1544 1468 1779 1545 quaeso
1848 1486 2175 1528 censuram
2241 1466 2605 1545 literariam‚

342 1570 532 1631 quam
604 1548 760 1611 mihi
830 1570 954 1611 non
1022 1555 1258 1611 temere
1330 1570 1531 1626 suffic,
1598 1549 1706 1613 sed
1779 1550 1861 1611 ab
1930 1551 2196 1613 eruditis
2278 1557 2602 1635 acceptam

341 1634 741 1695 sanctissime
821 1633 1212 1696 administro
1331 1632 1447 1709 Tu,
1516 1633 1687 1713 quod
1754 1634 1917 1697 belle
1990 1634 2165 1715 facie,
2239 1657 2470 1701 sonora
2542 1642 2607 1701 et

341 1718 614 1797 grandia
659 1718 882 1793 scribe,
931 1722 995 1781 et
1038 1722 1256 1799 patere
1320 1738 1519 1781 meam
1569 1719 1890 1799 ignaviam
1936 1741 2011 1784 ac
2056 1721 2360 1784 desidiam
2428 1723 2606 1785 sitire

344 1809 410 1865 et
451 1802 762 1883 jejunare,
811 1803 866 1865 si
909 1803 1004 1865 ita
1049 1802 1272 1865 mavis.
1363 1802 1585 1882 Neque
1630 1805 1797 1866 enim
1844 1806 2169 1885 proposito
2226 1826 2368 1868 meo
2422 1809 2607 1888 copia

340 1893 407 1950 et
452 1888 772 1951 tumultus
819 1888 1173 1961 verborum,
1221 1886 1331 1949 sed
1378 1909 1661 1968 pressum
1696 1894 1761 1951 et
1790 1888 2081 1953 floridum
2124 1890 2375 1954 dicendi
2405 1913 2606 1974 genus

340 1972 600 2036 arridet.
690 1971 917 2035 Verum
966 1970 1133 2033 hanc
1177 1972 1567 2053 provinciam
1619 1974 1873 2035 missam
1934 1974 2259 2038 faciamus.
2351 1974 2608 2041 Sufficit

341 2057 468 2120 tibi
512 2060 576 2119 te
623 2078 660 2119 a
707 2078 808 2119 me
854 2056 1034 2137 diligi
1080 2060 1163 2133 et,
1211 2056 1379 2136 quod
1443 2058 1827 2137 praeclarius
1872 2066 1989 2134 est,
2036 2059 2177 2123 coli.
2268 2060 2437 2124 Vale.
2526 2062 2604 2125 X.

340 2140 476 2205 Cal.
521 2140 768 2205 Junias.

651 2238 774 2294 Ood.
813 2239 946 2293 Frcf.
982 2239 1100 2291 478.

343 2366 607 2495 (oothay
1289 2384 1295 2389 ’
1392 2411 1540 2475 478.
1671 2440 1677 2447 ·
2192 2429 2275 2484 16.
2310 2429 2421 2485 Mai
2455 2431 2605 2488 1515.

1107 2535 1401 2606 Mutian
1445 2556 1544 2606 an
1588 2535 1866 2607 Urban.

343 2662 639 2731 (Wiimcht
691 2663 942 2724 mehr-ere*
976 2663 1292 2731 fflaemplare
1335 2663 1428 2716 der
1475 2664 1743 2719 Parabeln
1774 2666 1862 2718 des
1896 2665 2177 2723 Emmaus.
2256 2649 2469 2721 ‘Voltxke
2518 2668 2614 2722 kat

345 2729 422 2784 M.
467 2731 650 2784 seium
697 2729 962 2784 Beietand
1011 2731 1352 2798 versprochen
1397 2733 1463 2784 in
1505 2734 1599 2786 der
1645 2734 2198 2804 Hamanyeleqenheit.
2280 2735 2463 2790 Urbem
2512 2738 2613 2790 soll

1095 2801 1195 2851 den
1242 2798 1514 2868 Wevhzbery
1548 2801 1867 2870 verkaufen.)

439 2910 726 2961 Omnium
763 2911 1065 2961 bonarum
1101 2903 1331 2962 artium
1362 2915 1663 2989 magistro
1699 2915 2103 2966 celeberrimo
2137 2915 2221 2966 Η.
2255 2916 2532 2976 Urbano,

735 3008 1066 3046 oeconomo
1101 2996 1452 3058 perpetuo,⁴
1484 3000 1682 3050 amico
1716 2999 1841 3051 fido
1875 3001 1965 3050 M.
1999 2998 2222 3051 Rufus.

555 3102 620 3168 S.
711 3101 944 3186 Recipe
1004 3127 1242 3186 quaeso
1293 3107 1476 3190 plura
1538 3109 1923 3192 exemplaria
1977 3110 2472 3192 parabolarum‚⁵
2537 3117 2611 3175 ut

349 3211 428 3252 ea
475 3189 740 3252 Publius
789 3189 1033 3254 noster-⁶
1078 3193 1270 3255 isthic
1326 3195 1615 3257 inveniat
1681 3197 1831 3257 dato
1902 3198 2125 3276 pretio,
2214 3194 2377 3257 Nam
2444 3195 2608 3260 festo

345 3273 686 3338 Trinitatis
773 3277 1138 3357 episcopum
1227 3277 1524 3340 Paulum⁷
1606 3279 1827 3342 adibit.
1922 3279 2095 3344 ··Tito
2170 3280 2367 3343 Mario
2440 3281 2612 3345 favet

349 3360 680 3436 VuolscuS,
728 3363 851 3424 etsi
893 3361 1082 3425 aliter
1130 3362 1300 3442 loqui
1347 3364 1465 3426 tibi
1511 3365 1823 3440 videatur,
1872 3385 1995 3427 non
2044 3370 2256 3427 tamen
2290 3367 2385 3428 ita
2417 3365 2608 3445 favet,

345 3450 424 3508 ut
457 3467 556 3508 me
589 3445 1088 3510 circumscribat.
1180 3447 1480 3512 Promisit
1525 3451 1695 3512 enim
1740 3469 1994 3531 operam
2043 3471 2243 3512 suam.
2322 3449 2612 3514 Finiatur

345 3532 473 3595 hoc
551 3528 900 3610 negotium,
982 3533 1230 3596 etiamsi
1309 3533 1667 3598 exhibenda
1742 3537 2013 3616 pecunia
2086 3537 2172 3598 sit
2243 3533 2610 3617 inquilin0.⁸

347 3616 686 3678 Praeterea
761 3617 1044 3680 vinetum
1123 3617 1354 3681 vende⁹
1420 3625 1483 3682 et
1550 3642 1665 3702 age
1740 3621 1975 3684 bonum
2051 3620 2343 3698 amicum,
2419 3621 2609 3686 sicuti

347 3702 664 3765 hactenus
710 3703 1106 3782 praestitisti.
1205 3704 1374 3766 Bene
1417 3705 1574 3767 vale.
1669 3705 1954 3768 Profesto
2002 3706 2354 3769 dominicae
2384 3728 2608 3770 ascen-

345 3787 550 3850 sionis
596 3785 846 3849 MDXV.

662 3885 784 3940 Cod.
821 3885 954 3940 Frcf.
991 3887 1109 3938 474.

488 4019 517 4048 ⁸
544 4006 719 4072 quidsi
758 4006 906 4059 Tenx.
1051 4011 1080 4048 b
1107 4022 1219 4073 cap.
1258 4007 1288 4058 7
1331 4005 1476 4058 Tem.
2573 4078 2582 4089 η

463 4078 510 4156 ”¹
547 4074 664 4142 Vgl.
719 4073 940 4153 Schluss
979 4077 1086 4154 ’des
1142 4092 1252 4128 vor.
1303 4074 1390 4129 ΒΓ.
1437 4143 1446 4160 ι
1532 4075 1553 4107 ²
1586 4075 1783 4158 laven.
1826 4073 1917 4152 Vl,
1952 4076 2056 4152 46..
2178 4076 2200 4107 ⁸
2231 4075 2461 4131 Handelt
2514 4080 2613 4130 mit

342 4143 1103 4278 Zfflrsffisinzefilieffiffoe
1141 4159 1206 4243 V?
1208 4143 1373 4279 ”vssfi‘
1385 4161 1593 4266 §staff
1600 4162 1697 4264 '21²‘
1714 4143 1818 4262 :5¹¹0
1854 4143 2609 4266 sfagssssssffssssssssssssssfflffisst

345 4279 561 4333 Similia
594 4295 624 4331 e
661 4280 913 4348 physicis,
951 4281 1200 4348 pleraque
1235 4295 1304 4331 ex
1339 4279 1621 4358 Aristotele
1658 4280 1711 4330 et
1746 4278 1929 4347 Plinio.
1992 4283 2203 4357 Argent.
2244 4283 2391 4336 1514.
2500 4283 2523 4313 ⁶
2556 4281 2611 4335 S.

344 4347 1186 4404 00000
2194 4348 2288 4401 00
