3084 4895
1222 454 1433 507 Mutian
1470 468 1538 505 an
1576 448 1776 505 Urban.
2509 451 2635 518 585

374 630 593 693 notam
668 624 881 689 devito
947 624 1202 688 tacitus».
1295 622 1389 688 'I’u
1446 622 1655 687 verbis
1722 622 1974 703 assequi
2036 625 2218 704 potes
2276 626 2480 687 totam
2526 645 2636 687 ex-

375 710 859 796 spectationem.
967 709 1138 773 Bene
1206 710 1435 773 valeas.
1548 708 1782 772 Datum
1850 730 1925 772 eo
1994 708 2112 786 die,
2178 730 2307 790 quo
2374 708 2634 773 Clodius

374 796 852 865 Cornicularius
921 798 986 859 et
1053 796 1372 859 Maximus
1448 792 1831 858 Parthenius
1898 800 1959 857 et
2020 792 2313 858 Saturius
2380 795 2634 859 decurio

373 882 908 949 cubiculariorum
944 883 1008 945 et
1039 881 1296 964 quidam
1331 903 1363 943 e
1395 880 1777 962 gladiatorio
1810 878 1959 944 ludo
1990 880 2360 944 vulneribus
2390 885 2635 961 septem

371 969 806 1035 Domitianum
880 965 1212 1031 Caesarem
1282 967 1903 1031 contrucidaverunt.
2018 966 2282 1047 Ignosce
2349 966 2635 1031 verbosis

372 1055 634 1138 ineptiis
679 1052 887 1117 amici.

824 1189 1036 1254 Fortis
1081 1193 1146 1252 et
1190 1188 1437 1253 strenui
1485 1188 1720 1271 equitis
1767 1188 2180 1271 epitaphium.

566 1293 742 1358 Mille
787 1293 1054 1374 equiteS‚
1101 1292 1370 1356 totidem
1419 1292 1663 1374 pedites
1708 1313 1937 1356 manus
1982 1314 2111 1355 una
2157 1291 2433 1371 subegit.

651 1380 816 1456 Quid
861 1378 1046 1442 tum?
1109 1377 1572 1442 „Stormdorfus
1618 1378 1924 1441 sternitur
1970 1400 2119 1441 ense
2164 1399 2377 1440 senex.

568 1465 781 1529 Fortis
825 1467 992 1543 erat3
1040 1464 1194 1545 quid
1239 1463 1424 1527 tum?
1513 1462 1734 1527 Claros
1781 1468 1925 1544 post
1971 1462 2143 1526 mille
2187 1463 2437 1526 labores

651 1555 782 1614 tam
832 1548 1058 1613 fortem
1107 1549 1290 1613 fortis
1336 1548 1574 1613 femina
1620 1548 1787 1613 Mors
1832 1550 2066 1635 rapuit.

681 1652 804 1705 eod.
842 1650 976 1705 Frcf.
1014 1653 1131 1705 515.

373 1839 604 1911 (cotha.)
1427 1822 1573 1887 522.
2072 1835 2147 1902 (n.
2185 1836 2241 1891 n.
2280 1836 2423 1905 sept.
2464 1836 2635 1905 1515.)

1109 1952 1402 2022 Mutian
1445 1971 1546 2021 an
1588 1949 1897 2022 Urban.¹

377 2078 604 2146 (Hutten
639 2080 755 2133 wnd
795 2080 989 2135 Oratus
1018 2081 1212 2148 wer-fen
1234 2081 1308 2135 M.
1334 2080 1398 2135 in
1421 2080 1577 2135 ihren
1608 2079 1828 2149 Briefm
1850 2080 1936 2134 (bie
1958 2079 2139 2133 Kic‘m
2159 2079 2334 2133 seiner
2363 2077 2639 2135 Sokrewen

375 2165 488 2201 vor.
561 2148 668 2203 Mit
701 2149 911 2202 soloben
943 2150 1237 2217 reixbaoeen,
1273 2150 1713 2204 selbstbewussten
1756 2149 1947 2203 Poeten
1993 2148 2107 2201 will
2137 2165 2195 2201 er
2226 2147 2373 2201 nicht
2407 2146 2636 2201 streiten.

815 2218 959 2273 Bitte
993 2218 1109 2272 eine
1144 2219 1294 2273 Kiste
1326 2218 1422 2288 fiir
1455 2220 1559 2271 den
1591 2218 1786 2272 Becker
1818 2235 1893 2273 mu
1926 2217 2203 2284 schiah-en.)

949 2336 1255 2397 Magistro
1290 2336 1376 2387 Η.
1410 2336 1670 2387 ‘Urbano
1704 2334 1793 2385 M.
1828 2332 2055 2385 Rufus.

581 2441 644 2508 S.
769 2441 1045 2510 Cenanti
1120 2447 1273 2511 mihi
1349 2447 1637 2512 redditae
1710 2449 1863 2511 sunt
1949 2440 2247 2509 Hutteni²
2326 2446 2391 2507 et
2461 2441 2639 2507 Croti

370 2527 610 2593 literae.
703 2529 1152 2612 Dequeruntur
1215 2537 1279 2597 et
1345 2555 1446 2597 me
1515 2533 1701 2614 quasi
1770 2531 2101 2613 postulant
2170 2529 2502 2594 brevitatis
2569 2529 2633 2592 in

371 2613 724 2679 scribendo,
807 2616 1056 2682 Amoris
1087 2618 1150 2682 id
1187 2625 1300 2682 est.
1379 2618 1502 2696 Qui
1547 2622 1742 2694 amat,
1781 2639 1910 2682 non
1945 2618 2068 2681 nisi
2100 2615 2636 2700 locupletissimas

369 2705 717 2782 exspectat.
829 2701 963 2786 Ego
1020 2726 1170 2768 vero
1233 2706 1553 2769 laconicas
1613 2705 1840 2769 scribo.
1931 2703 2149 2768 Placet
2208 2699 2634 2786 μικρολογεῒν.

371 2785 682 2868 Displicet
725 2789 934 2853 otiosa
982 2790 1255 2855 latitudo
1303 2793 1368 2854 et
1411 2791 1597 2873 copia
1642 2811 1768 2855 non
1817 2790 2001 2854 valde
2047 2790 2423 2854 necessaria.
2514 2787 2636 2865 Qui

369 2875 584 2936 mente
645 2894 772 2936 non
845 2880 1171 2954 constant,
1238 2878 1468 2942 insana
1535 2875 1729 2940 verba
1795 2898 1874 2940 ex
1936 2887 2059 2940 se⁸
2102 2879 2421 2960 promunt.
2512 2872 2635 2950 Qui

370 2958 561 3039 sapit,
622 2981 827 3042 pauca
870 2961 1172 3043 loquitur.
1265 2961 1412 3026 Tria
1457 2962 1651 3026 verba
1695 2962 1735 3025 i.
1784 2985 1835 3025 e.
1885 2983 2106 3045 pauca.
2200 2960 2353 3026 Tres
2416 2965 2633 3024 tamen

368 3043 704 3125 collegium
777 3046 1042 3126 faciunt,
1104 3052 1177 3112 ut
1217 3048 1450 3130 inquit
1513 3047 2031 3130 jurisconsultus.
2123 3045 2192 3111 Si
2239 3051 2367 3111 tres
2412 3049 2637 3130 poetae

368 3129 660 3194 sederent
729 3131 793 3194 in
862 3133 1130 3215 collegio
1203 3139 1268 3198 et
1335 3134 1567 3199 Caesar
1632 3133 2111 3196 Maximilianus
2174 3133 2434 3208 veniret,
2507 3152 2632 3194 non

370 3222 799 3297 assurgerent.
893 3218 989 3282 lta
1056 3220 1180 3284 sibi
1247 3220 1456 3302 placet
1521 3221 1642 3284 hoc
1710 3240 1912 3300 genus
1985 3217 2333 3282 hominum.
2424 3215 2635 3280 Julius

369 3298 624 3377 Caesar,
683 3302 1128 3386 amplissimus·
1159 3309 1224 3369 et
1268 3306 1757 3371 florentissimus
1802 3305 1915 3380 vir,
1964 3305 2030 3367 in
2080 3303 2415 3385 collegium
2485 3323 2636 3383 poe-

368 3388 577 3450 tarum
625 3408 768 3451 cum
815 3391 1118 3469 venisset,
1165 3391 1394 3455 Accius
1441 3396 1631 3476 poeta
1677 3413 1806 3454 non
1852 3389 2225 3464 assurrexit,
2271 3410 2397 3453 non
2444 3387 2637 3469 maje-

369 3472 558 3535 statis
604 3472 738 3554 ejus
783 3474 1132 3554 immemor,
1165 3477 1275 3541 sed
1310 3478 1478 3559 quod
1514 3500 1583 3541 se
1613 3477 1679 3540 in
1715 3476 1976 3540 Musicis
2022 3475 2254 3540 studiis
2301 3474 2635 3557 aliquanto

367 3557 755 3638 superiorem
817 3583 955 3625 esse
1014 3563 1377 3626 confideret.
1468 3564 1637 3641 Ideo,
1707 3563 1788 3625 mi
1851 3561 2129 3638 Urbane,
2193 3582 2409 3624 vereor
2464 3559 2636 3623 inso-

369 3642 629 3706 lentiam
677 3650 1036 3727 poetarum:
1087 3669 1212 3712 non
1261 3648 1463 3712 audeo
1509 3670 1653 3712 cum
1712 3648 1914 3712 tantis
1943 3650 1972 3688 ¹³
2034 3647 2309 3729 ingeniis
2378 3649 2635 3708 certare.

369 3726 560 3806 Cedo,
651 3729 912 3795 herbam
999 3732 1128 3796 d0.²
1250 3733 1396 3804 Hui,
1473 3734 1792 3816 quomodo
1873 3732 2257 3798 insultarent
2332 3731 2505 3808 mihi,
2582 3730 2637 3793 si

368 3814 557 3878 unico
623 3816 815 3880 verbo
862 3818 1259 3882 stomachum
1308 3819 1435 3882 illis
1465 3831 1492 3859 0
1540 3819 1889 3884 moverem!
1982 3819 2141 3882 Acer
2187 3823 2247 3881 et
2297 3815 2636 3880 vehemens

368 3897 618 3964 Ulricus
687 3902 1010 3966 Huttenus
1073 3908 1135 3967 et
1199 3925 1464 3986 magnus
1527 3909 1733 3986 poeta,
1792 3905 1900 3968 sed
1958 3905 2126 3981 talis,
2194 3907 2267 3967 ut-
2311 3902 2635 3965 levissimo

369 3984 540 4049 dicto
608 3986 842 4052 irritari
910 3989 1130 4070 possit.
1244 3990 1736 4054 Parcant.mihi
1806 3990 1932 4054 ista
1998 3989 2273 4070 ingenia,
2344 4011 2411 4051 se
2483 3986 2637 4050 mihi

366 4069 745 4152 praeferant.
843 4072 1046 4155 Cupio
1091 4079 1156 4138 et
1203 4077 1409 4156 patior
1454 4077 1625 4139 vinci
1658 4076 1738 4139 ab
1773 4076 1914 4140 illis.
2007 4075 2349 4156 Nunquam
2398 4073 2637 4155 gloriae

368 4156 602 4219 studui.
694 4157 788 4221 Tu
837 4158 1084 4224 thecam
1148 4163 1352 4239 mitte,
1399 4168 1472 4226 ut
1519 4161 1790 4243 cyathus
1856 4161 2238 4238 includatur,
2316 4161 2449 4223 sive
2517 4158 2637 4221 tibi

504 4340 532 4368 a
559 4341 618 4380 se
653 4342 710 4380 se
749 4327 899 4380 Tenx.
1040 4333 1068 4371 b
1095 4329 1180 4384 his
1220 4331 1369 4382 Tem.
1513 4346 1537 4374 c
1567 4331 1697 4400 ipsis
1736 4331 1884 4384 Tenx.

511 4396 528 4426 ¹
563 4396 720 4448 Auch
754 4396 810 4448 in
845 4396 972 4449 Βὸο
987 4396 1163 4466 king,
1200 4397 1328 4468 Opp.
1365 4397 1517 4452 Hutt.
1557 4401 1599 4468 1,
1638 4399 1722 4460 38,
1760 4399 1897 4452 nach
1934 4399 2055 4451 dem
2090 4395 2441 4450 Tenzelschen
2478 4394 2639 4449 Texte

368 4463 480 4516 und
516 4462 652 4517 ohne
688 4479 950 4534 genauere
987 4466 1478 4537 Zeitbestimmung.
1622 4471 1642 4501 ²
1681 4468 1799 4539 Vgl.
1836 4467 1889 4539 S.
1928 4466 2029 4521 226
2063 4469 2125 4520 A.
2165 4465 2212 4520 2.
