3084 4895
1200 421 1414 478 Mutian
1450 436 1520 474 an
1556 420 1605 473 H
1609 417 1816 472 erbord.
2511 413 2640 482 483

367 597 703 675 rogaretur
762 593 840 658 de
892 593 1129 658 scholis
1176 597 1241 656 et
1292 593 1618 674 magistris
1681 591 2262 675 Erphurdiensibus
2325 589 2640 669 (audierat

367 679 539 742 enim
589 676 913 742 Cononem
946 691 974 720 ⁸
1016 678 1548 762 philosophum¹),
1597 679 1925 759 respondit
1970 679 2276 743 subacida
2327 675 2640 757 quaedam

369 769 437 827 et
534 763 764 828 acerba
850 765 1110 846 negotia
1210 765 1433 828 fecisse
1533 764 1932 828 stomachum
2025 762 2440 856 praeceptori'
2505 781 2638 824 suo.

375 849 621 930 „Estne
667 848 891 914 Conon
937 851 1043 914 ille
1086 855 1239 913 tuus
1285 847 1570 926 doctor“,
1617 851 1900 931 inquam,
1953 851 2103 931 „qui
2145 869 2406 912 uxorem
2455 846 2644 909 duxit

364 935 728 1012 Zonariam,
815 937 1211 1017 propinquus
1287 934 1584 998 videlicet
1650 935 1804 997 clari
1872 935 2150 998 hominis
2217 933 2641 1012 Engelmanni

364 1019 810 1100 coquinarii‘?“
899 1019 1094 1101 „Ita“,
1126 1019 1361 1101 inquit.
1440 1019 1676 1083 Postea
1705 1041 1854 1083 vero
1883 1020 2216 1103 interjecto
2263 1017 2638 1099 quadriduO,

369 1125 515 1167 cum
563 1104 641 1166 de
690 1107 1056 1169 sanctuario
1102 1105 1361 1168 domum
1408 1104 1694 1182 redirem,
1741 1105 2048 1169 salutavit
2089 1127 2190 1168 me
2234 1103 2442 1168 obiter
2472 1124 2638 1165 unus

364 1188 683 1270 exsulum·
718 1194 783 1252 et
827 1190 1157 1272 deplorata
1224 1191 1548 1254 communi
1606 1191 1982 1254 'miserorum
2049 1195 2216 1254 sorte
2283 1188 2494 1269 coepit
2561 1189 2638 1250 de

367 1273 739 1354 Margaritis
784 1279 849 1338 et
893 1275 1265 1356 praesertim
1313 1275 1390 1338 de
1435 1279 1501 1339 te
1545 1275 1740 1357 loqui.
1838 1275 2086 1354 Audivi,
2134 1279 2208 1338 ut.
2251 1274 2442 1351 soloe,
2477 1275 2640 1354 pati-

370 1365 572 1422 enter.
685 1359 859 1424 Inter
926 1361 1053 1424 alia
1129 1361 1411 1424 narravit
1486 1361 1917 1425 Herebordum
1995 1382 2230 1425 novum
2305 1359 2636 1440 syndicum

365 1445 561 1507 nimis
606 1465 819 1508 amare
866 1447 1221 1528 pecuniam.
1320 1445 1556 1527 „Hoc“,
1598 1447 1881 1529 inquam,
1936 1447 2236 1528 „vulgare
2282 1446 2507 1509 vitium
2541 1448 2639 1508 est

364 1530 858 1594 causidicorum.
972 1529 1121 1594 Ideo
1194 1530 1388 1594 rubra
1460 1533 1626 1594 tiara
1701 1532 2068 1613 insignituS,
2140 1535 2214 1595 ut
2281 1531 2420 1593 sine
2484 1535 2639 1594 nota

363 1615 747 1696 peculiarem
824 1615 1259 1680 substantiam
1331 1616 1727 1698 inaugeretf‘
1849 1617 2090 1681 Deinde
2163 1616 2501 1698 subjunxit
2573 1620 2637 1678 te

364 1721 741 1782 oppugnare
811 1701 1103 1765 fortunas
1172 1700 1472 1766 Cononis.
1563 1702 1917 1767 Mirabatur
1959 1703 2064 1766 ille
2110 1707 2174 1766 et
2217 1703 2398 1780 abiit,
2465 1702 2632 1783 quod

366 1787 521 1850 item
572 1808 687 1868 ego
734 1788 969 1851 miror:
1042 1787 1207 1863 Quid
1248 1787 1370 1852 tibi
1402 1809 1546 1851 cum
1579 1789 1874 1852 sordibus
1907 1794 1971 1851 et
2000 1787 2320 1852 avaritia?
2397 1787 2637 1850 Aurum

365 1870 588 1935 multis
654 1872 859 1936 multa
928 1874 1133 1936 suasit
1197 1895 1544 1955 perperam.
1635 1873 1940 1938 Succedis
2008 1874 2259 1938 duobus
2315 1872 2467 1936 mali
2518 1871 2637 1936 fati

364 1956 744 2021 advocatiS.²
837 1958 1045 2041 Atque
1092 1959 1339 2022 utinam
1386 1958 1656 2022 feliciter
1701 1981 1916 2022 eorum
1959 1960 2248 2038 virtuteS,
2281 1979 2410 2022 non
2443 1959 2635 2022 etiam

363 2043 750 2123 rapacitates
796 2047 861 2106 et
905 2043 1122 2107 sordes
1184 2065 1327 2107 vere
1388 2044 1730 2108 illiberales
1782 2048 2021 2128 tuaque
2077 2049 2268 2125 gente
2315 2048 2379 2106 et
2424 2047 2487 2106 te
2538 2044 2635 2108 in-

364 2127 599 2208 dignas
661 2129 1013 2194 aemuleris,
1108 2127 1358 2192 Adhibe
1423 2129 1680 2193 modum
1745 2130 1926 2194 illum
1990 2129 2244 2212 Ulpiani
2297 2128 2501 2192 nostri
2555 2129 2634 2191 de

366 2215 702 2294 captandis
748 2215 848 2278 vel
891 2215 1247 2278 honorariis
1302 2215 1397 2278 vel
1444 2216 1672 2278 xeniis,
1761 2215 1894 2279 Nee
1947 2216 2164 2279 omnia
2222 2236 2336 2278 nec
2396 2215 2633 2294 passim

366 2319 485 2362 nec
530 2299 611 2362 ab
656 2300 974 2364 omnibus.
1068 2300 1163 2363 Ad
1210 2300 1374 2363 hanc
1419 2300 1698 2364 libellam
1730 2304 1796 2364 te
1825 2321 2071 2364 revocO.
2165 2299 2292 2364 Sed
2338 2298 2499 2362 illud
2533 2321 2635 2362 me

368 2385 573 2465 magis
632 2386 992 2462 conturbat,
1050 2386 1218 2467 quod
1274 2384 1716 2468 Engelmanno
1765 2392 1829 2451 et
1875 2387 2007 2451 suis
2053 2386 2360 2451 molestus
2432 2383 2633 2464 fuisti,

366 2470 504 2533 viro
549 2470 930 2552 Moguntino
984 2490 1396 2552 summaeque
1451 2479 1592 2536 tum
1648 2472 2132 2537 benevolentiae
2188 2492 2338 2552 erga
2382 2475 2449 2533 te
2494 2474 2632 2533 turn

366 2555 564 2618 etiam
610 2557 1003 2637 prudentiae.
1097 2556 1247 2620 Sive
1290 2578 1438 2638 ergo
1486 2579 1741 2622 causam
1805 2559 1995 2639 egisti
2063 2557 2384 2640 publicam
2448 2556 2632 2637 jussu

366 2641 801 2718 decurionum,
870 2644 1005 2705 sive
1072 2642 1275 2705 iratus
1342 2645 1638 2723 peccasti,
1695 2647 1844 2724 peto
1891 2666 1930 2706 a
1973 2647 2058 2721 te,
2117 2649 2191 2707 ut
2246 2643 2633 2706 amicissimo

366 2731 434 2789 et
480 2725 641 2791 bene
702 2728 973 2791 merenti
1026 2729 1396 2809 coquinario
1442 2733 1507 2791 te
1555 2750 1786 2809 purges
1832 2735 1896 2792 et
1941 2730 2007 2791 in
2055 2734 2360 2810 perpetua
2426 2729 2635 2809 gratia

366 2816 432 2874 et
498 2811 623 2874 fide
686 2810 975 2876 Martini⁸
1046 2814 1383 2890 consistaS,
1458 2814 1640 2896 cujus
1704 2814 1984 2895 gladium
2064 2818 2244 2895 pater
2319 2815 2485 2895 gerit
2551 2813 2632 2876 ad

370 2896 680 2961 malorum
729 2918 998 2978 poenam
1047 2901 1111 2960 et
1157 2898 1467 2968 bonorum
1501 2899 1937 2981 praesidium*
2028 2898 2444 2980 Exploratum
2477 2898 2634 2961 mihi

368 2986 469 3045 est
514 3003 643 3045 non
692 2982 903 3046 minus
950 3004 1134 3066 posse
1178 2987 1245 3046 te
1290 3004 1480 3064 quam
1526 2984 1688 3047 velle
1734 2985 1938 3048 nostri
1981 2985 2222 3048 ordinis
2267 2984 2634 3048 hominibus

367 3068 687 3149 prodesse.
780 3066 905 3131 Sed
952 3068 1225 3132 fortasse
1286 3070 1517 3133 misera
1566 3070 2075 3151 jurisperitorum
2123 3073 2188 3133 et
2234 3070 2433 3132 nimia
2492 3067 2634 3131 dili-

504 3265 533 3294 ῦ
558 3251 669 3304 Am
701 3252 923 3306 Raude:
962 3252 1079 3323 Mgr
1113 3253 1287 3307 Kune.

364 3352 417 3389 o.
452 3335 503 3390 J.
538 3337 760 3390 datierte
794 3338 946 3391 nicht
978 3338 1121 3392 wohl
1155 3339 1266 3391 sein
1304 3338 1459 3392 kann.
1530 3338 1799 3391 Letzterer
1847 3338 2109 3391 berichtet
2141 3336 2273 3389 iiber
2309 3336 2395 3388 die
2429 3336 2631 3403 taglich

365 3403 682 3458 wachsende
719 3406 851 3459 Zahl
886 3406 979 3459 der
1010 3406 1412 3460 Reuchlinisten
1448 3422 1513 3459 an
1551 3407 1645 3459 der
1679 3406 1916 3459 Erfurter
1949 3404 2162 3471 Schule,
2207 3403 2436 3472 gedenkt
2485 3406 2631 3459 eines

366 3471 642 3525 Besuches
678 3474 771 3527 des
804 3473 1081 3543 Leipziger
1116 3474 1396 3527 Gelehrten
1433 3474 1588 3528 Rich.
1626 3473 1822 3527 Crocus
1857 3475 1967 3525 und
2000 3473 2186 3525 riihmt
2223 3473 2324 3525 den
2357 3470 2503 3524 Eifer
2537 3474 2630 3525 des

373 3540 563 3608 'ungen
599 3540 885 3596 Phaedrus
940 3540 1111 3596 Unter
1144 3544 1384 3596 letzterm
1421 3543 1491 3595 ist
1524 3542 1716 3595 Petrus
1748 3542 2068 3595 Mosellanus
2105 3558 2172 3593 zu
2205 3539 2470 3604 verstehn,
2509 3540 2630 3591 dem

423 3610 570 3661 utian
608 3612 717 3663 erst
748 3611 825 3662 im
858 3610 1099 3666 Sommer
1136 3614 1270 3665 1516
1316 3614 1444 3665 statt
1490 3610 1684 3663 Petrus
1731 3612 1835 3663 den
1881 3611 2182 3663 Vornamen
2235 3608 2462 3673 Φαῖδρος
2511 3610 2626 3675 gab,

364 3677 485 3745 Vgl.
521 3676 777 3731 Mosellan
814 3695 883 3731 an
915 3679 1117 3733 Mutian
1156 3680 1239 3733 25.
1275 3679 1383 3731 Mai
1420 3680 1602 3748 (1516)
1653 3680 1762 3731 und
1795 3678 2000 3731 Mutian
2036 3694 2103 3730 an
2139 3677 2380 3743 Petrejus
2416 3678 2463 3730 5.
2501 3677 2630 3730 Juni

368 3747 502 3799 1516
550 3746 605 3798 in
653 3746 780 3800 coll.
819 3747 1020 3803 Camer.
1058 3748 1259 3801 Monac.
1296 3746 1447 3813 XVI,
1487 3748 1566 3801 13.
1622 3746 1770 3812 VIII,
1808 3748 1892 3800 35.
1963 3746 2052 3799 810
2103 3745 2274 3813 folgen
2331 3747 2495 3796 unten
2549 3745 2628 3798 als

362 3814 457 3866 Nr.
494 3814 610 3867 539.
650 3815 765 3869 542.
838 3817 995 3868 Α11011
1031 3816 1117 3868 die
1152 3817 1379 3883 Anfrago
1414 3830 1483 3869 an
1516 3815 1778 3867 Reuchlin
1817 3816 1950 3867 iiber
1985 3814 2069 3865 die
2105 3812 2408 3866 Aufstellun
2485 3812 2630 3865 einer

362 3880 665 3935 Bibliothek
701 3885 847 3950 passt
881 3883 937 3935 in
973 3884 1087 3937 dies
1122 3884 1268 3951 Jahr,
1306 3884 1373 3937 da
1409 3883 1612 3935 damals
1651 3885 1745 3935 der
1777 3883 2014 3935 Erfurter
2048 3882 2167 3934 Joh.
2215 3882 2362 3948 Lang
2451 3880 2630 3933 iermit

362 3948 679 4018 beschaftigt
724 3964 851 4003 war.
924 3952 991 4005 So
1028 3952 1213 4019 geh'ort
1248 3952 1357 4005 also
1406 3952 1503 4003 mit
1551 3950 1681 4004 aller
1724 3950 2301 4004 Wahrscheinlichkeit
2339 3950 2492 4016 jener
2539 3948 2625 4003 ΒΓ.

362 4018 596 4071 Mutians
632 4034 699 4071 an
734 4018 795 4073 R.
831 4021 887 4071 in
923 4021 1017 4073 das
1052 4021 1099 4074 J.
1141 4021 1289 4086 1516,
1323 4020 1422 4073 wie
1458 4020 1596 4073 auch
1633 4020 1877 4087 Geiger
1913 4018 2153 4095 (Reuchl.
2189 4018 2398 4071 Briefw.
2425 4016 2477 4095 8.
2504 4017 2626 4087 256)

363 4101 746 4207 ῗιέῗὲῃοωπιεθῒη
793 4088 943 4209 hat.q
972 4088 1177 4164 Friilier
1225 4104 1354 4209 vimi)
1381 4089 1469 4209 iq}
1516 4088 1872 4209 geffeiffi'p'sslff
1907 4091 2008 4208 gut
2040 4085 2422 4207 Kalmlpschffilte
2459 4100 2543 4205 1qu
2576 4086 2624 4139 J.

364 4224 459 4275 der
492 4170 833 4290 Βῖἶᾱὸῗοῖἓὲζ
872 4172 1227 4290 ᾱὶςὶῶῗθζὲῗιῖᾏ
1262 4172 1415 4291 iira'u,
1455 4173 1572 4276 3333
1608 4197 1722 4292 g'eb.
1761 4196 1998 4285 Zon'ariiz⁹
2047 4170 2627 4301 veywssssdteffff‘rngg‘?

364 4306 567 4345 manns,
682 4332 692 4345 .
731 4293 835 4345 469
871 4296 933 4347 A.
971 4294 1018 4347 6.
1094 4294 1148 4347 8.
1185 4293 1289 4345 482
1325 4296 1385 4347 A.
1426 4294 1473 4347 2.
1583 4295 1604 4325 ²
1641 4293 1776 4345 Dem
1817 4293 1948 4345 1509
1985 4292 2347 4343 verti-lebenen
2382 4290 2628 4357 Hennmg

367 4358 705 4481 6040(ξῦηηῖ
726 4360 869 4481 (1οᾞ.
886 4363 1022 4481 11115ῒ14
1056 4361 1476 4482 hipggriqhtgten
1512 4360 1784 4481 Bolpiezarffi
1819 4362 1936 4480 Yth-³
1969 4360 2096 4479 Desl
2112 4359 2344 4481 MSainlzleg
2375 4358 2624 4479 Etu3hleS.

578 4444 636 4481 er
706 4444 765 4483 as
854 4446 905 4482 10
968 4446 1112 4483 eram
1218 4445 1566 4483 eracsvon
1639 4444 1696 4479 er
1787 4444 1835 4481 a⁴
1907 4445 2110 4496 envg.
2189 4470 2199 4481 .
2425 4468 2436 4479 .
2509 4468 2521 4479 .

2077 4497 2216 4561 31*
