3084 4895
1043 405 1250 470 Mutian
1288 433 1357 470 an
1394 405 1578 472 Urbau
1614 410 1723 468 und
1763 403 2018 472 Herbord.
2575 418 2656 482 79

402 693 593 761 (Gotha
626 693 753 745 oder
788 692 1177 762 Georgenthal.)
1476 696 1576 760 73,
2357 692 2655 763 (1506—8.)

836 830 1124 900 Mutian
1170 829 1325 900 und
1371 829 1625 900 Urbau
1672 851 1768 900 an
1811 830 2206 900 Her-borch*

402 967 920 1034 (Schmeiehelhaftes
955 967 1083 1020 vaer
1118 967 1381 1020 Herbords
1406 967 1574 1034 Brief.
1645 967 1763 1020 Far
1787 967 2024 1020 Herbord
2043 968 2128 1020 dic
2153 967 2306 1024 Erde,
2341 968 2438 1034 fiir
2479 968 2659 1022 Urban

483 1037 597 1089 und
635 1037 856 1089 Mutian
890 1037 981 1088 der
1016 1037 1269 1090 Himmel.
1342 1037 1599 1104 Drohcmy
1632 1037 1736 1089 mit
1770 1036 1915 1088 ihrer
1949 1037 2317 1104 bezechijfliehen
2353 1036 2568 1102 Macht.)

505 1161 645 1210 Duo
700 1132 977 1212 seniores
1007 1172 1202 1212 unum
1252 1161 1571 1212 ethnicum
1628 1160 2067 1221 philosophum
2122 1160 2555 1211 Herebordum

1240 1248 1487 1298 nomine
1524 1247 1823 1298 salutant.

613 1365 842 1447 Accepi
887 1366 1104 1430 literas
1148 1371 1297 1430 tuas
1347 1368 1568 1450 plenas
1615 1366 1992 1430 eruditionis
2039 1364 2388 1447 antiquae.²
2465 1366 2661 1430 Grata

404 1455 556 1514 sunt
610 1451 971 1527 admodum,
1034 1474 1197 1533 quae
1245 1454 1491 1530 scribis,
1557 1475 1685 1517 non
1731 1459 1860 1516 tam
1910 1450 1990 1515 ob
2043 1453 2242 1533 ipsam
2291 1454 2661 1531 doctrinam,
2746 1487 2750 1491 ·

406 1558 796 1620 quamquam
830 1550 857 1578 ⁸
901 1540 983 1601 ob
1018 1561 1152 1603 eam
1203 1561 1474 1621 quoque,
1522 1562 1712 1623 quam
1762 1545 2016 1621 propter
2061 1538 2332 1602 indolem
2382 1541 2662 1603 suavita-

402 1630 660 1706 temque
711 1625 955 1706 ingenii
998 1626 1117 1689 tui.
1210 1625 1370 1689 Nam
1420 1631 1663 1690 remota
1708 1630 1861 1689 sunt
1906 1626 1987 1689 ab
2033 1646 2150 1688 usu
2214 1626 2664 1702 ecclesiasticO,

406 1731 569 1790 quae
613 1710 730 1774 tibi
779 1712 1097 1792 proponiS,
1144 1718 1207 1775 et
1238 1712 1389 1777 olim
1424 1717 1488 1776 et
1520 1734 1719 1794 nuper
1749 1717 1812 1774 et
1837 1712 1969 1793 jam
2025 1713 2302 1794 explosa.
2395 1712 2462 1776 Si
2496 1713 2662 1776 enim

404 1801 468 1860 te
515 1800 847 1878 tantopere
894 1798 1167 1861 delectat
1213 1799 1351 1880 ipsa
1390 1805 1578 1871 terra,
1629 1800 1956 1880 permittas
2002 1798 2144 1860 aliis
2177 1798 2419 1861 coelum
2453 1799 2662 1882 suspi-

407 1904 546 1945 cere
594 1887 656 1946 et
703 1883 822 1964 piis
868 1883 1101 1948 fabulis
1146 1885 1285 1947 niti.
1378 1885 1539 1948 Nam
1588 1885 1822 1966 recepti
1870 1906 2088 1948 sumus
2135 1884 2196 1946 in
2245 1885 2513 1949 tutelam
2564 1886 2664 1948 dei

407 1970 679 2033 viventis
748 1974 813 2032 et
872 1969 1143 2034 fatemur
1211 1992 1352 2034 cum
1421 1971 1733 2053 apostolO,
1799 1973 2131 2052 ‘peccatum
2180 1992 2314 2034 esse
2361 1973 2663 2058 quicquid

406 2060 587 2119 extra
656 2055 843 2118 fidem
904 2061 1018 2120 est.
1132 2056 1349 2120 Fidem
1400 2058 1670 2122 dicimus
1717 2078 1840 2119 non
1887 2057 2059 2120 illam
2107 2057 2421 2121 dictorum
2468 2059 2665 2122 facto-

406 2163 672 2222 rumque
717 2143 1164 2219 constantiam,
1195 2145 1223 2182 Β
1272 2145 1380 2208 sed
1430 2144 1791 2226 opinionem
1840 2143 1917 2206 de
1960 2144 2149 2206 rebus
2181 2143 2431 2222 divinis,
2479 2145 2664 2226 quasi

410 2229 729 2308 quandam
778 2229 1092 2310 publicam
1142 2230 1580 2294 credulitatem
1630 2235 1693 2292 et
1739 2229 2128 2292 fructuosam
2172 2231 2661 2312 persuasionem.

414 2314 505 2376 Ea
572 2319 821 2378 tantum
892 2314 1087 2396 pollet.
1151 2317 1319 2397 apud
1386 2337 1608 2380 omnes
1675 2322 1918 2396 genteS,
1985 2320 2058 2378 ut
2121 2316 2412 2380 credatur
2476 2317 2666 2398 vulgo

414 2400 599 2465 nobis
636 2401 819 2465 datas
852 2423 987 2465 esse
1018 2401 1225 2467 claves
1258 2404 1436 2486 regni
1468 2402 1802 2467 coelorum.
1898 2401 2200 2483 Quisquis
2232 2403 2424 2486 igitur
2459 2403 2666 2469 claves

416 2493 665 2551 nostras
726 2489 1154 2571 contemserit,
1220 2490 1466 2553 clavum
1526 2495 1592 2553 et
1657 2490 1900 2553 clavam
1969 2490 2221 2553 sentiet.
2338 2488 2668 2554 Cornelius

410 2573 623 2655 Nepos
654 2581 874 2639 auctor
902 2586 927 2615 0
973 2581 1070 2639 est
1110 2576 1459 2658 Pomponio
1508 2576 1721 2639 Attico
1769 2580 1994 2640 natum
2037 2575 2233 2640 fuisse
2277 2576 2526 2639 clavum
2571 2578 2669 2640 in-

413 2660 781 2725 sanabilem.
874 2661 1161 2725 Herculis
1204 2666 1270 2725 et
1312 2662 1618 2744 Diogenis
1663 2662 1908 2725 clavam
1958 2662 2192 2725 vidisti.
2283 2662 2415 2726 Nos
2476 2663 2673 2745 igitur

414 2752 701 2829 pastores
747 2749 811 2811 et
857 2748 1135 2829 episcopi
1191 2748 1544 2831 (presbyter
1603 2749 1770 2812 enim
1833 2752 1898 2811 et
1952 2750 2286 2830 episcopus
2340 2749 2405 2811 in
2451 2751 2670 2813 multis

419 2833 573 2896 locis
620 2855 937 2897 sacrarum
984 2835 1306 2898 literarum
1355 2835 1517 2898 idem
1568 2836 1742 2912 sunt)
1790 2835 2016 2917 grandi
2063 2841 2125 2897 te
2169 2834 2348 2898 clava
2381 2836 2669 2899 verbera-

414 2918 643 2994 bimuS,
715 2920 834 2982 nisi
895 2919 1217 2984 mandatis
1286 2922 1519 2984 nostris
1588 2921 1724 2983 zelo
1795 2920 2052 3002 publico
2109 2921 2660 3003 obtemperaveris

412 3004 856 3069 contradices:
921 3006 1221 3089 „clericus
1282 3013 1544 3089 portans
1611 3029 1786 3069 arma
1831 3008 2428 3085 excommunicetur,
2479 3010 2665 3072 item:

416 3113 543 3154 non
601 3093 686 3154 sit
742 3093 1329 3175 percussorbonus
1376 3092 1687 3157 sacerdos
1781 3092 2044 3156 Frustra
2090 3094 2284 3174 igitur
2333 3096 2518 3157 minis
2564 3118 2664 3159 me

414 3176 717 3240 terretiS.“
815 3179 897 3241 At
941 3181 1163 3255 nescis,
1204 3199 1367 3260 quae
1412 3182 1545 3242 sint
1591 3201 1765 3242 arma
1812 3180 2062 3243 detonsi
2109 3183 2171 3242 et
2215 3181 2392 3243 uncti
2435 3182 2664 3262 gregis,

416 3264 789 3347 Accepimus
834 3264 909 3327 de
962 3269 1219 3347 pectore
1288 3264 1612 3347 Serapidis
1681 3266 1995 3347 magicum
2059 3265 2504 3344 characterem,
2566 3269 2667 3331 cui

412 3350 599 3414 Jesus
633 3349 953 3415 Galilaeus
994 3352 1439 3415 auctoritatem
1474 3352 1667 3415 dedit.
1716 3350 1836 3415 Illa
1867 3352 2071 3431 figura
2103 3351 2398 3431 fugamus
2434 3354 2668 3431 hosteS,

415 3437 726 3501 allicimus
784 3458 1093 3513 nummOS,
1165 3438 1349 3501 deum
1411 3459 1872 3515 consecramUS‚
1941 3437 2206 3501 Tartara
2269 3441 2668 3503 concutimus

416 3530 479 3586 et
523 3522 791 3587 facimus
858 3524 1192 3601 mirabilia,
1240 3525 1371 3587 sive
1438 3525 1742 3588 coelestes
1807 3526 1938 3587 sive
1998 3525 2312 3601 scelesteS‚
2390 3527 2542 3589 nihil
2590 3529 2670 3591 ad

416 3630 566 3686 rem,
613 3610 952 3673 dummodo
998 3611 1194 3674 simus
1242 3611 1411 3673 beati
1457 3610 1638 3674 Jovis
1683 3610 2002 3691 epulones
2095 3610 2259 3673 Vale.

1554 3696 1777 3759 Senior
1821 3696 2148 3760 Mutianus

1548 3788 1615 3846 et
1659 3782 1953 3847 Urbanus
1999 3784 2230 3845 senior.

725 3881 847 3935 Cod.
886 3881 1015 3935 Frcf.
1054 3883 1101 3937 3.

554 4136 581 4223 ἲ
609 4139 745 4245 Ὲὲῗῃ
784 4140 924 4245 urzig}-
952 4125 1670 4270 bietgtczldsstassteisatiiiimun}
1687 4122 1896 4259 auggg&
1947 4190 2380 4258 Anhaltspunkte.
2408 4261 2417 4270 ·
2475 4193 2548 4245 Ei·
2604 4193 2673 4244 ist

419 4260 665 4313 wahrend
712 4262 855 4315 eines
898 4261 1169 4313 Besuches
1214 4260 1445 4314 Mutians
1480 4278 1535 4313 m
1593 4260 1939 4329 Georgenthal
1987 4262 2111 4312 oder
2155 4261 2360 4313 Urbans
2405 4278 2456 4313 in
2504 4264 2674 4314 (iotha

420 4330 777 4395 geschriebeu.
920 4333 940 4362 ‘2
976 4330 1091 4382 Von
1127 4330 1391 4383 Herbords
1427 4330 1638 4382 Briefen
1675 4331 1766 4383 hat
1791 4330 1906 4383 sich
1933 4346 2027 4381 aus
2053 4328 2395 4381 erkliirlichen
2421 4332 2673 4382 Griindeu

414 4400 615 4451 &einer
649 4400 897 4453 erhalten.
971 4399 1020 4453 S.
1061 4400 1125 4453 72
1162 4402 1222 4454 A.
1265 4401 1309 4453 1.
