3084 4895
425 389 550 456 364
1247 391 1424 446 Briet'e
1457 389 1551 446 des
1586 391 1637 446 J.
1678 389 1825 448 1513.

430 564 496 626 et
539 560 726 626 simul
772 565 845 625 ut
875 561 1023 627 -dixi
1071 567 1281 629 motus
1327 564 1699 628 vicariorum
1758 563 2072 628 instanter
2114 568 2196 634 et.
2221 565 2497 646 graviter
2548 566 2670 630 im-

426 651 700 732 portuna
759 649 1010 730 querela
1065 650 1530 714 stimulantium
1588 650 1876 734 acquievi
1942 651 2341 715 consensioni
2402 654 2669 716 vestrae.

429 733 582 798 Post
625 733 691 797 in
735 734 934 800 literis
994 735 1126 800 tuis
1183 737 1450 820 exponis
1494 741 1560 800 te
1606 736 1667 799 id
1713 737 1919 820 ipsum
1975 736 2239 800 sentire:
2296 758 2434 801 esse
2481 737 2671 802 Dith-

424 841 665 884 marum
725 820 1102 886 nebulonem
1158 827 1221 886 et
1279 821 1561 904 planum,
1622 825 2008 886 structurum
2068 823 2205 887 sine
2264 843 2380 888 suo
2424 823 2671 888 incom-

427 905 636 982 mode,
684 905 924 971 locasse
967 912 1032 973 te
1077 907 1330 974 domum
1377 909 1589 973 minus
1633 908 1919 973 libenter.
2008 907 2091 972 Et
2144 908 2335 993 paulo
2390 915 2539 974 ante
2596 909 2669 974 in

425 992 568 1057 aliis
613 991 830 1070 literis„
878 993 1111 1076 quibus
1155 1000 1592 1078 repraesentas
1638 994 1782 1059 Rufi
1828 992 2363 1077 chirographum,¹
2407 995 2494 1076 „si
2526 993 2666 1075 tu“,

426 1078 658 1160 inquis,
710 1101 872 1160 „non
919 1080 1302 1162 probaveris,
1349 1080 1504 1144 nihil
1554 1080 1719 1144 haec·
1754 1078 2003 1144 sunto.“
2091 1079 2236 1159 Sed,
2270 1081 2352 1144 mi
2385 1079 2660 1160 Urbane,

425 1165 574 1245 quid
644 1164 993 1229 faciemus?
1083 1166 1260 1243 Quod
1309 1189 1344 1228 a
1388 1172 1453 1231 te
1518 1167 1702 1248 quasi
1770 1166 2133 1230 solemniter
2199 1171 2447 1248 gestum
2519 1166 2665 1245 fuit,

423 1271 560 1314 meo
621 1251 854 1334 scripto
917 1252 1238 1316 ratificavi.
1303 1253 1421 1316 etsi
1483 1253 1777 1334 privatim
1834 1253 1914 1317 ad
1971 1257 2034 1315 te
2092 1254 2392 1316 scribens
2482 1251 2671 1318 Nunc-

425 1337 623 1419 major
668 1342 732 1400 et
775 1338 979 1401 minor
1048 1337 1485 1421 Someringus²
1542 1339 1751 1409 aliam,
1810 1345 1882 1402 ut
1928 1338 2119 1415 vides,
2182 1339 2456 1402 offerunt
2513 1359 2668 1403 con-

425 1423 747 1487 ditionem.
840 1423 1114 1488 Evidens
1157 1425 1448 1506 aequitas
1493 1424 1688 1502 elidit,
1719 1426 1888 1508 pacti
1932 1424 2253 1489 solemnia.
2347 1424 2416 1488 Si
2449 1429 2667 1489 tamen

419 1531 495 1573 ea
543 1508 817 1574 debeant
869 1531 1005 1574 esse
1051 1515 1207 1589 rata,
1269 1531 1430 1592 quae
1493 1510 1661 1575 inter
1705 1531 1817 1574 vos
1861 1510 2214 1593 pepigistis,
2275 1510 2432 1575 nihil
2484 1515 2668 1576 muto

427 1599 493 1660 et
535 1595 806 1662 haerebo
849 1601 1055 1660 tecum
1105 1596 1169 1661 in
1217 1597 1434 1662 eadem
1467 1597 1732 1662 salebra.
1824 1595 2068 1678 Sequar
2098 1601 2277 1661 tuum
2310 1596 2666 1662 arbitrium.

423 1681 493 1746 Si
537 1682 763 1764 placet,
812 1681 1097 1760 subveni,
1145 1683 1243 1747 sin
1289 1682 1600 1767 displicet,
1648 1704 1827 1764 nega.
1912 1681 2047 1766 Ego
2096 1687 2267 1747 nut0.
2358 1682 2667 1747 Neutram

422 1767 488 1832 in
533 1773 775 1851 partem
831 1769 1087 1833 inclino.
1176 1768 1495 1833 Nebuloni
1560 1789 1684 1833 non
1745 1768 1943 1832 faveo,
2036 1768 2295 1832 Vicariis
2364 1769 2670 1845 cederem,

422 1855 546 1919 nisi
590 1854 852 1937 maligni
901 1859 1130 1918 essent.
1221 1852 1592 1920 Cotionum⁸
1647 1855 1849 1919 amico
1911 1877 2273 1932 annuerem,
2334 1857 2387 1918 si
2452 1859 2671 1937 posset

420 1962 550 2006 rem
617 1940 967 2006 defendere.
1057 1940 1272 2018 Quid?
1341 1963 1550 2005 nonne
1616 1941 1816 2004 satius
1878 1945 2045 2004 esset
2102 1962 2322 2026 parum
2383 1942 2669 2023 accipere

423 2048 612 2110 quam
659 2029 917 2092 omnino
965 2027 1167 2090 nihil?
1255 2027 1561 2091 Permitto
1608 2030 1814 2092 totum
1870 2027 2196 2110 negotium
2253 2031 2367 2091 tuo
2428 2028 2668 2104 studi0,

421 2118 572 2178 tuae
617 2113 782 2192 fidei,
842 2119 990 2178 tuae
1053 2113 1362 2179 solertiae.
1452 2113 1639 2196 Eripe
1706 2113 1939 2178 nubem
2004 2114 2169 2177 hanc
2237 2113 2427 2192 mihi3
2494 2115 2668 2197 quod

423 2201 628 2277 datur,
675 2200 905 2286 accipe.
1000 2199 1232 2264 Amicis
1266 2200 1608 2264 carissimis
1639 2204 1887 2283 gratum
1922 2199 2137 2276 facit0,
2168 2201 2225 2264 si
2254 2200 2387 2264 fieri
2432 2205 2667 2282 potest.

421 2287 527 2353 Vir
588 2311 654 2352 es
713 2287 792 2352 ad
854 2286 1247 2369 procuranda
1312 2285 1733 2368 obeundaque
1798 2291 1988 2350 nat-us
2055 2286 2312 2369 negotia
2379 2294 2443 2350 et
2505 2285 2671 2351 satis

423 2374 825 2439 exercitatus.
917 2373 1253 2437 Hortatore
1308 2394 1434 2437 non
1493 2395 1641 2457 eges
1694 2395 1898 2456 neque
1952 2371 2303 2437 calcaribus
2356 2375 2501 2456 eget
2553 2375 2672 2437 tua

426 2461 757 2543 diligentia
803 2482 1008 2543 neque
1054 2461 1325 2525 testibus
1388 2482 1563 2525 amor
1626 2464 1855 2524 noster.
1945 2458 2071 2524 Sed
2134 2458 2289 2523 haec
2358 2458 2672 2524 hactenus

422 2548 498 2613 de
573 2548 771 2613 literis
843 2546 1164 2612 hodiernis
1240 2547 1527 2629 magistri
1609 2545 2015 2627 Someringi.⁴
2135 2545 2388 2609 Adsunt
2472 2546 2669 2609 etiam

429 2633 744 2716 Spalatini
793 2633 1010 2697 literae
1054 2633 1240 2696 hodie
1287 2632 1436 2695 mihi
1486 2632 1787 2710 redditae,
1836 2632 1912 2696 de
1958 2631 2190 2712 quibus
2235 2653 2404 2695 nunc
2465 2654 2673 2715 pauca.

423 2721 646 2785 dicam.
735 2719 950 2784 Bonus
1017 2720 1110 2783 vir
1171 2720 1331 2801 petit
1393 2723 1456 2783 et
1517 2725 1729 2801 sperat
1786 2725 1856 2783 ut
1919 2718 2029 2800 qui
2091 2719 2363 2782 maxime
2425 2725 2487 2783 et
2546 2718 2671 2781 im-

421 2806 903 2893 patientissime,
971 2800 1386 2887 dignissimus
1455 2827 1527 2870 eo
1598 2806 1756 2889 ip80,
1822 2805 1990 2888 quod
2056 2809 2188 2868 tam
2258 2804 2467 2881 anxie,
2533 2809 2667 2867 tam

428 2892 716 2971 sollicite,
761 2897 892 2957 tam
927 2893 1036 2958 diu
1067 2893 1302 2956 frustra
1375 2892 1496 2956 etit
1523 2895 1590 2955 et
1618 2895 1847 2974 sperat.
1926 2890 1993 2954 Si
2024 2890 2293 2956 solidum
2325 2890 2669 2955 Nithardo‘

424 3001 786 3045 numerares
851 2984 917 3045 et
983 2979 1255 3043 amicum
1345 2998 1557 3042 aceres
1630 2978 1762 3042 voti
1831 2981 2202 3061 compotem,
2280 2980 2530 3059 gratum
2601 2976 2672 3041 id

422 3066 598 3145 mihi,
643 3066 770 3130 imo
801 3064 1163 3149 gratissimo
1209 3064 1469 3145 gratius.
1548 3064 1682 3147 Ego
1714 3063 1872 3128 nihil
1904 3062 2042 3127 auri
2076 3062 2384 3127 custodio.
2460 3062 2672 3127 Testis

423 3152 578 3219 mihi
627 3153 800 3229 deuS,
857 3153 911 3216 si
964 3150 1279 3230 haberem,
1348 3154 1577 3234 sponte
1638 3172 1777 3213 mea
1836 3148 2195 3232 proferrem.
2284 3148 2459 3213 Adeo
2523 3171 2671 3213 cara

423 3240 703 3323 dignitas
734 3239 1076 3302 amicorum
1113 3241 1235 3301 est:
1282 3258 1555 3311 orainuS,
1590 3236 1992 3301 obsecramus
2039 3235 2449 3299 concorditer.
2524 3234 2670 3298 Non

422 3326 693 3409 impello,
762 3347 886 3388 non
957 3323 1236 3400 stimu10,
1303 3345 1428 3385 non
1496 3344 1727 3405 premo,
1798 3321 1907 3385 sed
1976 3343 2084 3385 oro
2152 3326 2216 3385 et
2275 3320 2534 3385 obsecro
2605 3325 2673 3385 et

425 3412 692 3495 supplex
765 3410 1030 3494 imploro
1105 3413 1286 3477 tuum
1354 3409 1727 3472 subsidium.
1840 3407 2095 3471 Certum
2165 3409 2283 3471 erit
2346 3411 2672 3485 mutuum3

425 3497 724 3583 quicquid
773 3498 864 3561 illi
910 3495 1268 3571 accreverit,
1331 3494 1445 3557 tibi
1493 3494 1835 3557 accreverit
1881 3498 1944 3557 et
1988 3494 2145 3559 satis
2203 3494 2417 3579 procul
2475 3492 2671 3558 dubio

426 3581 665 3649 faciet.⁶
781 3584 872 3647 De
948 3581 1223 3659 Schano,
1312 3581 1753 3662 ludimagistro
1828 3577 2325 3658 Hersfeldiensi,⁷
2415 3578 2672 3643 homine

426 3670 726 3749 LotianO,
773 3669 1042 3752 superbo
1089 3673 1155 3731 et
1197 3672 1410 3749 aperte
1457 3668 1642 3744 malo,
1689 3667 1890 3730 dicam
1924 3664 2100 3729 alias.
2176 3665 2425 3729 Interea
2454 3665 2671 3729 literas

570 3963 586 3995 ¹
626 3961 743 4031 Vgl.
780 3961 830 4015 S.
869 3960 970 4014 362
1003 3961 1066 4013 Α.
1105 3960 1151 4011 2.
1259 3959 1279 3991 ²
1312 3956 1430 4026 Vgl.
1468 3957 1522 4011 S.
1559 3958 1658 4010 317
1696 3958 1757 4010 A.
1798 3958 1841 4008 1.
1898 3955 2015 4025 Vgl.
2052 3954 2173 4023 folg.
2212 3954 2263 4008 S.
2302 3957 2364 4007 A.
2398 3953 2448 4007 8.
2557 3953 2579 3984 ⁸
2612 3952 2666 4006 S.

429 4032 528 4086 239
564 4032 626 4084 A.
667 4034 716 4085 6.
841 4031 862 4062 ⁴
897 4027 1128 4082 Minoris.
1255 4028 1276 4059 ⁵
1309 4026 1427 4095 Vgl.
1466 4025 1515 4079 S.
1554 4026 1647 4079 361
1690 4028 1751 4079 Α.
1789 4027 1833 4077 1.
1962 4026 1985 4057 ⁶
2018 4024 2135 4093 Vgl.
2175 4024 2404 4091 dagegen
2440 4022 2673 4075 Mutians

427 4101 529 4155 Rat
562 4099 613 4151 in
652 4100 736 4153 ΒΓ.
778 4100 896 4152 232.
1036 4098 1055 4129 ⁷
1091 4096 1188 4151 Ein
1224 4094 1370 4149 Brief
1402 4096 1494 4148 des
1529 4094 1577 4147 J.
1618 4094 1751 4148 1514
1787 4094 1897 4161 (ΝΥ.
1937 4092 2059 4160 356)
2105 4096 2268 4145 nennt
2299 4092 2392 4144 ihn
2428 4089 2672 4144 Schallis.

429 4170 496 4223 So
521 4169 657 4221 auch
683 4168 766 4221 die
787 4168 890 4221 Erf.
916 4166 1066 4219 Matr.
1095 4182 1138 4218 a.
1180 4166 1326 4218 1503.
1365 4164 1455 4232 (W
1468 4163 1682 4216 eissen
1701 4163 1873 4223 born,
1912 4162 2079 4214 Aktcn
2114 4161 2182 4224 Π,
2220 4160 2372 4227 232);
2408 4159 2675 4213 Henricus

431 4237 658 4293 Schatlis
697 4239 764 4304 (2.
801 4233 1069 4290 Matn'kel:
1106 4233 1350 4301 Schallis)
1387 4233 1451 4285 de
1487 4231 1810 4285 Hirssfeldia.
1869 4231 1969 4284 Die
2004 4230 2159 4283 Notiz
2194 4229 2326 4282 iiber
2360 4229 2445 4281 die
2482 4228 2676 4281 bereits

432 4307 566 4361 1513
601 4322 704 4359 von
739 4304 971 4373 Spalatin
992 4306 1048 4353 in
1067 4302 1273 4370 Angriff
1303 4316 1645 4370 genommene
1680 4300 2033 4367 Bearbeitung
2053 4300 2145 4352 der
2164 4298 2331 4352 sachS.
2355 4296 2676 4350 Geschichte

424 4376 494 4429 ist
528 4374 868 4428 Seelheim
909 4373 989 4442 (G.
1027 4370 1164 4439 Spal.
1202 4370 1280 4425 als
1315 4370 1482 4424 siichs.
1520 4369 1931 4438 Historiograph.
1978 4367 2133 4421 Halle
2172 4367 2325 4436 1876)
2372 4365 2679 4419 unbekannt

424 4442 716 4521 gebliebeu,
2672 4452 2677 4458 ·
