3084 4895
841 404 1056 458 Mutian
1093 421 1160 456 an
1197 403 1399 458 Urban.
1471 404 1722 472 Spalatin
1758 421 1827 457 an
1864 404 2165 459 Musei-dus,
2517 406 2645 471 213

377 573 630 652 Lotius;
698 572 861 635 mira
922 572 1185 635 molitur
1243 572 1411 655 apud
1470 571 1742 636 Paulum
1788 571 2203 653 Myssener⁸¹
2254 580 2477 640 contra
2526 601 2637 642 me.

373 658 629 721 Resisto
696 656 764 720 in
831 656 954 720 hoc
1019 661 1247 721 senatu
1317 680 1424 739 per
1488 658 1727 721 amicos
1795 658 2190 741 interpretes.
2282 662 2446 726 Illud
2491 686 2528 725 a
2577 667 2643 727 te

371 748 540 825 peto,
589 765 669 807 ne
712 742 932 807 literas
964 765 1138 807 meas
1183 744 1235 806 si
1284 764 1444 824 quas
1478 743 1673 806 habes
1706 745 1979 807 emittas.
2020 746 2048 785 ¹²
2134 746 2382 811 Insulse
2415 748 2637 823 multa,

369 829 600 909 frigide
631 828 760 891 fere
788 840 813 868 ⁰
845 830 1058 893 omnia
1091 829 1426 893 scribimus
1461 829 1541 892 ad
1574 832 1639 891 te
1670 834 1894 910 utpote
1918 830 2394 895 amicissimum.
2470 833 2638 897 Vale.

683 928 806 982 Cod.
842 928 977 981 Frcf.
1015 928 1133 983 214.

380 1115 769 1185 (Wittenberg.)
1424 1100 1566 1164 164.
2168 1118 2429 1186 (Sommer
2472 1123 2641 1191 1512.)

1011 1224 1358 1311 spalatin
1404 1247 1501 1296 an
1545 1227 2002 1297 MusarduS.²

375 1354 575 1420 (Dwnkt
608 1354 704 1420 sicr
737 1354 822 1407 die
857 1354 1301 1421 Ardcdnylichlceit
1333 1355 1508 1407 seiner
1541 1356 1685 1408 alten
1721 1357 1951 1419 Sohio'lem
1988 1356 2314 1409 namentlick
2349 1357 2641 1411 Morstadts

453 1424 568 1475 und
601 1422 1043 1487 Hohenk-irohem,
1076 1428 1260 1492 yricsst
1295 1424 1387 1487 sie,
1425 1424 1583 1476 sowie
1630 1424 1812 1477 Urbem
1844 1426 1959 1477 und
1990 1425 2087 1477 den
2124 1424 2226 1477 Abt
2259 1424 2563 1491 Johannes.)

815 1536 1094 1586 Hem-ico
1129 1535 1430 1587 Musardo
1465 1536 1773 1598 Georgius
1810 1537 2190 1597 spalatinae.

583 1643 647 1709 S.
737 1645 880 1709 Non
931 1648 1216 1728 poenitet
1263 1669 1363 1709 me
1409 1668 1656 1729 operae,
1704 1648 1789 1710 mi
1835 1648 2293 1713 humanissime
2324 1648 2637 1725 Musarde‚

371 1735 716 1813 postquam
761 1732 858 1794 ita
903 1732 1062 1813 pios²
1110 1732 1204 1796 ita
1249 1736 1465 1809 gratos
1531 1734 1739 1797 sentio
1808 1734 2152 1815 discipulos
2216 1734 2638 1813 coenobiales»,

369 1821 448 1879 ut
494 1838 572 1879 ne
617 1817 905 1880 absentis
952 1818 1207 1899 quidem
1243 1821 1669 1901 praeceptoris
1702 1819 2181 1884 obliviscantur.
2260 1822 2636 1902 Quanquam

377 1902 563 1965 nimii
629 1924 768 1966 esse
831 1908 1102 1985 possunt
1147 1904 1213 1967 in
1261 1926 1361 1967 me
1420 1904 1704 1968 tollendo
1767 1909 1831 1968 et
1876 1906 2078 1969 instar
2144 1904 2638 1970 andabatarum³

379 1987 615 2051 clausis
661 1986 863 2051 oculis
907 1988 1062 2052 illud
1113 1988 1402 2052 Chilonis
1449 1991 1771 2054 oraculum
1822 1992 2185 2071 praeterire:
2237 1979 2425 2053 οὐδὲν
2458 1982 2636 2072 ἄγαν,

375 2074 549 2154 quod
595 2072 690 2136 vir
734 2073 840 2136 ille
886 2074 1398 2156 sapientissimus
1461 2076 1701 2158 optime
1760 2077 1939 2140 novit
2002 2098 2191 2157 quam
2241 2076 2437 2141 faciat
2484 2078 2632 2140 ridi-

378 2159 556 2222 culos
625 2158 934 2236 homines,
1000 2182 1186 2241 quam
1234 2162 1492 2238 stnltoe,
1561 2182 1753 2242 quam
1819 2162 2117 2227 omnibus
2185 2162 2481 2246 periculis
2526 2185 2637 2224 ex-

371 2245 634 2325 positos
731 2244 1070 2327 Utcunque
1138 2251 1352 2309 tamen
1400 2247 1503 2323 sit,
1560 2246 1954 2328 gratitudine
2002 2270 2212 2312 eorum
2264 2248 2419 2311 mibi
2476 2246 2631 2309 nihil

371 2335 470 2393 est
517 2350 722 2409 neque
786 2332 1030 2409 gratius
1098 2353 1304 2414 neque
1363 2332 1729 2412 jucundiuS‚
1797 2333 2165 2415 praesertim
2232 2332 2635 2397 Morostadii⁸

376 2419 443 2479 et
502 2414 1042 2497 HonegircliatiS,⁵
1105 2418 1214 2499 qui
1276 2439 1376 2481 me
1437 2439 1682 2501 semper
1742 2440 1892 2502 prae
1960 2420 2185 2484 ceteris
2251 2418 2631 2495 dilexerunt,

373 2502 730 2580 coluerunt,
799 2508 1241 2586 suspexerunt.
1306 2504 1581 2580 *Quibus
1656 2505 1845 2568 etiam
1909 2506 2401 2588 quibuscunque
2454 2507 2633 2588 potui

373 2587 580 2652 modis
642 2588 907 2669 probavi
969 2590 1238 2651 invicem
1287 2612 1324 2651 a
1371 2611 1466 2652 me
1514 2591 1713 2671 diligi,
1779 2613 1857 2653 ne
1899 2591 2157 2654 laterem
2218 2589 2501 2658 lavisse.⁶
2563 2596 2634 2654 ut

379 2678 480 2736 est
537 2673 603 2736 in
667 2675 866 2736 veteri
928 2674 1280 2756 proverbio,
1355 2676 1736 2739 viderentur.
1830 2676 2050 2756 Neque
2119 2677 2336 2740 desino
2402 2677 2634 2740 absens

371 2759 674 2822 absentes
746 2759 1008 2840 diligere
1075 2782 1274 2842 eoque
1337 2760 1662 2838 libentius,
1726 2763 1895 2842 quod
1958 2784 2140 2843 spero
2202 2769 2275 2826 ut
2332 2763 2478 2825 olim
2543 2762 2634 2824 sic

371 2866 545 2908 nunc
591 2845 779 2908 rectis
826 2846 1057 2908 studiis
1102 2867 1354 2927 operam
1405 2847 1569 2909 dare.
1663 2846 1801 2922 Qua
1846 2849 2092 2910 ratione
2134 2848 2359 2930 optimi
2392 2847 2631 2910 initiati

373 2930 748 2993 ceremoniis
781 2930 1168 2994 sanctissimi
1204 2933 1400 3013 patris
1433 2931 1786 2995 Bernhardi
1820 2933 2095 2997 celebres
2130 2933 2327 2996 multo
2360 2932 2633 2996 evadent

373 3015 764 3078 celebriores.
857 3017 1062 3092 Quare
1123 3039 1264 3080 cum
1325 3017 1657 3098 intelligas
1703 3017 1856 3080 mihi
1903 3041 2041 3081 esse
2087 3019 2467 3095 carissimOS‚
2522 3039 2631 3080 oro

372 3105 450 3163 ut
519 3100 754 3164 habeas
828 3102 924 3164 vel
991 3123 1064 3165 eo
1133 3104 1388 3165 nomine
1460 3103 2049 3167 commendatiores,
2141 3103 2280 3179 Qua
2346 3127 2410 3166 re
2476 3101 2632 3164 mihi

372 3185 807 3267 gratissimum
875 3185 1116 3263 feceris
1185 3210 1390 3269 neque
1445 3189 1675 3266 minuS,
1738 3189 1791 3250 si
1846 3188 1909 3250 in
1969 3188 2228 3252 Urbano
2292 3209 2429 3251 meo
2489 3187 2630 3251 dili-

515 3434 542 3462 α
575 3419 857 3488 Mystener.
997 3425 1026 3462 b
1053 3421 1266 3474 omittas
1305 3421 1451 3474 Tenx.
1594 3436 1619 3463 ο
1646 3438 1771 3474 vero
1810 3421 1956 3473 Tem.

378 3505 751 3558 vermeintlich
808 3506 1074 3560 erljttenes
1111 3507 1348 3560 Unrecht
1383 3507 1524 3560 a‘llzu
1559 3507 1684 3559 weit
1716 3507 2014 3561 fortieissen
2065 3506 2205 3560 liess,
2277 3506 2459 3559 Lotius
2514 3523 2632 3558 ver-

378 3574 604 3626 schaffte
657 3575 773 3626 sich
824 3575 908 3626 die
962 3576 1350 3628 Anwartschaft
1391 3576 1484 3628 auf
1515 3575 1600 3626 die
1634 3575 1865 3627 Pfriinde
1900 3591 1967 3626 zu
2002 3575 2235 3626 Gunsten
2273 3575 2365 3627 des
2402 3575 2633 3627 Erfurter

379 3641 636 3708 Magister
682 3642 884 3695 Conrad
919 3643 1104 3695 Dulcis
1141 3659 1236 3696 aus
1269 3643 1552 3711 Homberg,
1606 3643 1751 3696 eines
1802 3643 2195 3695 Landsmannes
2250 3642 2491 3695 Mutians.

378 3713 395 3741 ¹
431 3709 739 3762 Kanoniker
774 3727 875 3763 von
915 3711 1101 3776 Gotha‚
1139 3710 1278 3763 lebte
1309 3712 1500 3778 jedoch
1535 3712 1592 3763 in
1625 3712 1816 3764 Erfurt.
1890 3710 2203 3778 Sagittar.
2242 3711 2433 3763 Histor.
2478 3711 2629 3762 Goth.

373 3778 455 3830 ed.
493 3777 643 3830 Tenz.
719 3819 729 3830 .
767 3779 836 3830 48
871 3779 1016 3831 ffihrt
1048 3778 1142 3831 ihn
1167 3779 1245 3832 als
1270 3780 1470 3833 Paulus
1494 3779 1751 3832 Missener
1784 3783 1859 3830 im
1893 3779 2292 3830 Verzeichnisse
2330 3779 2421 3830 der
2456 3778 2631 3832 Kano-

373 3846 524 3897 niker
561 3847 654 3898 der
745 3847 1071 3899 arienkirche
1108 3848 1209 3900 auf.
1279 3847 1373 3899 Bei
1393 3849 1486 3900 der
1504 3848 1758 3900 Aussicht
1780 3849 1872 3899 auf
1885 3848 2065 3899 seinen
2086 3848 2259 3899 nahen
2280 3847 2386 3898 Tod
2408 3846 2627 3899 suchten

372 3913 490 3966 sich
525 3915 712 3968 Lotius
749 3916 858 3968 und
891 3914 1095 3967 Mutian
1133 3916 1217 3967 die
1254 3917 1643 3968 Anwartschaft
1664 3917 1757 3967 auf
1776 3915 1919 3967 seins
1944 3915 2173 3967 Pfriinde
2195 3932 2260 3967 zu
2284 3915 2627 3967 verschaffen.

373 3983 396 4014 ¹
431 3981 482 4034 S.
521 3982 622 4034 212
656 3983 719 4037 A.
757 3985 804 4036 6.
948 3987 969 4015 ³
1005 3983 1335 4036 Gladiatoren
1372 4001 1436 4036 zu
1472 3984 1676 4040 Pserde,
1739 3984 1823 4035 die
1878 3984 1974 4034 mit
2026 3983 2397 4035 ver-bundenen
2444 3985 2631 4050 Augen

371 4051 492 4102 kam
531 4051 653 4103 sten.
798 4052 819 4083 ⁴¹
853 4050 954 4103 Ein
988 4050 1212 4104 Schiiler
1260 4052 1520 4118 Spalatins
1557 4052 1613 4103 in
1648 4051 2013 4118 GeorgenthaL
2068 4052 2247 4103 wurde
2302 4051 2436 4102 1514
2482 4051 2631 4103 Prior

367 4118 468 4170 des
561 4121 744 4183 osters,
771 4135 919 4172 wozu
937 4119 1172 4186 Spalatin
1203 4120 1371 4172 Glfick
1401 4120 1690 4172 wiinschte.
1744 4120 1824 4172 Br.
1864 4120 1964 4172 398
2002 4120 2093 4171 des
2130 4119 2251 4172 Cod.
2359 4121 2379 4152 ⁵
2416 4118 2629 4171 Hohen-

372 4186 586 4239 kircher
640 4188 689 4238 d.
742 4188 775 4238 i.
835 4202 930 4240 aus
985 4187 1391 4240 Hohenkirchen
1447 4188 1529 4240 bei
1586 4186 1959 4255 Georgenthal3
2016 4187 2307 4255 gleichfalls
2363 4187 2447 4238 ein
2500 4186 2631 4238 alter

374 4255 601 4307 Schiiler
634 4254 914 4322 Spalatins.
986 4255 1084 4307 Ein
1122 4257 1342 4308 anderer
1377 4256 1455 4308 als
1491 4256 1586 4307 der
1618 4257 1799 4308 friiher
1835 4255 1906 4322 (S.
1948 4257 2039 4307 171
2084 4258 2143 4307 A.
2170 4259 2203 4308 6
2262 4255 2527 4307 erwiihnte
2563 4254 2628 4310 H.

375 4322 684 4443 dAPOIffiUiUS
731 4339 834 4377 von
881 4323 1304 4378 Hohenkirchen.
1445 4326 1468 4356 ⁶
1502 4323 1628 4376 Sioh
1681 4323 1989 4392 vergcblich
2042 4325 2201 4376 bemii
2242 4339 2321 4376 en.
2392 4322 2630 4389 Adagien

412 4407 470 4444 es
576 4407 771 4445 asinus
