3084 4895
463 375 590 444 318
1297 373 1470 432 Briefe
1505 377 1599 432 des
1635 374 1684 434 J.
1726 375 1871 434 1513.

465 555 537 614 ut
581 548 891 614 subitaria
946 551 1098 624 erat,
1174 549 1385 613 minus
1451 552 1589 613 erat
1652 548 2037 630 longiturna.
2129 548 2550 614 Observatum
2616 555 2715 614 est

463 635 841 701 intumuisse
871 647 898 674 ²
945 635 1214 716 primum
1261 657 1462 716 aquas
1506 641 1847 718 appetente
1890 658 2169 719 vespera,
2216 636 2519 700 defecisse
2562 641 2714 700 ante

466 726 757 804 quartam
803 721 1104 804 vigiliam.
1185 719 1443 784 Nabant
1472 723 1800 804 praesepia
1831 726 1896 787 et
1918 721 2224 804 jumenta.
2301 721 2715 796 Tollebantur

464 808 764 872 subsellia
829 807 1003 872 chori
1049 811 1112 870 et
1156 807 1342 888 plena
1405 808 1581 890 zythi
1643 808 1829 873 dolia.
1922 811 2121 890 Aegre
2188 831 2362 872 sacer
2427 808 2711 885 habitus,

463 896 640 960 uncti
685 894 946 976 lapides,
995 898 1180 956 vetus
1227 893 1635 971 bibliotheca,
1682 895 1871 958 mitra
1902 894 2178 958 bicornis
2211 895 2717 960 defendebantur

463 983 544 1045 ab
591 980 855 1061 injuria:
921 984 1099 1062 pater
1158 983 1450 1061 patratus
1509 979 1693 1044 lanae
1752 1001 1949 1062 pensa
2008 1003 2193 1064 super
2252 981 2566 1058 humer-OS,
2632 1004 2716 1044 ne

465 1068 941 1142 oblimarentur,
988 1064 1302 1139 attollere,
1347 1066 1670 1148 gregarios
1712 1071 2041 1140 monastas
2084 1068 2341 1142 hortari,
2390 1089 2501 1149 pro
2546 1067 2714 1132 virili

464 1158 642 1237 parte
671 1155 699 1192 ¹²
757 1153 1110 1216 niterentur
1170 1174 1298 1215 rem
1365 1173 1759 1216 communem
1807 1174 1839 1216 e
1883 1157 2067 1217 tanto
2127 1155 2310 1235 quasi
2379 1153 2713 1235 naufragio

465 1243 528 1304 in
594 1239 890 1304 sublimia
948 1237 1241 1302 tabulata
1300 1259 1654 1320 congerere,
1707 1242 1769 1302 et
1813 1259 1954 1302 cum
2016 1261 2198 1304 nemo
2258 1245 2439 1304 extra
2503 1241 2708 1304 lutum

465 1326 655 1408 pedes
721 1325 1003 1400 haberet,
1069 1345 1290 1388 omnes
1355 1324 1568 1388 omnia
1630 1322 1919 1388 funditus
1975 1327 2329 1410 exstirpata
2373 1331 2597 1408 putare
2644 1331 2711 1390 et

465 1419 679 1476 actum
724 1432 861 1475 esse
907 1411 984 1473 de
1029 1410 1252 1474 salute.
1343 1410 1494 1487 Quis
1541 1411 1839 1474 nutantia
1896 1410 2195 1475 fulciret?
2283 1413 2439 1490 Quis
2497 1412 2711 1476 hiulca

465 1497 744 1580 sepiret‘?
834 1496 989 1573 Quis
1033 1501 1220 1578 rupto
1265 1497 1549 1578 piscinae
1592 1497 1753 1561 vado
1800 1496 2101 1578 defigeret
2144 1497 2437 1564 obicem?
2508 1498 2711 1581 Erup-

465 1585 640 1648 tione
707 1584 963 1648 tandem
1030 1582 1202 1646 facta
1267 1583 1468 1646 traxit
1532 1603 1747 1647 secum
1814 1583 2149 1648 inundatio
2212 1589 2275 1648 et
2342 1585 2576 1648 multos
2644 1589 2711 1648 et

462 1692 729 1752 magnos
773 1670 1000 1752 pisces,
1047 1669 1364 1733 demolitis
1409 1690 1489 1732 ex
1533 1668 1705 1732 bona
1739 1673 1916 1750 parte
1946 1671 2299 1734 moenibus,
2390 1671 2521 1735 Nos
2552 1670 2710 1734 haec

466 1759 659 1820 missa
701 1756 1010 1820 faciamus
1055 1759 1119 1819 et
1165 1755 1241 1817 ad
1289 1776 1504 1836 preces
1548 1754 1995 1837 melioremque
2028 1757 2197 1822 vitae
2228 1758 2469 1839 frugem
2502 1780 2707 1821 rever-

460 1847 692 1907 tamur.
782 1842 967 1905 Anno
1015 1840 1250 1904 Christi
1296 1839 1651 1905 Servatoris
1695 1840 1981 1904 MDXIII.
2014 1853 2037 1880 ⁰

765 1942 886 1995 Cod.
922 1940 1056 1996 Frcf.
1091 1941 1207 1996 330.

461 2132 690 2201 (Gotha.)
1212 2087 1224 2098 ⁸
1505 2114 1651 2178 259.
2142 2132 2212 2200 (n.
2250 2131 2332 2186 30.
2368 2131 2495 2184 Juni
2534 2130 2702 2200 1513.)

1200 2242 1491 2313 Mutian
1535 2263 1633 2313 an
1676 2241 1953 2314 Urban.

461 2361 632 2441 (U'ber
664 2373 750 2426 die
776 2373 1215 2426 mutmassliche‘n
1249 2372 1516 2426 Ursachen
1537 2372 1629 2424 der
1663 2358 2194 2440 &berech-wemmam.
2257 2371 2394 2424 Eine
2427 2370 2703 2437 Warnuny

461 2443 556 2512 fiir
589 2444 688 2496 den
725 2442 1094 2510 trinklustiqm
1129 2442 1244 2496 Abt.
1317 2442 1563 2509 Deutuny
1596 2441 1683 2493 des
1719 2441 2137 2510 aufyefundemn
2169 2441 2470 2494 weiblichen
2522 2439 2703 2492 Leielz-

461 2531 622 2567 nams
655 2513 758 2565 mit
792 2513 925 2565 noch
959 2513 1329 2565 unversehrten
1381 2511 1802 2646 Hfflzeggagsjrch
1836 2512 1933 2565 den
1968 2510 2327 2579 Aberqlauben
2377 2510 2491 2563 und
2539 2510 2703 2562 durch

592 2695 957 2747 Venerabili
990 2693 1286 2756 magistro
1321 2695 1402 2745 Η.
1437 2695 1694 2745 Urbano
1727 2694 2094 2755 presbytero
2129 2697 2193 2744 et
2228 2705 2557 2744 oeconomo

945 2782 1261 2840 tamquam
1294 2780 1445 2830 hero
1480 2780 1825 2831 reverendo
1860 2780 1948 2830 M.
1983 2778 2203 2830 Rufus.

663 2892 724 2957 S.
845 2892 1126 2966 Absolvi‚
1216 2896 1397 2974 pater
1473 2893 1729 2974 optime,
1804 2893 2149 2956 tumultum
2225 2895 2289 2954 et
2361 2889 2699 2973 perniciem

457 2980 677 3043 diluvii
723 2980 1084 3061 nuperrimi.
1173 2976 1298 3043 Sed
1356 2980 1594 3061 quaeri,
1641 2980 1725 3044 mi
1772 2978 2042 3056 Urbane,
2100 2981 2332 3060 potest,
2392 2975 2700 3041 stataned

457 3090 538 3130 an
582 3065 845 3129 fortuita
905 3087 1096 3129 causa
1151 3066 1236 3147 sit
1297 3064 1484 3148 hujus
1551 3066 1857 3130 miraculi.
1946 3065 2145 3129 Poeta
2212 3064 2447 3128 diceret
2515 3063 2702 3126 irasci

456 3153 946 3233 Ennosigaeum,
1005 3151 1340 3233 theologus
1390 3174 1532 3215 vero
1585 3173 1847 3233 poenam
1908 3174 2043 3215 esse
2098 3172 2331 3225 eorum,
2391 3149 2500 3232 qui
2560 3170 2702 3231 pec-

459 3239 682 3315 carint,
728 3238 971 3322 physici
1017 3238 1210 3302 altius
1256 3243 1613 3321 repeterent
1658 3243 1721 3301 et
1762 3260 1984 3301 causas
2016 3236 2267 3301 abditas
2300 3236 2697 3299 rimarentur.

458 3327 589 3389 Aut
640 3330 856 3389 teneat
911 3328 1024 3396 aut
1083 3331 1340 3406 respuat
1405 3326 1695 3407 quisque,
1741 3325 1911 3405 quod
1958 3324 2120 3387 vult:
2170 3344 2286 3385 nos
2333 3327 2405 3385 ut
2451 3322 2701 3386 divinae

458 3412 890 3495 providentiae
937 3410 1096 3473 nihil
1144 3411 1538 3493 derogamuS,
1586 3413 1677 3473 ita
1722 3410 2313 3491 etiamlastrologis.
2403 3406 2529 3472 Sed
2561 3429 2701 3488 pre-

457 3520 690 3575 camur,
737 3503 808 3561 ut
855 3501 951 3562 est
996 3498 1058 3560 in
1107 3497 1246 3561 odis
1294 3497 1666 3561 Davidicis:.
1698 3496 1961 3578 „Libera
2004 3518 2121 3573 me,
2168 3496 2342 3571 dena
2392 3495 2473 3557 ab
2517 3494 2703 3575 aquis

343 3603 346 3608 '
461 3586 698 3649 multis,
789 3584 1100 3665 Asperges
1135 3605 1252 3661 me,
1303 3582 1574 3657 domine,
1610 3582 1849 3667 hysopo
1881 3587 1945 3647 et
1976 3579 2385 3645 mundab01·.“
2467 3580 2703 3644 Phara-

456 3672 563 3734 oni
625 3671 930 3735 diluvium
993 3674 1055 3734 et
1111 3692 1281 3733 mare
1339 3670 1619 3746 rubrum,
1691 3671 1876 3733 nobis
1942 3669 2175 3732 roratio
2242 3666 2505 3745 sufficjt3
2576 3667 2701 3729 nisi

455 3762 751 3841 putemus
781 3755 1114 3821 bibacibus
1145 3778 1376 3838 aquam
1409 3756 1544 3819 dari
1579 3777 1688 3837 pro
1720 3758 1887 3819 vino.
1980 3756 2219 3818 Bibant
2249 3750 2695 3816 Duroniastri)

458 3846 622 3907 Ante
667 3844 884 3907 oculos
933 3843 1297 3906 bibacitatis
1344 3864 1546 3924 poena
1593 3848 1891 3907 versetur.
1984 3842 2205 3922 Sapiat
2251 3840 2486 3903 stultus
2530 3839 2699 3902 malo

458 3935 736 4012 accepto.
827 3929 1040 3992 Pisces
1087 3930 1149 3991 in
1201 3929 1708 3992 communionem
1766 3929 2021 4005 deferat,
2082 3948 2209 3990 non
2272 3948 2386 3989 suo
2442 3930 2700 3988 tantum

457 4015 756 4080 barathro
803 4016 978 4081 cibos
1023 4016 1327 4079 delicatos
1373 4019 1437 4079 et
1481 4014 1631 4078 vina
1688 4015 2055 4097 ingurgitet.
2145 4012 2501 4076 Meminerit
2555 4013 2701 4075 istic

455 4293 484 4331 d
589 4235 616 4263 a
644 4220 949 4275 intunuisse.
1107 4224 1135 4261 b
1163 4235 1318 4287 opera
1351 4222 1476 4271 stati
1511 4220 1657 4286 parte
1696 4218 1843 4272 Teme.
2000 4232 2025 4259 0
2052 4216 2317 4270 MDXIIII
2357 4215 2502 4267 Tem.

505 4291 1009 4437 ‘StalapligEreunde
1033 4358 1125 4410 des
1145 4358 1308 4410 Abtes
1331 4356 1611 4434 Duronius,
1650 4355 1701 4409 S.
1743 4331 1840 4410 108
1876 4358 1937 4409 A.
1976 4357 2020 4412 1.
2076 4353 2193 4421 vgl.
2222 4354 2305 4433 die
2328 4352 2704 4431 Bezeichnung

453 4425 614 4485 Bibas
649 4445 704 4479 1n
739 4428 826 4481 ΒΥ.
867 4428 982 4481 240.
1021 4426 1133 4480 254.
1174 4427 1268 4479 261
1308 4427 1415 4479 und
1453 4428 1537 4477 die
1575 4426 1907 4494 Bemerkung
1940 4425 2071 4477 fiber
2105 4424 2368 4477 Duronius
2391 4440 2445 4475 m
2470 4422 2554 4473 ΒΓ.
2582 4422 2701 4473 257.
