3084 4895
481 345 630 434 352,
1280 341 1454 416 i3rief‘e
1491 361 1583 416 des
1620 362 1668 418 J.
1712 347 1858 419 1513.

486 541 551 602 et
595 556 710 602 sua
755 535 1106 600 amantium
1151 538 1216 598 et
1259 537 1506 615 praeter
1567 535 2051 618 intempestivos
2106 537 2534 620 sophistarum
2580 561 2741 621 gar-

482 625 644 697 ritus
693 627 756 686 et
801 622 1150 704 captiosam
1215 620 1666 700 loquacitatem
1715 623 1975 686 adducit
2030 622 2248 688 futiles
2294 626 2739 690 auctoritates.

483 710 596 773 Est
643 710 805 772 enim
852 709 1008 772 levis
1054 706 1403 770 auctoritas
1450 706 1692 770 Alberti
1742 711 1806 772 et
1836 709 2309 788 consimilium?
2353 713 2739 793 praesertim

485 800 847 878 comparata
893 794 1280 876 gravissimis
1325 793 1619 872 testibus,
1653 794 1887 875 quibus
1920 796 2145 859 nititur
2178 796 2505 861 Reuchlin.
2568 799 2743 860 Huic

486 881 874 946 calumnioso
921 879 1328 943 conviciatori
1373 879 1764 956 turbulenta,
1811 903 1891 944 ne
1932 881 2134 944 dicam
2166 883 2404 947 furiosa
2436 885 2741 965 apologia

481 968 820 1050 respondet
862 966 1214 1046 fortiusque
1259 966 1605 1045 genuinum
1650 965 1835 1047 figit)
1930 967 2209 1032 Primum
2270 970 2581 1033 stultitiae
2628 993 2740 1034 ar-

485 1056 626 1136 guit
670 1053 1104 1130 devotiarium‚
1151 1056 1224 1114 ut
1265 1053 1402 1133 ipse
1431 1052 1539 1130 ait,
1589 1055 1655 1114 et
1697 1052 1960 1116 adhibet
1990 1053 2235 1118 fatuum
2282 1057 2495 1119 nescio
2540 1077 2737 1136 quem

486 1142 563 1204 de
607 1140 834 1222 glossis
880 1137 1285 1201 Accursianis
1333 1137 1609 1200 Arnoldo
1638 1139 2037 1218 persimilem.
2126 1141 2367 1206 Deinde
2400 1142 2736 1205 falsarium

485 1249 619 1292 esse
663 1225 944 1289 ostendit
989 1228 1054 1287 et
1099 1244 1238 1286 cum
1283 1223 1452 1286 tristi
1496 1221 1907 1306 Areopagita²
1954 1226 2117 1289 ridet
2146 1229 2336 1290 etiam
2371 1233 2737 1310 poetastros

483 1308 872 1385 auxiliarios,
931 1309 1038 1373 sed
1088 1309 1359 1372 maxime
1405 1309 1743 1373 Ortuinum
1792 1315 1975 1393 urget
2019 1313 2225 1376 verbis
2258 1315 2509 1395 quidem
2558 1336 2737 1377 acer-

485 1399 780 1462 bissimis.
871 1395 1056 1459 Nunc
1103 1417 1242 1458 cum
1293 1415 1407 1458 suo
1439 1395 1603 1458 malo
1637 1395 1973 1482 didicerint
2000 1397 2028 1436 b
2071 1399 2178 1461 isti
2211 1399 2407 1477 Scoti,
2452 1398 2731 1478 Scauri³,

484 1485 693 1560 Bardi,
740 1482 890 1564 quid
939 1484 1023 1545 sit
1066 1502 1404 1564 provocare
1449 1480 1813 1560 doctiorem,
1874 1485 2027 1563 quid
2074 1485 2158 1547 sit
2208 1486 2731 1568 „impertinenter

486 1567 849 1651 allegare“‚⁴
918 1575 989 1631 ut
1034 1568 1153 1649 ipsi
1201 1566 1565 1647 loquuntur,
1635 1567 1786 1650 quid
1834 1569 2105 1650 denique
2170 1571 2379 1635 favere
2444 1571 2728 1635 JudaeiS.

486 1658 654 1721 Haec
701 1656 864 1718 enim
913 1655 1033 1718 tria
1079 1658 1232 1716 sunt
1274 1655 1482 1735 capita
1513 1655 1851 1734 generalia,
1898 1655 1960 1717 in
1998 1656 2734 1737 quibus-controversiae

489 1742 676 1807 cardo
723 1741 1007 1804 vertitur.
1101 1739 1278 1815 Quod
1341 1747 1555 1803 autem
1620 1740 1863 1804 doctior
1907 1742 1991 1804 sit
2037 1742 2345 1806 Reuchlin
2412 1745 2733 1808 universis

486 1825 797 1910 logisticis
866 1826 1251 1909 zythobibiS,
1317 1826 1759 1907 opinatoribus
1822 1827 2099 1905 insulsiS,
2158 1834 2530 1911 argumento
2576 1836 2734 1896 sunt

485 1921 586 1980 tot
629 1913 903 1976 adducta
946 1911 1313 1975 testimonia
1357 1914 1432 1974 de
1478 1912 1856 1976 Graecorum
1904 1917 1969 1976 et
2010 1913 2434 1979 Hebraeorum
2496 1916 2731 1980 biblio-

483 2003 686 2066 theca.
735 1999 826 2062 De
863 1999 1373 2079 „impertinenter
1405 1998 1713 2080 allegare“
1752 1999 1920 2078 (utar
1952 2001 2114 2064 enim
2149 2001 2340 2065 verbo
2377 2002 2730 2066 calumnia·-

485 2084 718 2167 torum)
765 2085 858 2148 ita
901 2084 1202 2147 atrociter
1247 2085 1603 2165 respondet,
1652 2085 1742 2147 ita
1786 2107 1999 2148 severe
2044 2108 2109 2149 se
2140 2089 2366 2150 asserit
2412 2111 2447 2152 a
2481 2089 2733 2170 virgula

487 2172 790 2250 censoria,
861 2175 931 2233 ut
974 2191 1169 2253 paene
1216 2168 1366 2232 boni
1413 2170 1527 2232 viri
1576 2171 1843 2250 gratiam
1893 2176 1956 2234 et
2002 2171 2375 2253 dignitatem
2424 2176 2728 2238 amiserit.

485 2261 566 2324 Et
609 2282 688 2322 ne
735 2257 908 2320 solus
952 2257 1016 2318 in
1061 2255 1376 2318 testandis
1419 2257 1696 2319 testibus
1741 2278 2034 2338 peccasse
2081 2259 2395 2324 videretur
2440 2265 2505 2324 et
2536 2262 2725 2325 aliter

483 2347 604 2412 sibi
650 2348 904 2426 aptasse
947 2342 1298 2406 sententias
1343 2342 1671 2423 majorum,
1719 2363 1905 2423 quam
1955 2343 2234 2409 habeant
2264 2347 2328 2408 in
2364 2347 2519 2410 locis
2550 2349 2729 2411 suis:

483 2432 676 2499 vertit
719 2452 928 2495 secum
973 2429 1040 2493 in
1083 2428 1333 2510 culpam
1396 2431 1669 2510 quatuor
1734 2429 2195 2511 Evangelista8‚
2254 2432 2419 2497 item-
2465 2432 2728 2498 Petrum

487 2525 552 2585 et
604 2518 872 2582 Paulum
933 2518 997 2579 et
1050 2513 1524 2597 Cyprianum.“⁵
1618 2513 1737 2581 Hic
1794 2515 1995 2591 velim,
2064 2516 2335 2596 Urbane,
2408 2521 2729 2584 attendas„

496 2604 874 2689 „Evangelio
921 2623 1049 2664 non
1096 2600 1471 2680 crederem“‚
1505 2602 1717 2681 inquit
1746 2599 2162 2683 AugustinuS,
2215 2606 2374 2687 „nisi
2417 2606 2574 2669 illud
2621 2629 2723 2671 ec-

489 2692 678 2757 clesia
719 2685 1118 2771 recepisset.“
1212 2686 1394 2763 Quod
1437 2693 1651 2751 autem
1698 2687 1961 2751 ecclesia
2003 2690 2251 2771 probat,
2298 2690 2459 2773 quae
2488 2692 2727 2755 malum

486 2779 650 2842 ratio
695 2779 810 2853 est,
870 2778 944 2836 ut
989 2795 1062 2835 ea
1106 2773 1360 2836 sinistra
1429 2774 1947 2855 interpret-atione
2008 2775 2244 2838 Fumus
2306 2784 2517 2841 noster
2572 2779 2728 2841 sub-

490 2862 790 2928 vertat‘?⁰
887 2860 1026 2923 Non
1095 2860 1280 2922 datur
1348 2860 1532 2924 nobis
1602 2882 1693 2936 ea,
1763 2880 1924 2940 quae
1988 2861 2400 2944 philosophiS,
2465 2864 2727 2928 libertas

489 2948 874 3033 disputandi.
967 2946 1061 3009 Ad
1105 2945 1384 3025 regulam
1432 2947 1819 3027 loquendum
1854 2950 1966 3009 est.
2050 2947 2295 3011 Inimici
2328 2951 2529 3013 crucis
2560 2955 2725 3015 teste

493 3038 702 3101 Leone
750 3055 910 3116 papa
955 3053 1080 3095 non
1128 3032 1311 3095 factis
1370 3033 1593 3110 solum,
1648 3032 1756 3095 sed
1803 3032 1991 3095 etiam
2037 3034 2246 3097 verbis
2290 3037 2525 3099 nostris
2569 3037 2727 3101 insi-

491 3124 761 3187 diantur.
853 3120 1044 3182 Porro
1089 3118 1154 3180 in
1200 3117 1319 3181 hac
1363 3116 1565 3181 secta⁸
1610 3118 1925 3181 catholica
1970 3120 2153 3183 multi
2198 3126 2365 3198 sunt,
2412 3122 2537 3188 imo
2581 3123 2726 3205 plu-

491 3210 652 3288 rimi,
699 3209 824 3271 imo
869 3226 1328 3287 paene.omnes
1375 3204 1586 3287 pusilli
1634 3208 1698 3267 et
1738 3204 2103 3283 imbecilles,
2158 3208 2390 3289 quibus
2434 3208 2598 3271 lacte
2642 3209 2729 3273 sit

491 3318 670 3379 opuS,
731 3314 854 3357 non
901 3292 1102 3355 solido
1149 3290 1326 3368 cib03
1395 3311 1555 3371 quos
1624 3291 1700 3353 ad
1748 3312 1813 3352 se
1858 3295 2043 3355 vocat
2097 3293 2283 3379 hujus
2335 3294 2729 3359 orthodoxae

489 3385 698 3447 sectae
753 3383 944 3459 caput
1009 3377 1314 3457 singulari
1375 3377 1607 3441 amoris
1664 3376 2021 3459 privilegio:
2112 3378 2357 3461 „Sinite
2430 3382 2728 3463 parvulos

491 3469 700 3533 venire
747 3466 823 3529 ad
871 3486 968 3527 me
1015 3468 1078 3526 et
1123 3463 1315 3526 nolite
1349 3484 1454 3527 eos
1485 3462 1835 3544 prohibere,
1883 3464 2101 3527 talium
2136 3466 2301 3528 enim
2336 3474 2431 3529 est
2461 3488 2726 3547 regnum

627 3671 654 3698 a
681 3654 958 3707 consilium
998 3651 1144 3703 Tema
1234 3654 1262 3691 b
1291 3650 1586 3703 didicerunt
1622 3650 1768 3703 Tenx.
1852 3665 1875 3692 ο
1903 3653 2167 3717 pervertat
2204 3650 2350 3703 Tema

487 3726 668 3779 Busch
687 3724 796 3775 und
817 3721 1014 3775 Ortwin
1035 3718 1244 3772 Gratius
1279 3720 1460 3771 hatten
1483 3719 2011 3787 Empfehlungsverse
2050 3736 2144 3773 vor
2184 3720 2447 3788 Tungerns
2470 3720 2729 3775 Schmiih-

490 3794 626 3849 buch
659 3794 870 3861 gesetzt,
907 3806 1014 3843 was
1033 3793 1183 3841 unter
1203 3788 1300 3840 den
1326 3788 1671 3841 Humanisten
1707 3789 1810 3840 viel
1832 3788 1993 3841 Staub
2029 3789 2371 3857 aufwirbelte,
2405 3790 2482 3842 bis
2507 3793 2732 3844 ersterer

491 3862 731 3917 formlich
766 3860 1038 3913 widenief.
1185 3859 1198 3887 ¹
1235 3856 1493 3909 Reuchlin
1529 3857 1580 3908 in
1619 3857 1789 3909 seiner
1823 3858 2063 3911 Defensio
2103 3858 2247 3912 1513.
2390 3860 2409 3891 ²
2443 3859 2731 3927 Dionysius

493 3928 820 3999 Areopagita,
869 3929 960 3981 auf
1012 3929 1197 3979 dassen
1243 3926 1721 3994 untergeschobene
1764 3926 2023 3979 Schriften
2066 3928 2179 3979 sich
2218 3927 2455 3995 Tunger-n
2500 3932 2732 3995 gestiitzt

494 4004 656 4055 hatte.
767 4001 788 4031 ³
821 3998 967 4050 Alter
1003 3996 1434 4061 Pei-sonenname,
1471 3995 1586 4046 hier
1620 4012 1797 4062 wegen
1836 4012 2052 4048 scaurus
2071 4030 2131 4045 z,
2157 3996 2464 4063 Klumpfuss
2490 3996 2730 4065 (Pfeffer-

494 4071 622 4125 korn
658 4086 708 4123 11.
747 4067 1064 4134 Consorten).
1207 4066 1226 4095 ⁴
1259 4063 1630 4116 Barbarischer
1662 4064 1938 4116 Ausdruck
1997 4064 2261 4131 Tungerns
2296 4066 2369 4116 im
2406 4064 2563 4117 Sinne
2597 4083 2728 4119 von:

492 4138 757 4205 unrichtig
793 4135 1022 4188 citici-cn.
1079 4135 1149 4186 Er
1171 4133 1268 4201 gab
1303 4132 1562 4185 Reuchlin
1583 4132 1795 4198 Schuld,
1820 4133 2212 4185 Beweisstellen
2249 4134 2301 4186 in
2338 4135 2503 4185 einen]
2533 4136 2728 4187 andern

494 4211 570 4263 als
606 4210 726 4260 dem
762 4205 1018 4259 kirchlich
1057 4202 1461 4269 hergebrachten
1515 4202 1672 4254 Sinne
1726 4202 2001 4268 angesiihrt
2036 4220 2103 4254 zu
2138 4204 2321 4255 haben.
2446 4208 2466 4235 ⁵
2498 4204 2558 4259 Β.
2600 4206 2733 4256 wies

493 4279 646 4343 nach,
683 4277 804 4327 dass
841 4274 978 4327 auch
1014 4273 1154 4324 diese
1191 4272 1320 4322 oster
1355 4272 1497 4322 einer
1531 4270 1887 4323 Beweisstelle
1924 4272 2070 4323 einen
2109 4273 2299 4323 andern
2354 4270 2480 4325 Sinn
2517 4275 2593 4326 als
2632 4276 2734 4326 den

491 4344 925 4413 urspriingliehen
962 4339 1298 4406 untergelegt.
1420 4341 1442 4371 ⁸
1477 4339 1804 4391 Absichtlich
1842 4343 1968 4392 statt
2003 4340 2212 4406 Kirche,
2249 4340 2367 4391 weil
2403 4342 2487 4393 die
2524 4342 2734 4410 Gegner

489 4418 590 4469 den
626 4412 901 4466 Ausdruck
935 4409 1220 4463 Reuchlins
1257 4408 1549 4460 verketzert
1584 4409 1778 4462 hatten.
1817 4410 1933 4476 Vgl.
1971 4409 2020 4463 S.
2060 4412 2159 4463 255
2196 4413 2258 4463 A.
2294 4413 2341 4461 4.
2604 4430 2607 4433 ·
