3084 4895
499 353 624 419 362
1329 360 1506 417 Briefie
1541 361 1634 416 des
1670 361 1720 418 J.
1760 362 1907 418 1513.

501 530 612 594 sed
691 531 936 594 cursim.
987 536 1051 596 et
1117 532 1357 612 leviter,
1431 553 1561 598 non
1634 533 1715 598 ad
1789 533 2319 618 perpendiculum.
2436 535 2597 600 Nam
2674 539 2756 600 ut

499 615 814 698 quaedam
861 621 1026 682 recte
1073 620 1458 696 eximuntur,
1503 621 1597 683 ita
1639 620 1841 684 multa
1872 619 2257 703 interjeceris
2304 623 2402 686 vel
2449 621 2753 696 latiniora

499 702 595 766 vel
663 705 868 786 magis
933 705 1230 769 instituto
1297 709 1741 782 consentanea,
1819 706 1929 770 sed
2004 707 2217 770 omnia
2290 707 2613 772 destruere
2684 713 2755 772 et

503 811 726 852 novam
775 789 1040 854 formam
1087 791 1419 874 praefinire
1465 791 1641 868 velle,
1686 794 1977 874 quamvis
2022 814 2181 874 opus
2228 800 2395 857 esset
2459 793 2753 875 pulcher-

499 876 744 953 rimum,
808 877 861 938 si
921 877 1076 940 bene
1138 877 1591 956 absolveretur,
1658 881 1871 942 tamen
1931 879 1996 942 in
2057 883 2243 943 tanta
2303 880 2751 952 illiteratorum

497 961 686 1026 turba
753 962 1086 1029 ridiculum
1157 963 1493 1028 haberet-ur
1552 967 1615 1026 et
1682 985 1791 1046 pro
1854 966 2100 1045 poetico
2172 965 2476 1046 figmento
2546 963 2754 1032 clerus

500 1049 765 1130 agrestis
791 1048 1172 1130 exploderet.
1239 1047 1510 1114 Mediam
1535 1050 1732 1130 igitur
1760 1051 1921 1114 viam
1948 1052 2273 1133 ingressus
2304 1053 2384 1118 ad
2416 1054 2751 1128 sinistram

499 1156 700 1216 nugas
743 1139 807 1198 et
851 1136 1017 1216 lyras
1075 1135 1512 1212 tabellionum,
1576 1135 1655 1200 ad
1718 1136 2005 1200 dextram
2070 1137 2447 1220 elegantiam
2478 1149 2506 1178 ⁸
2560 1161 2754 1204 exac-

497 1221 804 1284 tissimam
876 1221 1095 1285 timide
1162 1222 1439 1303 quidem,
1509 1221 1618 1286 sed
1686 1227 1898 1286 tamen
1968 1223 2299 1305 reliquisti.
2390 1225 2461 1288 In
2536 1225 2749 1289 verbis

497 1307 618 1370 etsi
683 1329 806 1370 non
870 1308 1023 1371 odor
1083 1309 1296 1372 suavis
1357 1313 1421 1372 et
1478 1307 1853 1384 ambrosius,
1911 1310 1974 1373 in
2024 1311 2359 1374 sententiis
2428 1312 2555 1377 etsi
2616 1333 2751 1376 non

502 1415 686 1474 sapor
730 1393 983 1457 delicati
1028 1393 1358 1476 stomachi,
1405 1399 1625 1477 putere
1656 1399 1870 1458 tamen
1903 1395 2089 1478 longe
2121 1398 2421 1478 pauciora
2454 1397 2755 1462 videntur

500 1501 686 1562 quam
762 1481 828 1543 in
902 1480 1132 1544 libellis
1203 1480 1588 1544 rabularum.
1710 1479 1851 1544 Non
1928 1485 2163 1545 temere
2235 1485 2538 1557 excurris,
2618 1501 2752 1546 non

498 1565 845 1649 amplificas
889 1568 1344 1649 superstitiose,
1392 1573 1464 1630 ut
1512 1566 1587 1630 fit
1629 1568 1695 1630 in
1745 1566 2052 1648 ejusmodi
2099 1569 2345 1650 edictis,
2400 1570 2511 1633 sed
2558 1569 2748 1650 pede-

497 1654 725 1718 tentim
789 1653 1096 1730 ambulas,
1142 1655 1321 1734 gravi
1365 1654 1500 1716 viro
1548 1657 1611 1716 et
1650 1653 1867 1735 jejuno
1915 1654 2178 1718 similior
2237 1677 2426 1737 quam
2488 1660 2600 1720 aut
2652 1654 2751 1720 la-

499 1740 788 1804 scivienti
833 1744 945 1803 aut
988 1739 1349 1804 ambitioso.
1428 1739 1715 1820 Denique
1749 1743 1821 1802 ut
1852 1739 2044 1803 semel
2080 1739 2284 1804 dicam
2318 1741 2486 1822 quod
2518 1743 2754 1818 sentiO,

496 1826 847 1890 necessaria
909 1827 1113 1910 poniS,
1176 1847 1304 1890 non
1367 1826 1688 1906 exquisita
1746 1829 1813 1888 et
1870 1824 2103 1890 fucata.
2195 1827 2334 1902 Qua
2396 1829 2463 1890 in
2532 1850 2616 1902 re,
2681 1832 2757 1891 ut

495 1916 640 1978 utar
705 1912 970 1996 antiquo
1045 1912 1302 1976 Pacuvii
1333 1913 1362 1951 ¹²
1436 1911 1649 1988 verbo,
1726 1912 1885 1976 satis
1957 1934 2023 1976 es
2102 1912 2457 1994 clipeatuS.¹
2570 1913 2757 1978 Paeti

498 1998 764 2064 formula
811 2000 1012 2078 magis
1056 1997 1341 2063 luxuriat
1387 2000 1450 2061 et
1495 1997 1677 2062 illoto
1722 1997 1879 2080 pede
1912 2000 2109 2062 currit
2139 1999 2203 2061 in
2240 1999 2449 2063 stadio
2483 2001 2755 2064 usitato.

493 2086 786 2150 Imitatus
833 2091 930 2148 est
973 2081 1203 2149 Rufus²
1253 2084 1565 2149 forensem
1615 2106 1794 2148 usum
1846 2084 2097 2149 dicendi
2144 2090 2206 2147 et
2254 2087 2567 2168 expressit
2598 2108 2754 2154 con-

497 2177 742 2236 textum
792 2172 1070 2252 vulgaris
1117 2172 1365 2235 notarii.
1455 2171 1526 2233 In
1562 2193 1676 2234 suo
1710 2193 1932 2254 campo
1969 2193 2146 2234 suam
2194 2173 2361 2235 sevit
2405 2173 2746 2256 siliginem.

499 2257 630 2340 Ego
678 2280 802 2322 rem
851 2259 1209 2322 examinavi
1255 2266 1336 2335 et,
1385 2267 1458 2319 ut
1504 2258 1791 2338 proxime
1822 2258 2064 2340 scripsi,
2098 2258 2247 2322 fidei
2280 2257 2748 2323 Ditmarianae³

495 2367 716 2429 parum
763 2345 992 2410 tribuo.
1087 2344 1206 2407 Sed
1254 2345 1555 2425 quoniam
1602 2343 1935 2408 dissent-ire
1982 2344 2205 2407 melius
2250 2365 2509 2426 possum
2552 2367 2749 2428 quam

499 2431 847 2510 aedificare,
895 2452 1083 2513 cogor
1128 2436 1296 2494 stare
1341 2431 1675 2494 conventis
1720 2434 1784 2494 et
1831 2429 2083 2512 placit-is
2134 2432 2401 2511 vestris3
2462 2431 2749 2497 futurum

499 2524 712 2583 tamen
778 2518 1100 2593 denuntim
1151 2524 1220 2581 ut
1267 2518 1481 2580 vicarii
1549 2517 1939 2597 poeniteant.
2030 2518 2317 2598 Ipsorum
2388 2519 2473 2581 sit
2542 2518 2750 2600 culpa.

501 2605 595 2670 Tu
664 2605 1012 2689 provideaS,
1083 2626 1158 2667 ne
1226 2603 1408 2666 fallat
1472 2624 1589 2666 nos
1662 2603 2002 2678 Ditmarus,
2074 2604 2184 2666 sed
2252 2605 2755 2687 quinquennalis

495 2713 819 2776 possessor
885 2690 1168 2755 conferat
1209 2691 1275 2752 in
1323 2693 1709 2752 structuram
1770 2686 1889 2751 XX
1945 2710 2169 2752 aureos
2220 2690 2409 2771 juxta
2464 2690 2749 2773 regu-lam

495 2780 666 2863 pacti
712 2779 924 2854 vestri,
971 2778 1074 2841 cui
1118 2775 1467 2839 subscribe.
1562 2774 1661 2838 Ad
1706 2796 1798 2851 ea,
1846 2776 1941 2839 vir
1986 2777 2244 2856 optime,
2309 2798 2475 2858 quae
2534 2778 2751 2858 Nepo-

493 2863 701 2929 tiano⁴
771 2863 1162 2941 demandavi,
1229 2863 1285 2926 si
1339 2866 1542 2936 vacat,
1601 2862 1853 2943 copiose
1919 2861 2249 2925 rescribas,
2336 2862 2531 2926 Redit
2596 2863 2755 2927 Ver-

494 2957 756 3016 tumnus
822 2951 1132 3015 allaturus
1204 2949 1591 3013 vindemiam
1664 2948 2066 3012 uberrimam.
2180 2943 2495 3033 ΣείριοςΩ
2570 2950 2751 3027 arsit,

507 3037 812 3121 „pomifer
883 3040 1227 3101 autumnus
1299 3039 1517 3099 tenero
1594 3034 1705 3097 dat
1778 3034 2037 3117 palmite
2114 3033 2451 3099 fructum.“
2570 3036 2746 3100 Vale.

502 3125 580 3188 X.
632 3124 759 3188 Cal.
809 3123 981 3206 Sept.
1033 3126 1214 3186 Anno
1261 3120 1480 3185 DXIII.

799 3224 920 3279 Cod.
957 3222 1088 3277 Frcf.
1126 3222 1252 3276 354.

494 3378 726 3449 (eotha.)
1552 3358 1695 3421 296.
2306 3374 2387 3429 26.
2426 3360 2557 3444 Aug.
2600 3378 2755 3432 1513.

1263 3486 1531 3557 Janus⁵
1578 3504 1675 3555 an
1719 3485 1998 3556 Urban.

492 3619 681 3687 (Bittct
727 3636 823 3672 um
864 3618 954 3671 em
999 3616 1234 3671 Darklm
1274 3632 1375 3669 von
1421 3616 1491 3667 10
1544 3615 1643 3680 GL,
1690 3631 1785 3667 um
1834 3614 1982 3667 wicht
2026 3632 2119 3667 vor
2166 3614 2383 3669 Madian
2421 3614 2507 3668 als
2542 3614 2761 3685 Iai'qner

713 3688 1016 3743 daxmtehn.
1087 3686 1380 3755 Nepotiane
1413 3681 1847 3737 Beschmkienheit.
1917 3682 2122 3737 Besuch
2158 3683 2535 3747 Theodericks.)

635 3802 772 3853 Diis
806 3815 982 3852 sacro
1019 3804 1082 3851 et
1115 3800 1441 3851 Minervae
1475 3798 1558 3848 H.
1593 3797 1868 3856 UrbanO,
1906 3810 2016 3847 suo
2053 3801 2315 3859 patrono
2352 3797 2613 3847 colendo

1360 3884 1403 3935 J
1404 3895 1562 3934 anus
1597 3883 1885 3933 Urbicus·

711 4000 773 4064 S.
869 3997 1192 4061 Gloriatur
1265 4019 1330 4061 se
1408 3996 1754 4074 MutianuS,
1830 3994 2082 4059 Urbane
2157 3996 2613 4074 amantissime,
2689 4000 2756 4059 te

623 4152 650 4179 a
678 4134 946 4204 elegantis.
1085 4138 1114 4175 b
1143 4131 1364 4199 pacuini.
1506 4146 1530 4175 e
1560 4131 1735 4197 σήριος,

631 4208 650 4238 ¹
682 4206 804 4259 Pac.
844 4204 929 4256 bei
965 4202 1099 4256 Non.
1139 4202 1208 4268 Π,
1249 4203 1362 4255 145.
1471 4202 1490 4233 ²
1526 4202 1634 4253 Der
1668 4200 1945 4253 Schreiber
1971 4202 2062 4253 des
2086 4200 2382 4253 Kontrakts.
2421 4200 2471 4253 S.
2492 4200 2595 4253 360
2616 4202 2676 4253 A.
2700 4202 2748 4253 3.

494 4278 514 4308 ³
547 4274 786 4328 Dietmar
823 4289 934 4326 war
968 4273 1060 4325 der
1093 4287 1230 4324 neue
1264 4269 1452 4323 Mic-ter
1486 4269 1579 4323 des
1612 4268 1835 4323 Hauses.
1873 4269 1958 4322 Br.
1998 4269 2111 4322 282.
2242 4271 2263 4301 ⁴
2296 4270 2533 4323 Andreas
2567 4268 2749 4336 Nepo-

493 4344 686 4412 tianuS,
706 4343 915 4397 Urbans
950 4341 1104 4394 Neffe
1139 4340 1250 4393 und
1285 4338 1650 4394 Amanuensis.
1704 4338 1755 4392 S.
1795 4339 1891 4393 201
1931 4341 1993 4393 A.
2030 4341 2078 4393 5.
2186 4340 2207 4371 ⁵
2239 4338 2487 4405 UrbicuS,
2512 4337 2752 4392 Mutians

486 4413 694 4472 Diener
727 4429 768 4467 s.
808 4409 995 4464 Ostern
1034 4410 1182 4464 1513.
1255 4406 1306 4463 S.
1344 4406 1444 4461 289
1479 4408 1541 4461 A.
1581 4409 1626 4463 1.
1698 4406 1939 4462 Schreibt
1972 4407 2335 4473 barbarisches
2367 4406 2571 4466 Latein.
