3084 4895
1198 381 1411 446 Mutian
1448 399 1516 436 an
1554 380 1811 436 Herbord.
2498 382 2629 450 359

383 569 616 639 (Gotha.)
1431 551 1573 616 292.
2186 565 2268 620 21.
2304 568 2443 635 Aug.
2485 567 2639 622 1513.

1085 679 1367 749 Mutian
1415 700 1512 748 an
1557 678 1925 748 Herbord.

395 818 416 877 (
428 809 806 877 Versicheruny
862 809 952 862 der
1007 809 1393 881 Freundschaft
1450 815 1586 862 trotx
1640 809 1727 862 des
1783 809 2247 861 voermoomtliehen
2316 807 2639 875 Schweiyens

401 879 691 932 HerbordS.
766 879 1146 931 Gliielcwunseh
1167 896 1242 932 zu
1263 879 1380 931 dem
1411 879 1701 932 Gutaehten
1724 877 1852 930 iiber
1873 879 1957 939 die
1988 878 2149 930 Gibter
2170 878 2261 930 der
2296 877 2637 930 Verbannten.

406 947 541 1002 Will
561 947 734 1001 seiner
749 947 891 1000 Bitte
905 965 1002 1000 um
1024 947 1137 1001 eine
1159 947 1415 1015 Ins-christ
1435 947 1531 1015 fiir
1553 947 1639 1000 die
1659 947 1936 1000 vdterliclae
1958 945 2251 1000 Boehliotlaek
2271 946 2638 1014 entspreclaen.)

661 1063 1025 1116 Herebordo
1061 1064 1406 1125 margarito
1445 1063 1644 1114 amico
1679 1064 1973 1124 primario
2008 1064 2097 1113 M.
2132 1061 2353 1112 Eume.

598 1173 660 1238 S.
752 1175 974 1238 Potest
1057 1175 1214 1254 fieri,
1285 1177 1360 1238 ut
1431 1196 1609 1238 amor
1679 1195 1807 1237 non
1884 1173 2264 1238 dissolvatur
2351 1172 2626 1236 silenti0.

387 1261 734 1326 Possumus
803 1262 990 1324 etiam
1063 1263 1161 1324 uti
1224 1262 1492 1324 silentio·
1546 1281 1673 1324 non
1739 1259 1977 1323 incivili
2052 1281 2257 1341 neque
2335 1258 2627 1339 superbo.

389 1347 746 1429 Utrumque
791 1351 966 1411 tuam
1016 1348 1284 1428 culpam,
1331 1348 1385 1411 si
1431 1346 1617 1429 culpa
1674 1351 1771 1420 est
1823 1347 2241 1410 intermittere
2303 1345 2624 1408 literarum

389 1433 914 1507 vicissitudinem,
983 1437 1314 1516 expurgat,
1381 1434 1433 1496 si
1505 1434 2043 1515 interpretaberis
2132 1431 2290 1496 Nam
2354 1433 2638 1512 sincerus

387 1541 566 1584 amor
624 1521 690 1583 in
747 1519 1045 1583 cordibus
1111 1519 1235 1584 sibi
1303 1519 1514 1583 sedem
1585 1519 1825 1582 defixit.
1920 1519 2073 1582 Eum
2145 1523 2299 1582 tunc
2362 1518 2637 1581 testibus

388 1606 688 1688 epistolis
746 1609 1163 1684 ostentamuS,
1231 1627 1374 1670 cum
1434 1605 1723 1670 infirmus
1784 1609 2009 1669 nutare
2068 1609 2261 1685 atque
2314 1603 2457 1668 ideo
2516 1603 2639 1666 ful-

391 1693 653 1757 ciendus
718 1691 985 1755 videtur.
1099 1692 1279 1768 Quod
1347 1692 1471 1756 illis
1539 1693 1877 1772 contingit,
1943 1711 2207 1773 quorum
2278 1689 2641 1754 volunt-ates

391 1782 651 1843 mutuae
723 1779 903 1842 tenui
975 1799 1050 1841 ac
1129 1778 1335 1858 fragili
1410 1777 1637 1861 copula
1710 1777 2067 1841 cohaerent.
2186 1776 2419 1841 Nostra
2498 1797 2641 1838 vero

387 1864 834 1929 benevolentia
899 1863 1220 1928 doctrinae
1288 1864 1452 1928 nodo
1519 1865 1817 1927 'devincta
1874 1885 1999 1927 non
2063 1862 2246 1926 facile
2316 1863 2679 1926 dissuitur..

392 1950 710 2016 Salutatio
776 1950 1030 2032 quidem
1076 1955 1190 2015 tua
1235 1951 1684 2032 quadrimestri
1728 1949 1941 2013 studio
2000 1950 2236 2013 lassata
2290 1947 2637 2012 dormivit.¹

397 2039 584 2102 Amor
628 2041 840 2102 autem
888 2040 1036 2120 erg‘a
1083 2059 1180 2100 me
1225 2041 1374 2100 tuus
1425 2041 1647 2119 utpote
1693 2037 2032 2118 singularis
2078 2057 2203 2099 non
2244 2039 2341 2098 est
2373 2035 2637 2116 sopituS,

391 2124 498 2188 sed
547 2125 746 2208 spirat
785 2123 1023 2206 jugiter
1067 2129 1374 2205 tanquam
1422 2123 1591 2204 ignis
1638 2123 1923 2186 Vestalis.
2018 2120 2346 2203 Collegisti
2410 2122 2642 2203 scripta

395 2211 862 2285 Scaevolarum,
893 2222 921 2250 ⁸²
966 2210 1077 2293 qui
1134 2211 1200 2273 in
1256 2210 1534 2272 tenebris
1606 2210 1789 2291 quasi
1856 2209 2025 2272 caeci
2088 2213 2370 2271 errantes
2440 2208 2642 2270 lucem

399 2297 588 2380 hujus
652 2296 888 2362 saeculi
933 2318 1058 2361 non
1111 2300 1512 2380 aspexerunt,
1562 2296 1686 2360 imo
1735 2319 1813 2358 ne
1856 2297 2093 2377 priores
2148 2294 2398 2376 quidem
2451 2293 2643 2376 juris-

394 2383 720 2449 consultos
761 2383 903 2466 jura
950 2383 1268 2466 pontificis
1313 2383 1556 2446 romani
1602 2391 1991 2464 exponentes
2026 2381 2182 2444 satis
2214 2380 2637 2463 perviderunt.

398 2471 705 2547 Quocirca
770 2475 986 2534 carent
1054 2472 1436 2534 auctoritate
1489 2470 1657 2553 apud
1716 2470 2027 2532 eruditos:
2090 2470 2154 2531 in
2204 2468 2336 2530 foro
2383 2471 2633 2530 tantum

396 2558 725 2639 imperitae
785 2556 1214 2635 multitudinis
1275 2557 1568 2619 celebres.
1660 2554 1785 2619 Sed
1851 2556 2110 2618 induam
2176 2554 2522 2617 laudatoris
2584 2556 2646 2615 et

394 2644 784 2725 gratulantis
829 2664 1180 2727 personam,
1227 2666 1306 2705 ne
1352 2644 1611 2706 omnino
1669 2642 2014 2725 perdidisse
2077 2640 2286 2702 oleum
2346 2640 2635 2703 videaris

394 2729 734 2807 Debemus
783 2734 855 2793 ut
901 2730 1089 2805 nosti,
1158 2730 1396 2810 patriae
1442 2734 1506 2791 et
1550 2730 1789 2791 amicis.
1885 2727 2084 2790 Amici
2140 2727 2426 2790 doctores
2482 2748 2681 2807 quae·

395 2816 519 2880 tibi
585 2816 994 2895 mandarunt,
1057 2815 1296 2879 obiisti.
1407 2816 1498 2877 De
1565 2814 1811 2877 furibus
1884 2814 2125 2891 aerarii,
2194 2813 2303 2893 qui
2369 2813 2640 2894 patrium

399 2902 602 2968 solum
650 2907 909 2980 vertere,
958 2906 1021 2965 et
1067 2900 1743 2965 eorum'facultatibus
1789 2922 1863 2964 ac
1910 2899 2157 2981 publice
2205 2899 2457 2962 creditis
2491 2919 2643 2961 con-

399 2988 608 3053 sultus
672 2988 1076 3071 respondisti,
1143 2992 1298 3071 puto
1366 3011 1445 3051 ex
1506 2988 1772 3069 tripode.
1886 2986 2039 3062 Quis
2106 2985 2273 3049 hanc
2340 2986 2642 3067 pietatem

396 3074 862 3159 reprehendat?
950 3074 1224 3138 Tantum
1269 3073 1452 3137 abest
1496 3080 1568 3137 ut
1613 3075 1676 3136 in
1726 3074 1846 3136 hoc
1901 3094 2105 3135 rerum
2164 3076 2309 3135 actu
2374 3070 2643 3153 culpam,

397 3163 452 3226 si
513 3162 697 3226 modo
759 3164 942 3224 caute
1014 3161 1228 3224 stilum
1299 3160 1575 3233 duxeris,
1642 3160 1931 3235 insecter,
2002 3163 2071 3220 ut
2138 3158 2329 3221 etiam
2397 3156 2644 3220 laudem

397 3248 711 3312 merearis.
803 3247 1198 3328 Quamquam
1243 3246 1426 3310 initio
1477 3244 1919 3309 difficultatem
1981 3248 2043 3307 et
2098 3243 2440 3324 periculum
2506 3264 2647 3324 pro-

399 3334 673 3417 spiciens
732 3332 854 3396 tibi
905 3334 1112 3411 timui,
1158 3332 1480 3395 suadendo
1527 3335 1602 3394 ut
1645 3332 1998 3395 abstineres
2042 3334 2235 3411 atque
2296 3330 2361 3391 in
2420 3332 2483 3391 te
2540 3328 2647 3391 de-

399 3419 728 3483 scenderes
797 3418 947 3483 data
1009 3414 1502 3501 Fra-ncobergio²
1570 3417 1886 3480 electandi
1946 3416 2287 3498 provincia.
2399 3414 2518 3490 Qui
2586 3417 2651 3477 et

399 3506 603 3571 facere
668 3508 850 3569 tuum
918 3526 1078 3587 opus
1149 3504 1355 3569 voluit
1415 3507 1478 3568 et
1535 3502 1791 3567 fecisset
1857 3502 2110 3566 favente
2177 3500 2347 3565 tribu
2417 3504 2646 3575 vestra,

400 3593 525 3655 nisi
586 3612 830 3655 sacrum
883 3594 1063 3653 tuum
1120 3591 1428 3653 ambitum
1489 3590 1730 3672 patriae
1777 3590 2057 3670 dignitas
2105 3588 2185 3651 ad
2231 3586 2643 3650 enarrandam

400 3678 838 3760 quaestionem
883 3678 1379 3759 praecipitasset.
1473 3676 1652 3751 Quod
1714 3680 1924 3739 autem
1991 3674 2293 3738 Birmosti
2352 3696 2503 3737 usus
2563 3673 2649 3735 sis

401 3761 708 3849 specu10,⁸
748 3765 815 3827 in
848 3784 920 3827 eo
952 3763 1184 3844 probas
1215 3766 1279 3825 te
1310 3784 1446 3826 esse
1477 3762 1677 3826 oculis
1708 3762 2093 3844 praeditum3
2142 3759 2309 3842 quod
2342 3759 2651 3842 speculari

402 3855 708 3932 quaestus
775 3848 973 3913 futuri
1040 3850 1246 3930 gratia
1311 3849 1604 3927 volueris,
1661 3849 1725 3911 in
1786 3868 1857 3911 eo
1912 3845 2169 3913 testaris
2238 3846 2649 3927 cupiditatem

407 3938 623 4001 animi.
713 3936 888 3999 Petis
952 3935 1138 3998 breve
1206 3934 1467 4009 dictum,
1535 3934 1644 3997 sed
1718 3935 1990 4016 priscum
2036 3937 2101 3996 et
2145 3933 2413 4013 insigne,
2481 3932 2652 4014 quod

405 4024 689 4106 paternis
746 4022 1134 4104 imaginibus
1180 4020 1561 4084 subscribas,
1654 4019 1959 4101 Captabo,
2009 4040 2085 4083 ne
2132 4019 2461 4081 desideres.
2554 4017 2651 4080 Ad

541 4241 568 4268 a
598 4226 706 4279 Am
737 4226 927 4280 Raude
941 4246 958 4278 .·
999 4227 1062 4279 de
1099 4224 1313 4280 oonsilio
1348 4224 1597 4293 loquitur,
1637 4224 1778 4292 quod
1814 4223 2150 4276 Herebordus
2175 4220 2453 4289 collegerat
2476 4223 2653 4273 contra

408 4294 715 4433 exulesvgl·
753 4364 840 4417 Br.
879 4364 994 4419 281.
1137 4365 1156 4395 2
1190 4363 1308 4418 Joh.
1362 4361 1667 4415 Emmerich
1717 4376 1822 4413 von
1873 4359 2250 4428 Frankenberg,
2306 4359 2410 4413 Erf.
2466 4357 2649 4411 Jurist.

403 4431 454 4487 S.
498 4432 599 4487 238
634 4437 696 4487 A.
735 4433 782 4488 6.
926 4434 946 4465 ³
979 4432 1265 4499 Vielleioht
1299 4432 1416 4485 eine
1445 4431 1618 4500 jurist.
1654 4430 1838 4482 Arbeit
1870 4428 2173 4483 BiermostS.
2245 4428 2294 4483 S.
2333 4428 2399 4481 68
2434 4430 2495 4482 A.
2536 4429 2581 4479 1.
