3084 4895
1218 381 1429 442 Mutian
1464 405 1534 442 an
1571 381 1769 446 Urban.
2497 389 2618 456 111

367 559 629 646 spiritus
687 569 816 626 tres
877 563 1059 626 aulae
1123 568 1348 644 pestes,
1422 564 1832 643 adulatorem,
1892 565 2403 642 obtrectatorem,
2450 565 2617 629 dela-

367 653 588 726 torem,
635 650 727 712 ita
772 649 1160 713 submoverit
1209 671 1245 712 a
1279 649 1636 733 Spalatino‚
1683 656 1757 714 ut
1802 653 2003 715 virtus
2049 653 2181 734 ejus
2214 652 2382 715 clara
2412 651 2525 715 fiat
2554 656 2619 715 et

369 736 649 799 illustris,
741 735 962 799 Servet
1009 737 1161 799 deus
1208 737 1617 818 fragilitatem
1666 739 2055 801 condicionis
2102 739 2430 802 humanae.

676 836 797 891 Cod.
838 837 969 889 Frcf.
1011 838 1123 890 197.

368 1031 551 1084 Gotha.
1437 1021 1538 1084 95.
1984 1036 2095 1105 (um
2130 1035 2406 1089 Michaelis
2446 1035 2617 1103 1508.)

1109 1153 1398 1223 Mutian
1443 1177 1540 1225 an
1585 1155 1861 1226 Urban.

370 1287 645 1354 (Spalatin
679 1288 873 1356 belclayt
907 1289 1036 1352 sicle,
1073 1290 1198 1343 dass
1233 1291 1451 1345 Mutian
1485 1293 1569 1346 bei
1600 1293 1799 1346 seinem
1842 1291 1999 1360 Opfer
2028 1290 2226 1360 yefeklt.
2297 1290 2462 1359 Klaye
2486 1291 2617 1344 iiber

895 1358 1074 1412 dassen
1108 1359 1392 1428 Zuqemny,
1430 1379 1505 1414 an
1538 1363 1637 1414 den
1672 1361 1791 1429 Hof
1814 1379 1889 1415 mc
1920 1361 2091 1429 yelm.)

1117 1483 1199 1532 H.
1236 1483 1490 1534 Urbano
1525 1486 1614 1536 M.
1650 1484 1872 1535 Rufus,

577 1595 639 1660 S.
731 1598 942 1663 Audet
985 1623 1214 1683 negare
1247 1602 1615 1686 Spalatinus
1649 1609 1864 1668 noster
1895 1626 1993 1667 me
2027 1603 2247 1666 honori
2289 1622 2403 1664 suo
2437 1623 2563 1664 non
2591 1601 2620 1638 b

369 1682 663 1759 defuisse,
745 1685 892 1749 dum
957 1687 1160 1752 obiret
1219 1689 1417 1753 divini
1482 1691 1862 1754 sacramenti
1923 1695 1986 1752 et
2054 1688 2342 1752 coelestis
2376 1688 2620 1750 'arcani

368 1770 714 1850 mysteria.¹
808 1771 1122 1837 Mehercle
1186 1798 1308 1838 non
1380 1777 1569 1840 defui.
1662 1776 1787 1840 Sed
1847 1798 2014 1840 eram
2063 1774 2400 1837 invisibilis
2446 1773 2619 1836 velut

371 1855 746 1936 Apollonius
791 1859 854 1921 in
897 1859 1188 1940 judicio⁰
1252 1861 1649 1926 Domitiani.²
1741 1863 1879 1926 Non
1944 1861 2230 1939 mentior,
2276 1860 2396 1923 nisi
2460 1859 2621 1922 forte

367 1945 441 2004 tu
488 1947 675 2024 putas
721 1965 854 2007 esse
887 1968 1025 2009 eum
1060 1969 1244 2028 quem
1278 1949 1565 2012 videmus
1601 1949 1936 2026 hominem,
1983 1952 2204 2010 contra
2235 1947 2615 2009 sententiam

372 2028 906 2098 doctissimorum.
970 2054 1111 2095 cum
1173 2056 1357 2096 verus
1415 2035 1601 2098 homo
1658 2036 1743 2097 sit
1788 2036 2055 2110 animm,
2104 2054 2289 2113 quem
2338 2037 2618 2095 contem-

372 2114 706 2194 platione⁸
739 2119 1048 2181 cernimus
1082 2125 1143 2182 et
1194 2143 1270 2182 ex
1313 2121 1498 2184 factis
1546 2144 1619 2184 ac
1667 2122 1945 2184 moribus
2000 2119 2411 2200 pervidemus
2504 2119 2621 2180 Hic

372 2201 587 2263 eodem
638 2210 955 2266 momento
1002 2205 1203 2268 Gotae
1263 2207 1382 2270 fuit
1427 2209 1489 2269 in
1538 2208 1737 2271 Beata
1783 2205 2271 2287 Tranquillitate
2326 2209 2389 2266 et
2430 2204 2618 2266 simul

376 2287 438 2347 in
486 2288 642 2349 aede
689 2286 1102 2372 Gangolphi.³
1150 2293 1294 2355 dum
1343 2295 1585 2356 amicus
1631 2316 1756 2356 rem
1808 2294 2087 2356 divinam
2120 2291 2371 2354 faceret.
2465 2290 2620 2352 Pro—

375 2372 521 2435 bavi
567 2395 664 2435 me
695 2375 950 2439 affuisse
984 2376 1331 2460 Spalatino.
1412 2383 1492 2442 At
1533 2401 1725 2462 quare
1757 2386 1961 2443 rector
1995 2383 2055 2441 et
2088 2378 2308 2459 auriga
2340 2377 2617 2458 corporis

369 2460 542 2522 solus
611 2461 883 2526 evolavit
941 2464 1160 2527 relicto
1217 2466 1384 2529 domi
1441 2467 1889 2549 receptaculo?
1977 2466 2141 2528 Male
2204 2463 2455 2527 valebat
2498 2463 2616 2526 sub

369 2544 536 2608 idem
591 2551 842 2629 tempus
897 2551 1092 2613 animi
1147 2574 1383 2628 servus
1443 2554 1569 2615 imo
1616 2554 1822 2615 socius
1870 2557 1933 2615 et
1978 2552 2235 2632 collega,
2288 2557 2615 2632 propterea

369 2632 539 2711 quod
594 2635 1084 2713 graveolentiam
1133 2640 1403 2701 recentis
1458 2640 1708 2701 tectorii
1771 2639 2090 2701 hausisset
2135 2638 2377 2718 spiritu.
2469 2635 2619 2699 Fuit

369 2717 525 2780 haec
572 2720 817 2783 sontica
865 2744 1054 2784 causa
1099 2733 1164 2786 et
1209 2746 1371 2805 quae
1418 2727 1666 2788 veniam
1700 2726 1947 2787 absenti
1982 2724 2327 2805 indulgeat.
2397 2722 2622 2803 ltaque

371 2805 430 2866 si
475 2826 573 2865 me
618 2809 1026 2881 accusaverit,
1088 2809 1399 2873 absolvas,
1506 2811 1619 2873 Est.
1664 2812 1873 2893 gravis
1920 2811 2123 2893 culpa,
2184 2831 2345 2890 quae
2402 2808 2622 2890 Spala-

371 2890 580 2953 tinum
629 2897 869 2968 onerat,
915 2900 1107 2976 atque
1154 2898 1241 2959 ita
1287 2904 1359 2961 ut
1405 2919 1441 2957 a
1487 2907 1549 2959 te
1584 2898 1987 2959 condemnari
2021 2896 2265 2959 debeat.
2337 2895 2621 2958 Pulsavit

373 2976 512 3056 ejus
542 2976 798 3057 januam
836 2980 1002 3043 bona
1034 2982 1306 3045 fortuna.
1400 2983 1618 3046 Noluit
1650 2984 2071 3046 intromittere
2103 2983 2389 3063 ignavnS‚
2422 2982 2620 3062 piger,

374 3062 748 3127 desidiosus.
850 3066 1109 3141 Quoties
1178 3070 1342 3131 dixi:
1420 3068 1629 3149 „Heus
1693 3074 1784 3143 tu,
1852 3091 1960 3132 cur
2029 3090 2154 3131 non
2214 3068 2486 3130 claritati
2548 3090 2622 3130 ac

375 3150 701 3229 potent-iae
731 3162 759 3189 ²
789 3153 1007 3215 studes
1040 3161 1102 3216 et-
1135 3175 1242 3235 per
1276 3156 1585 3218 culturam
1636 3156 1917 3237 potentis
1948 3156 2133 3218 amici
2166 3153 2444 3217 fautores
2475 3158 2621 3215 tuos

374 3234 770 3298 clarificas‘?“
866 3238 1264 3304 obaudivi†.⁴
1351 3240 1577 3304 Maluit
1631 3241 1795 3304 enim
1853 3243 2016 3305 votis
2072 3246 2319 3303 nectere
2366 3244 2515 3301 vota
2560 3244 2623 3301 et

373 3341 559 3401 agere
604 3344 852 3405 gregem
906 3324 1270 3403 host-iarum,
1327 3349 1515 3408 quam
1567 3349 1692 3392 uno
1739 3349 1905 3408 agno
1964 3335 2237 3390 mactato
2292 3325 2618 3388 Birmosti⁵

375 3408 644 3471 decretis
690 3412 1138 3493 obtemperare.
1233 3414 1508 3476 Nimium
1558 3415 1726 3494 sapit
1772 3421 1835 3476 et,
1878 3419 2096 3494 gustat
2142 3434 2335 3493 agens
2380 3412 2619 3493 gratias

373 3496 523 3575 pani
571 3500 633 3557 et
679 3496 844 3559 vino.
914 3497 1034 3561 Sed
1074 3500 1197 3561 ista
1229 3500 1540 3581 sapientia
1574 3500 1905 3563 coelestem
1954 3500 2106 3562 facit
2151 3521 2274 3561 non
2324 3497 2617 3574 aulicum,

375 3580 813 3663 philosophum
879 3606 1002 3647 non
1067 3586 1332 3661 civilem,
1395 3586 1779 3649 sacerdotem
1841 3607 1961 3648 non
2013 3585 2301 3648 scribam.
2397 3584 2620 3646 Restat.

369 3670 444 3729 ut
512 3672 756 3731 tantam
831 3670 1133 3735 desidiam
1218 3673 1384 3754 apud
1452 3673 1727 3755 optimos
1802 3673 2114 3754 principes
2190 3672 2614 3733 defendamus,

375 3751 543 3816 Vale.
633 3753 728 3817 Ex
775 3757 1008 3837 angulo
1054 3759 1415 3839 tranquillo.

677 3855 798 3910 Cod.
837 3856 965 3910 Frcf.
1003 3858 1084 3912 91.

503 4092 531 4119 ²
561 4078 608 4129 ci
643 4084 705 4130 st.
743 4079 798 4131 ti.
901 4084 929 4121 b
958 4095 1058 4132 non
1094 4078 1232 4145 fehlt.
1340 4094 1363 4120 ο
1385 4079 1592 4146 Juditio.

509 4150 524 4178 ¹
563 4147 794 4214 Spalatin
834 4149 1012 4200 wurde
1047 4150 1183 4201 nach
1220 4149 1390 4200 scinci·
1429 4147 1867 4214 Autobiographie
1925 4146 2054 4199 1508
2104 4163 2204 4198 von
2254 4147 2620 4199 Weihhischof

367 4215 574 4283 Lasphe
623 4234 742 4268 zum
789 4218 1018 4269 Pricster
1065 4219 1304 4284 gcwciht.
1383 4218 1493 4285 Vgl.
1542 4218 1646 4269 Th.
1698 4215 1898 4267 Kolde
1937 4216 1986 4266 in
2026 4217 2118 4267 der
2156 4216 2478 4283 Realencycl.
2530 4217 2614 4268 fur

365 4285 642 4353 Theologie
682 4303 728 4339 u.
767 4287 962 4339 Kirche
999 4287 1146 4349 XIV,
1183 4288 1284 4339 499
1321 4287 1371 4340 ff.
1428 4286 1576 4337 Doch
1614 4284 1715 4352 vgl.
1755 4284 1841 4336 ΒΓ.
1880 4286 1947 4337 60
1986 4286 2097 4337 Anf.
2209 4288 2231 4357 ²,
2267 4286 2375 4353 Vgl.
2415 4286 2499 4340 ΒΥ.
2526 4288 2592 4337 85
2614 4326 2626 4344 ,

368 4356 558 4407 dessen
616 4355 982 4408 Jahresdatum
1049 4356 1330 4408 hierdurch
1391 4356 1633 4420 bestatigt
1692 4354 1835 4408 wird.
2001 4356 2019 4384 ³
2054 4354 2150 4405 Dic
2210 4355 2618 4422 Geor-genthaler

373 4424 777 4476 Klosterkirche.
923 4429 940 4457 ⁴
978 4425 1106 4481 Hier
1140 4426 1336 4493 gleich:
1379 4440 1478 4476 non
1515 4424 1732 4477 audivit.
1872 4425 1893 4454 5
1934 4422 2041 4489 Vgl.
2080 4439 2186 4476 vor.
2222 4423 2306 4476 ΒΓ.
