3084 4895
433 345 560 409 218
1289 346 1465 401 Briet'e
1501 346 1596 400 des
1630 347 1681 401 J.
1722 347 1869 403 1512.

430 546 660 614 (Gotha.)
1489 536 1639 599 169.
2321 552 2477 620 (Aug.
2518 552 2697 617 1512.)

1198 658 1489 731 Mutian
1535 680 1635 732 an
1678 658 1958 732 Urban.

436 783 664 859 (Lotfius'
697 784 880 837 ΒάηΙσε
915 786 1032 837 und
1057 787 1457 853 yleissnerisehe
1490 787 1877 856 &eund-sebast
1910 788 2013 842 mit
2042 790 2159 842 dem
2178 788 2320 843 Abte.
2358 787 2578 841 Mutian
2612 787 2699 840 als

439 853 850 906 Sckwdsrwkter
897 854 960 932 in
993 855 1166 909 ciuem
1215 857 1427 911 Handel
1469 858 1733 911 zwisalten
1764 860 1865 911 dm
1907 858 2111 924 Grafen
2156 876 2257 911 von
2296 858 2541 910 Gleichen
2584 856 2705 908 und

432 922 550 973 dem
598 921 806 974 Kloster
849 922 1348 979 Remlzardsbrunn.
1419 926 1608 979 Mmm
1658 928 1773 979 und
1824 927 2147 979 Saltxnumn
2190 928 2477 980 erarem-sen
2527 924 2701 976 durch

434 988 762 1057 Androhuny
809 990 952 1043 eines
1007 992 1284 1047 Proxesses·
1334 995 1452 1047 dem
1495 994 1756 1047 Tambaeh
1796 996 1895 1047 das
1941 995 2101 1047 Recht
2114 1034 2128 1059 ,
2170 995 2315 1047 aeine
2371 992 2588 1047 Vilcarie
2622 1009 2701 1044 zu

1386 1064 1737 1131 dhertraqen.)

606 1172 684 1225 H.
722 1174 979 1224 Urbano
1014 1176 1332 1236 magistro,
1366 1189 1721 1235 oeeonnmn,
1754 1176 1892 1227 viro
1926 1176 2284 1226 reverentia
2318 1174 2505 1235 digno

641 1370 704 1435 S.
798 1372 1042 1449 Facias»,
1105 1377 1179 1437 ut
1225 1379 1287 1437 te
1332 1374 1532 1451 decet,
1596 1378 1661 1439 et
1706 1374 1908 1439 bonos
1964 1395 2039 1437 ac
2084 1374 2307 1437 doctos
2360 1373 2533 1435 omni
2591 1371 2697 1435 via.

434 1457 622 1521 nobis
666 1457 940 1522 insinua.
1029 1458 1190 1522 Nam
1225 1459 1380 1523 haec
1413 1461 1729 1543 possessio
1776 1461 1840 1523 in
1877 1480 2208 1523 commune
2239 1462 2517 1541 paratur,
2567 1478 2695 1521 non

411 1543 591 1625 ‚mihi
635 1543 840 1624 magis
887 1566 1075 1625 quam
1135 1546 1255 1609 tibi
1312 1552 1376 1610 et
1422 1546 1647 1610 honori
1704 1551 1769 1610 et
1814 1546 2131 1626 voluptati
2190 1543 2422 1608 futura.
2516 1542 2699 1619 Quod

436 1633 646 1693 autem
693 1652 794 1691 me
842 1630 980 1710 plus
1027 1652 1218 1711 quam
1267 1638 1330 1693 te
1376 1632 1587 1714 ipsum
1635 1654 1825 1708 ameS‚
1874 1632 1995 1695 etsi
2040 1631 2103 1695 id
2151 1630 2438 1706 nimium,
2509 1629 2697 1692 credo

434 1720 668 1786 tamen,
718 1736 858 1777 curn
909 1722 971 1778 et
1019 1718 1151 1797 ipse
1183 1718 1305 1780 tibi
1341 1719 1546 1781 fidelis
1579 1719 1697 1781 sim
1744 1740 1945 1799 aeque
1976 1721 2171 1799 atque
2200 1722 2452 1796 egomet
2480 1727 2509 1755 ⁸
2539 1714 2698 1778 mihi

436 1801 768 1881 soleasque
830 1804 1126 1865 secundis
1171 1804 1360 1866 rebus
1422 1807 1657 1867 nostris
1720 1826 1844 1867 non
1904 1803 2182 1866 invidere
2238 1802 2346 1864 sed
2403 1802 2700 1881 gaudere,

436 1887 718 1951 adversis
766 1908 888 1950 non
935 1888 1155 1952 laetari
1189 1890 1298 1951 sed
1331 1890 1595 1953 tristari.
1690 1889 2008 1953 Scelestus
2042 1887 2287 1951 Lotius'
2329 1910 2446 1950 sua
2477 1886 2700 1949 fraude

434 1972 687 2036 fraudes
733 1973 1014 2036 omniurn
1063 1980 1420 2056 exsuperat.
1514 1976 1677 2038 Dum
1727 1975 2069 2049 blanditur,
2118 1973 2460 2037 insidiatur
2503 1976 2568 2034 et
2602 1977 2703 2034 est

438 2060 819 2122 verbotenus
865 2064 1114 2122 tantuin
1164 2058 1458 2124 Duronii²
1505 2062 1769 2124 amicus
1860 2060 2014 2123 Erat
2057 2060 2160 2122 hic
2205 2062 2384 2141 pater
2428 2054 2698 2132 noster‚³

443 2168 481 2207 a
515 2166 640 2225 quo
691 2145 1014 2226 digressus
1061 2146 1298 2209 assecla
1335 2146 1699 2219 Musardus‘
1737 2168 1831 2209 me
1864 2146 2039 2209 adiit.
2104 2145 2351 2207 Interea
2398 2144 2704 2226 poscebat

440 2254 622 2294 suurn
671 2230 924 2294 Lotium
977 2241 1036 2295 et
1071 2233 1452 2309 consimiles,
1501 2240 1577 2295 ut
1608 2254 1723 2296 suo
1757 2254 1928 2295 more
1960 2231 2341 2313 palponibus
2373 2230 2697 2292 arrideret.

441 2317 578 2381 Hoc
631 2322 880 2398 postero
928 2318 1028 2381 die
1073 2318 1311 2391 audivi,
1361 2326 1699 2400 postquam
1748 2318 2032 2381 abiisset.
2125 2316 2410 2379 Narrabo
2458 2314 2701 2378 facturn

437 2403 675 2467 ordine.
770 2403 1125 2468 Fridericus
1170 2403 1583 2468 oeconomus⁵
1632 2410 1696 2468 et
1740 2403 1931 2469 aulici
1978 2399 2378 2468 Glichenses⁶
2425 2404 2705 2481 quatuor

436 2490 570 2553 litis
627 2512 778 2553 suae
845 2490 1119 2554 arbitros
1181 2490 1572 2570 delegerunt.
1674 2491 1935 2566 Quaeris
1994 2488 2299 2552 nomina?
2405 2483 2705 2566 Morum⁷,

440 2575 506 2638 G.
554 2574 1079 2657 Boneburgium,⁸
1129 2575 1484 2640 Matianum
1531 2580 1597 2639 et
1642 2583 1993 2657 praetorem
2062 2575 2251 2655 hujus
2311 2573 2701 2636 civitatulae.

442 2662 665 2726 Oravit
694 2683 808 2743 pro
843 2661 1294 2726 Glichensibus
1329 2663 1653 2744 presbyter
1685 2659 2004 2742 Gotzgen⁹
2037 2663 2195 2725 satis
2229 2683 2335 2742 per
2367 2657 2699 2722 Herculem

444 2747 752 2829 apposite.
846 2747 1010 2810 Huic
1053 2748 1383 2829 respondit
1445 2749 1738 2811 coenobii
1798 2747 2050 2810 nomine
2113 2746 2469 2809 Fridericus
2515 2744 2705 2824 longe

446 2833 860 2910 commodiu3‚
907 2841 980 2896 ut
1026 2838 1121 2896 est
1168 2833 1358 2896 homo
1404 2835 1645 2915 peritus
1692 2839 1757 2895 et
1790 2833 1978 2895 vafer.
2069 2831 2226 2895 Post
2270 2831 2525 2911 longam
2570 2829 2703 2892 dis-

443 2918 869 2999 ceptationem
915 2940 1040 2982 non
1083 2919 1302 3000 'potuit
1345 2919 1423 2982 lis
1470 2919 1696 2982 dirimi.
1789 2918 1993 2981 Verba
2037 2921 2236 2980 erant.
2326 2916 2399 2977 ln
2434 2915 2707 2978 valedic-

445 3003 732 3067 tionibus
776 3004 1049 3068 salutavi
1098 3004 1458 3072 Henricum.
1509 3005 1715 3068 abbae
1760 3025 2148 3085 germanum,
2194 3010 2260 3065 et
2293 3023 2439 3065 num
2476 3000 2707 3062 fuisset

442 3111 583 3153 cum
633 3089 909 3166 domin0,
974 3091 1210 3171 rogavi.
1308 3090 1489 3171 „Non
1551 3089 1783 3164 eram“‚
1852 3089 2085 3169 inquit,
2154 3088 2299 3169 „sed
2362 3088 2705 3150 abeuntem

444 3176 573 3238 vidi
619 3175 681 3236 in
718 3175 1000 3238 itinere.“
1099 3175 1306 3255 Atque
1354 3176 1508 3238 haec
1556 3176 1825 3257 superbe
1872 3174 2059 3252 dixit,
2105 3178 2413 3254 tanquam
2461 3193 2561 3232 me
2594 3170 2702 3232 de-

441 3261 730 3341 spiceret.
824 3259 1057 3323 Statim
1102 3259 1317 3323 Morus
1375 3261 1532 3324 haec
1594 3261 1860 3324 audiens
1915 3261 2005 3322 sic
2052 3258 2421 3339 subjunxit:
2492 3255 2707 3334 „Misit

444 3346 579 3408 heri
639 3347 715 3408 ad
778 3345 1028 3408 Loffium
1095 3352 1157 3408 et
1204 3347 1456 3408 vocavit
1516 3345 1717 3408 eum.“
1817 3343 2063 3408 Habeat
2128 3345 2324 3425 igitur
2383 3341 2705 3404 Duronius

446 3432 770 3495 cohortem
819 3431 1246 3494 barbarorum.
1337 3431 1494 3494 Mihi
1541 3437 1752 3494 tamen
1789 3429 2129 3493 verisimile
2162 3429 2413 3492 videtur
2443 3426 2703 3490 Lotium

446 3518 756 3580 mansisse
802 3517 1002 3597 domi,
1075 3521 1402 3598 propterea
1457 3517 1626 3597 quod
1690 3517 2031 3579 dissentiat
2086 3516 2147 3577 in
2195 3537 2260 3576 re
2322 3513 2620 3594 quapiam
2669 3534 2709 3574 a

579 3702 609 3787 Ἰ
636 3689 972 3808 {30211121322
1099 3755 1118 3786 ⁹
1140 3754 1248 3806 Der
1283 3753 1389 3831 Abt
1425 3769 1526 3804 von
1564 3751 1925 3820 Georgenthal.
1963 3751 2013 3803 S.
2040 3749 2137 3803 108
2155 3752 2216 3801 A.
2242 3751 2285 3800 1.
2394 3749 2415 3779 ³
2448 3747 2556 3799 Der
2586 3746 2705 3823 Abt.

448 3825 468 3857 ⁴
503 3824 556 3878 S.
595 3824 696 3876 212
731 3826 793 3875 A.
831 3825 878 3876 6.
1021 3824 1043 3854 ⁶
1080 3822 1196 3874 Von
1240 3821 1705 3874 Remhardsbrunn
1742 3820 1792 3872 S.
1832 3821 1900 3873 33
1938 3821 1996 3870 A.
2036 3820 2082 3871 3.
2130 3817 2180 3870 S.
2220 3817 2317 3870 201
2356 3817 2411 3869 ff.
2552 3816 2575 3846 ⁶
2609 3814 2709 3866 Dle

447 3893 637 3945 Grafen
671 3908 773 3944 von
805 3891 1057 3943 Gleichen
1094 3890 1398 3957 (Falcken
1415 3889 1604 3955 stein,
1640 3888 1795 3940 Thiir.
1838 3888 1956 3941 Chr.
1994 3887 2063 3952 II,
2086 3886 2183 3938 797
2211 3886 2289 3950 ff.)
2326 3885 2509 3936 hatten
2544 3884 2708 3936 oftere

446 3960 836 4029 Streitigkeiten
882 3959 982 4011 mit
1028 3960 1124 4010 den
1177 3959 1569 4011 benachbarten
1618 3957 1930 4025 geistlicheu
1975 3955 2191 4006 Herren.
2307 3955 2326 3984 ⁷
2363 3951 2711 4005 Gothaischer

446 4030 773 4082 Geistlioher.
814 4029 863 4081 S.
903 4028 970 4080 38
1006 4029 1068 4078 A.
1099 4029 1146 4079 4.
1249 4028 1270 4059 ⁸
1305 4029 1500 4094 Caspar
1533 4041 1638 4079 von
1672 4025 1985 4090 Boineburg,
2027 4023 2161 4074 wird
2197 4022 2366 4074 neben
2402 4021 2529 4072 Graf
2562 4019 2709 4086 Sieg-

446 4100 610 4150 mund
645 4115 747 4151 von
767 4098 1019 4149 Gleichen
1059 4097 1190 4149 1509
1229 4095 1306 4147 als
1343 4095 1676 4147 siiohsischer
1688 4091 2193 4159 Bevollmiiohtigter
2228 4091 2283 4141 in
2310 4091 2411 4142 den
2433 4088 2709 4140 verband-

447 4167 643 4234 lungen
687 4167 786 4218 mit.
835 4166 1010 4218 Mainz
1055 4168 1295 4232 genannt.
1367 4163 1769 4218 Burkhardt.
1816 4163 1909 4213 das
1952 4159 2075 4212 tolle
2133 4159 2283 4211 Jahr.
2330 4158 2381 4212 S.
2434 4159 2550 4210 355.
2590 4157 2707 4208 361.

446 4237 468 4268 ⁹
503 4236 760 4288 Nikolaus
797 4235 1009 4296 Gotzen,
1047 4233 1212 4286 Vikar
1247 4233 1339 4284 der
1371 4231 1769 4284 Marienkirche.
1843 4231 1922 4281 Sa
1977 4229 2160 4281 ittar.
2198 4227 2392 4280 Histor.
2433 4225 2586 4276 Goth.
2626 4224 2705 4276 ed.

445 4304 634 4356 Tenzel
669 4321 718 4370 p.
740 4305 820 4356 53.
858 4302 956 4354 Ein
977 4301 1094 4355 Joh.
1117 4301 1278 4354 Gotze
1314 4301 1579 4352 erecheiut
1612 4301 1767 4352 unter
1802 4299 1902 4351 den
1982 4296 2390 4364 iii-germeistern
2411 4309 2515 4346 von
2535 4292 2709 4346 Gotha

444 4373 591 4426 1498.
665 4371 980 4440 Sagitta-r.
1018 4370 1055 4422 l.
1091 4370 1125 4422 1.
1163 4387 1212 4438 p.
1251 4370 1366 4422 376.

3010 4193 3034 4334 ..ἑ-,ῃ
