3084 4895
434 311 554 374 104
1187 305 1362 359 Briefe
1399 323 1501 359 von
1541 305 1894 360 1505—1508.

427 481 608 546 ebrii.
699 481 819 545 Ubi
867 484 1075 544 autem
1125 481 1417 558 ebrietaS,
1473 482 1562 546 ibi
1608 482 1781 546 furor
1828 485 1891 545 et
1933 479 2177 544 libido.¹
2269 480 2567 561 Legimus
2612 479 2676 542 in
2730 481 2735 494 ⁴

427 568 706 630 Decretis
753 572 1112 630 sanctorum
1162 568 1636 632 saluberrimam
1686 568 2099 640 sanctionem,
2148 590 2365 650 quae
2340 566 2514 629 XXX
2546 567 2678 628 dies

427 658 600 716 arcet
644 653 723 716 ab
772 653 1096 717 hominum
1161 655 1608 744 communione
1670 677 1829 728 eum,
1893 655 1997 736 qui
2064 654 2158 717 vel
2218 654 2407 716 semel
2468 653 2677 715 ebrius

428 737 664 804 fuerit²
753 740 965 802 Nostri
1027 761 1171 802 vero
1235 739 1399 803 Galli
1458 763 1582 804 non
1642 741 1843 805 solum
1904 762 2026 803 non
2084 745 2297 803 arcent
2354 739 2560 802 ebrios
2616 743 2678 801 et

427 827 810 889 submovent
832 830 1174 909 potatoreS,
1202 827 1308 888 sed
1337 829 1547 890 missis
1580 828 1871 891 nuntiis⁸
1914 826 2319 908 amplissimis
2346 828 2476 889 viro
2500 847 2679 888 oeco-

427 934 614 975 nomo
663 917 725 974 et
769 913 1008 993 pistore
1053 913 1455 976 subinvitunt
1488 920 1552 977 et
1586 914 1806 976 cisium
1848 914 2003 976 dant
2049 918 2112 974 et
2158 912 2309 975 illud
2359 911 2675 992 egregium

427 997 616 1078 Sestii
667 998 1004 1072 celebrant,
1051 998 1159 1060 u'bi
1193 1000 1552 1079 acceperint
1594 999 1990 1063 oculissimos
2038 999 2363 1060 convivas:
2418 995 2679 1078 „Manus

429 1085 569 1147 lava
614 1089 677 1146 et
723 1082 968 1146 cena.“³
1061 1083 1258 1146 Credo
1295 1091 1629 1148 numerant
1676 1086 1863 1147 etiam
1896 1097 1924 1124 ὃ
1972 1085 2341 1166 praemium,
2375 1084 2544 1165 quod
2575 1081 2677 1144 Ti-

429 1169 639 1233 berius
673 1170 803 1233 suis
835 1171 1320 1234 combibonibus
1353 1176 1609 1234 auctore
1644 1171 1949 1234 Suetonio
1977 1170 2314 1252 praest-itit.
2366 1169 2417 1233 O
2448 1169 2675 1232 mores!

429 1254 698 1319 Faciunt
771 1257 890 1318 hoc
965 1257 1261 1338 religiosi,
1337 1258 1502 1337 quod
1585 1281 1661 1319 ne
1734 1258 1795 1320 in
1877 1256 2139 1338 profano
2168 1257 2195 1294 b
2269 1256 2371 1319 lex
2446 1253 2680 1317 Christi

433 1343 568 1404 fert.
661 1342 903 1405 Bibunt
948 1343 1012 1404 in
1069 1343 1422 1424 propatulo,
1477 1345 1605 1406 imo
1663 1365 1727 1406 se
1788 1343 2031 1424 poculis
2088 1347 2378 1424 poscunt,
2425 1346 2485 1403 et
2532 1341 2681 1423 quia

429 1429 616 1512 semel
673 1450 783 1508 pro
843 1428 1027 1492 laude
1089 1429 1406 1492 duxerunt
1475 1434 1857 1512 compotare,
1929 1428 2337 1510 perfricantes
2410 1426 2678 1490 frontem

428 1536 748 1595 nunquam
818 1515 1216 1578 erubescunt.
1313 1515 1701 1598 praecipitur
1758 1517 1821 1578 in
1886 1515 2207 1578 canonicis
2274 1514 2525 1594 legibus
2588 1513 2679 1575 di-

427 1601 766 1666 stinctione
797 1599 1061 1676 XLIIII„
1093 1613 1117 1640 0
1166 1607 1234 1664 ut.
1273 1601 1519 1682 „nullus
1556 1602 2058 1684 presbyterorum
2089 1601 2165 1663 ad
2196 1601 2549 1682 septimana
2576 1601 2679 1662 de-

428 1686 630 1749 functi
655 1686 977 1749 sollemnia
1010 1687 1384 1751 celebranda
1418 1694 1681 1752 vocatus
1714 1711 1779 1750 se
1814 1688 2123 1750 inebriare
2156 1687 2472 1750 ullatenus
2503 1707 2677 1767 prae.-

427 1771 730 1836 sumat.“⁴
805 1773 986 1835 Nunc
1034 1776 1241 1855 coepit
1273 1797 1406 1836 esse
1438 1775 1699 1849 licitum,
1753 1773 1921 1854 quod
1957 1775 2102 1836 olim
2140 1780 2236 1834 est
2270 1772 2674 1854 prohibitum.

425 1858 642 1932 Laudo
697 1859 1217 1923 constitutionem
1280 1861 1605 1923 sinceram.
1698 1860 1899 1922 Verba
1972 1859 2321 1922 barbariem
2374 1858 2674 1921 redolent.

427 1946 580 2022 Quis
627 1945 791 2008 enim
839 1946 958 2007 nisi
1017 1969 1227 2010 morus
1283 1947 1542 2010 diceret:
1612 1946 1931 2010 ullatenus
2005 1946 2408 2026 praesumat?
2497 1943 2679 2007 Anti-

426 2033 642 2114 quitus
689 2054 854 2095 nono
903 2031 1000 2095 die
1045 2033 1240 2096 fiebat
1297 2033 1669 2096 sacrificium
1732 2054 1840 2116 pro
1896 2032 2163 2095 mortuis
2218 2033 2385 2113 quod
2442 2030 2678 2094 dictum

425 2121 522 2181 est
569 2119 959 2196 novendiale,
1011 2118 1128 2182 hoc
1174 2142 1326 2184 aevo
1359 2121 1433 2182 fit
1463 2120 1733 2202 Septimo
1778 2120 1895 2182 die.
1977 2117 2132 2180 Tum
2168 2118 2230 2181 in
2265 2118 2441 2181 luctu
2473 2116 2678 2179 alieno

426 2206 625 2268 nostri
675 2206 1203 2268 cacodaemonum
1247 2206 1461 2288 liturgi
1495 2207 1651 2269 dant
1682 2227 1934 2288 operam
1966 2205 2207 2286 gulosis
2240 2209 2303 2268 et
2334 2203 2619 2286 ganeatis
2648 2203 2679 2242 ἃ

420 2291 760 2372 jentaculis
819 2292 1105 2354 umbram
1169 2294 1497 2375 aspergine
1560 2314 1761 2373 aquae
1825 2293 2369 2366 circumroranteS,
2416 2313 2482 2354 se
2533 2311 2675 2352 vero

431 2377 560 2440 vini
597 2378 848 2440 madore
880 2379 1242 2441 laetissimis
1277 2379 1613 2442 haustibus
1646 2377 2091 2453 madefaciunt,
2126 2382 2446 2460 tamquam
2467 2387 2491 2416 ⁰
2520 2377 2678 2439 nihil

430 2471 650 2528 curent-
696 2469 1006 2529 nocturna
1057 2465 1574 2529 terriculamenta
1620 2471 1683 2529 et
1728 2466 2057 2528 bustorum
2118 2464 2560 2527 formidamina
2616 2469 2679 2526 et

429 2551 853 2634 sepulcrorum
883 2553 906 2593 f
962 2553 1362 2615 occursacula
1413 2556 1473 2615 et
1518 2552 1721 2635 plebis
1760 2552 1967 2615 larvas
1998 2557 2063 2614 et
2091 2552 2377 2615 lemureS.
2454 2550 2552 2613 Ita
2584 2572 2678 2613 se-

431 2660 575 2700 cure
622 2638 956 2718 indulgent
1009 2640 1216 2719 genio.
1305 2639 1402 2701 Ita
1453 2639 1849 2720 impudenter
1909 2645 2055 2720 post
2114 2628 2674 2718 ingurgitationem

429 2724 806 2808 lapsabundi
854 2724 1258 2807 implicantur
1303 2726 1633 2788 mulierum
1692 2724 2090 2805 amplexibus
2138 2731 2199 2786 et
2247 2723 2430 2785 nudis
2488 2744 2677 2785 mem-

433 2810 563 2872 bris
607 2813 667 2873 et
715 2816 1048 2893 spumante
1095 2812 1338 2874 mutino
1394 2811 1665 2889 saltant3
1737 2809 1903 2893 quod
1960 2810 2101 2873 aliis
2149 2830 2273 2873 non
2320 2809 2523 2873 solum
2585 2815 2682 2873 est

433 2895 890 2960 suscitabulum
968 2898 1237 2979 proluvii
1312 2898 1566 2975 venerii,
1645 2898 1753 2960 sed
1829 2896 2014 2959 etiam
2106 2895 2317 2979 pejora
2405 2893 2678 2959 audendi

433 2984 806 3065 exemplum.
900 2982 1007 3046 Sic
1067 2986 1233 3048 enim
1288 2985 1547 3065 vulgus:
1618 2982 1722 3064 „Si
1783 2989 2065 3063 pastores
2123 2983 2320 3045 nostri
2367 2985 2497 3044 tam
2542 2984 2677 3045 tur-

429 3070 592 3150 piter
627 3070 983 3143 lasciviunt,
1019 3071 1234 3134 licebit
1267 3077 1327 3133 et
1363 3070 1545 3133 nobis
1581 3069 1948 3132 hallucinari
1984 3072 2045 3131 et-
2077 3066 2449 3131 incurrere.“
2515 3066 2678 3130 Con-

429 3157 631 3219 tinere
679 3157 890 3219 stilum
945 3179 1064 3219 non
1113 3180 1388 3239 possum,
1437 3157 1777 3236 quominus
1806 3166 1835 3204 8
1880 3155 2010 3217 stili
2056 3156 2251 3217 aciem
2288 3178 2363 3217 ex
2395 3153 2675 3234 professo

432 3242 698 3323 dirigam
747 3244 809 3304 in
859 3245 1298 3324 spurcissimos
1347 3242 1571 3307 Salios
1650 3241 1809 3318 Quid
1846 3241 2088 3304 faciunt
2121 3242 2182 3303 in
2216 3241 2467 3321 templis
2500 3262 2676 3321 nym-

431 3329 652 3411 phaea.
711 3329 861 3411 quid
924 3329 1043 3391 fuit
1104 3330 1248 3392 olim
1315 3330 1637 3403 casti-atio,
1707 3328 1858 3407 quid
1926 3328 2341 3391 castimonia?
2431 3325 2678 3388 Marcus

433 3414 675 3478 Tullius
724 3416 1046 3497 praecipit,
1096 3422 1162 3477 ut,
1209 3419 1366 3478 casti
1418 3415 1597 3477 divos
1644 3416 1942 3477 adeamus
1977 3419 2089 3476 et
2072 3413 2433 3495 aspersione
2477 3434 2679 3494 aquae

433 3502 608 3565 labes
655 3502 954 3565 eluamus
966 3501 986 3532 ⁵
1074 3501 1231 3565 Nam
1283 3525 1359 3564 ex
1407 3502 1716 3563 instituto
1752 3502 2095 3581 priscorum
2144 3500 2264 3563 diis
2311 3499 2551 3580 superis
2582 3521 2680 3561 sa-

435 3588 770 3651 crificaturi
832 3588 1108 3668 cor-poris
1166 3588 1491 3650 ablutione
1552 3588 2003 3667 purgabantur,
2069 3586 2233 3648 unde
2288 3584 2680 3665 Vergilianus

436 3674 680 3736 Aeneas
725 3674 962 3753 inquit:
1019 3675 1252 3754 „donec
1287 3697 1384 3737 me
1420 3674 1678 3737 flumine
1710 3673 1852 3735 vivo
1888 3670 2255 3735 Abluero.“⁶
2330 3670 2484 3733 Cum
2536 3691 2679 3733 vero

435 3759 650 3821 inferis
711 3760 1020 3822 litandum
1082 3766 1194 3836 est,
1251 3760 1614 3842 aspersione
1671 3758 2029 3822 utebantur.
2142 3757 2249 3820 Sic
2299 3756 2480 3827 Dido,
2537 3777 2677 3819 cum

437 3867 610 3908 sacra
658 3846 776 3907 diis
822 3846 1038 3908 inferis
1084 3846 1385 3922 instituit,
1431 3844 1581 3908 aitz⁷
1636 3845 1804 3924 „Dic,
1853 3866 2078 3925 corpus
2122 3847 2411 3925 properet
2440 3842 2677 3905 fluviali

572 4012 598 4038 a
626 3997 676 4049 ci
710 4003 772 4049 st.
809 3998 863 4051 ti.
977 4002 1005 4039 b
1035 3998 1311 4064 prophano.
1387 3998 1630 4063 Erycinae
1666 3996 2038 4063 quideme
2064 3994 2256 4047 XLIII.
2374 3998 2403 4035 d
2434 3993 2515 4056 Sc,
2552 3997 2679 4045 statt

436 4066 706 4133 ganeariis.
849 4080 871 4107 Θ
900 4070 1162 4132 tanquam.
1305 4069 1325 4107 f
1355 4066 1765 4133 sepulchiQorum
1904 4078 1933 4115 g
1962 4080 2063 4130 quo
2101 4064 2291 4116 minus.

495 4168 500 4171 -
577 4138 592 4166 ¹
628 4136 828 4187 Decret.
869 4136 906 4189 Ι.
947 4135 1076 4190 Dist
1117 4138 1181 4187 35
1232 4136 1354 4188 Can.
1495 4135 1623 4187 U»bi
1674 4134 1911 4198 ebrietaS,
1960 4133 2031 4185 ibi
2076 4132 2235 4185 libido
2284 4131 2578 4184 dominatui·
2633 4133 2686 4181 et

435 4204 752 4257 fu1··.<01<²
789 4205 992 4257 Deciet.
1030 4205 1068 4257 I.
1108 4205 1238 4257 Dist.
1277 4206 1343 4256 35
1380 4154 1501 4256 (Ian.
1540 4205 1587 4257 9.
1709 4203 1866 4256 5019.
1906 4204 1969 4255 de
2006 4218 2075 4281 or.
2116 4201 2183 4261 II,
2221 4202 2301 4255 60.
2421 4200 2441 4230 ⁴
2476 4198 2680 4252 Decret

437 4274 474 4326 1.
515 4272 646 4327 nist.
685 4275 752 4325 44
790 4272 956 4342 (nicht
991 4274 1075 4341 43,
1113 4273 1211 4325 wie
1249 4274 1340 4325 der
1375 4274 1494 4327 Cod
1532 4273 1645 4341 hat)
1684 4273 1805 4325 Can.
1847 4274 1889 4325 7.
2035 4270 2165 4321 De
2202 4270 2298 4337 leg
2340 4270 2407 4333 ΙΙ,
2443 4267 2491 4321 8.
2531 4266 2611 4321 10.

503 4343 526 4374 ‘³
560 4343 687 4397 Aen.
725 4342 792 4410 Π,
831 4343 930 4395 719
965 4358 1040 4410 sq.
1183 4344 1201 4374 ⁷
1238 4344 1363 4396 Aen.
1402 4342 1493 4410 IV,
1530 4343 1645 4395 635.
1717 4343 1824 4394 Das
1859 4341 1973 4409 folg.
2018 4340 2157 4393 Oitat
2194 4339 2347 4394 (iord.
2384 4337 2465 4391 32.
