3084 4895
1254 494 1468 548 Mutian
1501 511 1574 548 an
1609 494 1810 550 Urban.
2529 494 2658 558 459

407 665 778 732 odorifero?
866 667 1032 744 Quid
1075 666 1198 732 tibi
1241 689 1384 730 cum
1433 671 1683 744 natura,
1730 688 1893 748 quae
1938 666 2206 749 gratiam
2240 665 2404 729 veris
2435 665 2657 731 florum

407 752 636 834 spiritu
705 752 1035 816 cumulat?
1139 752 1351 828 Quid?
1415 773 1630 815 nonne
1682 757 2044 816 sanctorum
2102 773 2247 814 ossa
2304 750 2660 815 balsamum

400 837 629 902 olent?
715 837 942 901 Nonne
1002 837 1312 920 probatur
1377 839 1664 902 suavitas
1729 837 1984 901 odoris?
2074 836 2273 900 Credo
2340 841 2657 916 receptam

401 924 773 987 unctionem
819 945 860 986 a
903 923 1118 999 saone,
1165 943 1292 986 non
1337 926 1468 986 tam
1518 922 1687 1004 quod
1738 921 2053 986 luctamur
2086 923 2149 984 in
2184 921 2303 984 hac
2338 922 2661 986 mundana

401 1008 720 1090 palaestra
787 1029 930 1072 cum
999 1029 1188 1072 carne
1248 1011 1314 1072 et
1373 1008 1649 1084 diabolo,
1715 1008 1783 1072 id
1841 1013 1940 1071 est
2001 1007 2194 1070 fratre
2261 1006 2658 1081 criminante,

409 1113 602 1174 quam
651 1092 733 1157 ob
779 1093 1300 1157 suaveolentiam.
1393 1093 1628 1174 Accipe
1672 1095 1868 1176 igitur
1910 1094 2079 1173 grati
2124 1091 2334 1156 odoris
2378 1095 2662 1171 recepta-

405 1178 616 1242 culum
663 1200 742 1242 ex
787 1184 1074 1259 argento,
1117 1180 1192 1242 ut
1220 1177 1549 1242 tabificum
1582 1185 1729 1242 aera
1772 1183 1837 1241 et
1880 1199 2130 1242 omnem
2165 1176 2663 1258 graveolentiam

411 1283 670 1327 securus
703 1263 942 1328 evitare
972 1264 1198 1346 possis.
1271 1263 1442 1328 Adeo
1467 1262 1819 1344 jucundum
1852 1267 1949 1326 est
1981 1261 2253 1326 Bavaro¹
2287 1261 2663 1337 turibulum,

411 1351 488 1410 ut
540 1349 788 1430 puellae
857 1348 982 1412 sibi
1045 1348 1344 1412 sordeant
1405 1353 1470 1413 et
1523 1369 1771 1429 semper
1836 1348 2107 1412 olfacere
2162 1353 2226 1411 et
2282 1351 2461 1412 totus
2526 1367 2663 1410 esse

409 1453 605 1496 nasus
651 1434 886 1516 cupiat.
977 1433 1240 1498 Utinam
1271 1433 1650 1498 versiculum
1684 1433 1863 1498 illum
1896 1431 2370 1515 psalmographi
2402 1432 2665 1496 cottidie

407 1523 786 1582 resumeret:
840 1519 1070 1601 „Eripe
1111 1539 1211 1582 me
1256 1519 1332 1581 de
1379 1518 1536 1595 luto,
1585 1523 1659 1583 ut
1703 1541 1831 1582 non
1876 1519 2143 1600 infigar3
2189 1519 2389 1582 libera
2433 1539 2532 1581 me
2577 1516 2658 1580 ab

410 1602 532 1680 his,
579 1603 691 1685 qui
733 1603 1008 1669 oderunt
1050 1625 1169 1680 me,
1217 1609 1284 1666 et
1327 1604 1404 1667 de
1450 1603 1782 1686 profundis
1826 1601 2191 1685 aquarum.“
2286 1601 2393 1668 Sic
2449 1624 2666 1668 osores

409 1691 478 1750 et
507 1690 839 1770 utriusque
869 1690 1118 1770 generis
1148 1689 1466 1754 amicitias
1499 1688 1870 1753 inhonestas
1896 1690 2371 1754 declinabimus.
2442 1686 2669 1768 TeneS‚

411 1772 558 1854 quis
603 1775 690 1838 sit
731 1775 856 1838 iste
899 1774 1203 1839 BavaruS.

617 1858 786 1924 Tura
829 1859 1165 1925 adolentur
1211 1864 1466 1942 propter
1509 1862 1818 1926 arcendos
1863 1859 2223 1924 immundos
2268 1860 2549 1944 spiritus,

593 2013 597 2018 ,
799 1944 1122 2010 Tractatio
1166 1945 1645 2028 resipiscentiae
1689 1948 1729 2010 i.
1779 1967 1829 2009 e.
1874 1940 2277 2025 μετανοίας.“

617 2031 798 2096 Viam
830 2031 1082 2094 deviam
1113 2035 1370 2095 secutus
1403 2053 1675 2097 errorem
1708 2031 2093 2114 poenitendo
2124 2032 2421 2115 corrigat.
2496 2031 2667 2096 Deus

418 2118 584 2184 enim
651 2117 912 2200 purgari
982 2115 1273 2182 homines
1340 2139 1378 2180 a
1446 2119 1724 2198 peccatis
1796 2117 2075 2183 maxime
2148 2119 2327 2201 cupit
2398 2117 2671 2200 ideoque

413 2202 874 2286 poenitent-iam
918 2201 1028 2284 agi
1063 2200 1266 2283 jubet.
1365 2201 1547 2282 „Non
1593 2201 1801 2282 veni“,
1847 2203 2077 2286 inquit,
2130 2225 2392 2286 „vocare
2436 2201 2667 2286 justos,

417 2288 528 2352 sed
589 2291 954 2370 peccatores
1019 2286 1103 2352 ad
1167 2287 1665 2369 poenitentiam3
1739 2309 1900 2371 quos
1967 2290 2341 2356 delictorum
2412 2308 2672 2354 suorum

413 2373 722 2456 poenitet,
767 2371 896 2436 illis
940 2377 1156 2456 patere
1203 2375 1460 2437 constat
1503 2374 1777 2439 coeleste
1806 2375 2131 2459 regnum.“
2223 2376 2429 2459 Agere
2458 2379 2671 2439 autem

415 2459 876 2542 poenitentiam
935 2457 1096 2521 nihil
1140 2459 1314 2523 aliud
1375 2463 1473 2524 est
1532 2482 1725 2543 quam
1785 2462 2070 2545 profiteri
2116 2466 2180 2527 et
2223 2462 2558 2539 affirmare,
2604 2481 2672 2525 se

415 2546 683 2609 ulterius
731 2565 858 2607 non
887 2546 1316 2626 peccaturum.
1407 2544 1766 2611 Poenitudo
1799 2547 1952 2630 quid
1984 2552 2083 2612 est
2112 2548 2237 2613 nisi
2270 2569 2381 2630 pro
2412 2545 2675 2629 flagitiis

415 2634 481 2694 et
524 2629 803 2695 facinore
863 2632 1225 2710 perpetrato
1288 2630 1504 2694 dolor·
1526 2632 1866 2698 vehemens
1925 2655 2066 2697 cum
2129 2638 2302 2700 certo
2348 2632 2675 2716 proposito

418 2737 546 2779 non
593 2714 898 2797 peccandi
945 2735 1316 2795 semperque
1363 2715 1522 2780 bene
1565 2718 1851 2800 agendi?
1937 2717 2311 2801 Expetenda
2367 2724 2464 2783 est
2515 2718 2674 2782 haec

415 2802 718 2865 omnibus
762 2800 1078 2863 medicina
1123 2799 1334 2881 (nemo
1379 2802 1549 2867 enim
1592 2804 1873 2869 mundus
1914 2827 1955 2867 a
1996 2808 2259 2887 peccato
2314 2827 2431 2871 nec
2485 2804 2675 2871 unius

419 2886 679 2968 quidem
727 2885 856 2949 diei
899 2884 1163 2965 infans),
1210 2889 1508 2968 quoniam
1556 2889 1784 2971 majori
1826 2891 2105 2970 periculo
2149 2896 2419 2957 vexatur
2463 2892 2677 2955 anima

417 2992 610 3053 quam
658 2990 907 3052 corpuS,
953 2974 1019 3037 et
1061 2992 1256 3052 quam
1302 2972 1577 3055 primum
1620 2974 1973 3041 latentibus
2018 2976 2259 3043 morbis
2314 2976 2677 3043 adhibenda

419 3060 518 3119 est
585 3056 850 3119 curatiO.
941 3054 1164 3137 Neque
1229 3059 1398 3121 enim
1451 3059 1506 3123 si
1567 3065 1787 3125 utatur
1852 3062 2085 3143 aliquis
2150 3065 2476 3128 oculorum
2543 3063 2678 3127 acie

419 3141 608 3223 clara,
655 3140 957 3205 membris
1001 3141 1299 3205 omnibus
1362 3144 1651 3225 integris,
1716 3148 1994 3229 corporis
2060 3148 2263 3213 totius
2327 3148 2678 3213 fortissima

420 3227 804 3301 valetudine,
835 3236 864 3265 ⁸
925 3248 1066 3290 eum
1127 3226 1393 3290 dixerim
1451 3251 1698 3310 sanum,
1746 3233 1800 3295 si
1846 3232 2143 3298 efferatur
2201 3234 2312 3317 ira,
2381 3233 2679 3317 superbia

418 3312 703 3375 tumidus
766 3311 1040 3386 infletur,
1103 3311 1355 3375 libidini
1424 3316 1683 3390 serviat,
1750 3318 2214 3399 cupiditatibus
2282 3320 2675 3384 inardescat:

419 3397 532 3460 sed
577 3418 717 3459 eum
767 3397 1004 3477 potine,
1033 3398 1144 3477 qui
1175 3397 1255 3460 ad
1287 3399 1561 3462 alienam
1596 3400 1963 3466 felicitatem
1996 3426 2123 3468 non
2156 3405 2411 3469 attollat
2440 3406 2680 3479 oculOS‚

420 3502 574 3565 opes
621 3502 748 3546 non
794 3480 1162 3561 admiretur,
1217 3483 1488 3547 alienam
1550 3487 1874 3551 mulierem
1938 3493 2156 3554 sancte
2220 3490 2454 3569 videat,
2520 3489 2680 3553 nihil

373 3572 394 3585 ‘
428 3567 689 3631 omnino
735 3570 1016 3648 appetat,
1063 3588 1194 3630 non
1239 3571 1654 3652 concupiscat
1698 3572 1993 3653 alienum,
2042 3596 2169 3639 non
2214 3576 2502 3640 invideat
2547 3577 2680 3655 ulli,

419 3672 547 3715 non
596 3651 887 3717 fastidiat
932 3673 1337 3734 quemquam,
1383 3655 1524 3719 sitb
1570 3657 1849 3736 humilis,
1898 3660 2269 3737 misericors,
2337 3662 2680 3741 beneficuS,

421 3738 621 3815 mitis,
667 3735 1006 3813 humanae,
1057 3738 1237 3819 cujus
1285 3740 1352 3801 in
1399 3742 1614 3806 animo
1659 3765 1786 3826 pax
1834 3749 2139 3826 perpetua
2182 3752 2485 3812 versetur.
2571 3748 2682 3815 Ille

554 3884 582 3913 a
609 3869 917 3924 valitudine.
1058 3874 1088 3913 b
1115 3871 1204 3925 sie.

560 3939 578 3969 ¹
613 3938 715 3991 Die
748 3938 1021 3992 Beziehun
1092 3940 1164 3993 ist
1198 3940 1348 3993 nicht
1381 3958 1451 3995 zu
1481 3945 1779 3999 verstehen.
1850 3946 1959 3999 Der
1992 3947 2165 4003 Name
2198 3950 2331 4004 wird.
2366 3950 2681 4006 absichtlich

423 4006 836 4083 verschwiegen.
978 4008 998 4041 ²
1079 4008 1132 4060 in
1170 4008 1633 4081 Zusammenhang
1664 4015 1767 4067 mit
1800 4014 1923 4068 dem
1946 4016 2397 4087 Vorangehenden
2418 4020 2547 4074 lasst
2564 4021 2682 4077 sich

419 4074 570 4127 mcht
605 4076 912 4152 entdecken,
960 4092 1114 4152 vqenn
1150 4093 1208 4129 er
1243 4078 1390 4155 nicht
1425 4080 1563 4133 etwa
1595 4082 1671 4133 im
1706 4082 2028 4151 Gegensatze
2064 4086 2157 4139 des
2193 4088 2449 4208 geistiffien
2497 4088 2681 4157 Opfers

417 4158 541 4193 zum
579 4144 936 4197 ausserhchen
975 4144 1118 4221 liegt.
1191 4146 1480 4201 Viellercht
1515 4150 1587 4202 ist
1621 4151 1715 4203 der
1746 4152 2030 4205 Abschnitt
2076 4171 2175 4207 nur
2223 4156 2352 4209 durc
2426 4156 2512 4209 ein
2546 4158 2679 4210 Ver-

415 4209 580 4286 sehen
629 4212 722 4265 des
754 4212 1134 4266 Abschreibers
1170 4229 1234 4265 an
1273 4214 1417 4267 diese
1465 4216 1627 4271 Stelle
1676 4225 1888 4287 geraten
1921 4222 2031 4274 und
2067 4222 2260 4275 bildete
2309 4224 2680 4292 urspriinglich

419 4293 507 4330 ein
561 4278 876 4332 besonderes
927 4280 1088 4335 Blatt.
1159 4282 1629 4339 &Vahrscheinlich
1681 4288 1872 4341 uimmt
1917 4288 1986 4341 M.
2036 4290 2129 4341 auf
2172 4291 2265 4342 das
2300 4293 2416 4345 Anf.
2456 4295 2589 4346 1515
2625 4294 2680 4345 in

421 4345 600 4399 Erfurt
619 4348 960 4400 erschienene
979 4347 1312 4403 Schriftchen
1338 4351 1530 4407 Forma
1562 4358 1704 4408 recte
1740 4357 2041 4423 poenitendi
2076 4360 2173 4411 etc.
2211 4358 2391 4428 Bezug
2428 4360 2677 4479 {Kamp-

419 4414 717 4494 schultc,
754 4415 913 4470 Univ.
949 4416 1071 4494 Erf-
1091 4416 1133 4484 Ι,
1174 4418 1323 4485 168);
1360 4422 1498 4475 dann
1534 4428 1672 4479 wiire
1705 4426 2085 4493 anzunehmen,
2122 4427 2244 4483 dass
2281 4443 2337 4480 cr
2370 4444 2428 4482 sc
2469 4444 2535 4481 on
2561 4446 2678 4483 vor-

423 4482 523 4535 her
557 4500 660 4537 von
695 4484 810 4537 ihm
843 4484 1104 4539 Kenntms
1140 4486 1390 4546 erhalten.
