3084 4895
438 406 563 483 612
904 408 1213 474 'Zerstrcute
1249 420 1423 475 Briefe
1460 436 1557 475 aus
1593 408 2008 489 verschiedenen
2048 412 2250 480 Zeiten.'

444 594 653 674 ipsum
726 590 1047 674 respicias,
1116 593 1439 674 ingentem
1509 595 1679 658 laeta
1745 616 1966 676 precor
2037 595 2246 661 fronte
2303 596 2385 661 ab
2441 598 2724 661 amiculo

442 679 624 741 tenui
669 677 982 758 suscipias
1030 684 1093 741 et.
1136 678 1367 743 molam
1416 679 1649 743 salsam
1697 681 2031 764 tantisper,
2072 683 2222 746 dum
2256 682 2448 746 thura
2479 683 2722 746 donare

446 784 776 845 queamus,
828 762 979 826 boni
1028 765 1343 827 consulas.
1420 764 1593 828 Bene
1627 766 1780 829 vale.
1855 765 1954 829 Ex
1989 767 2222 847 Lypsia
2256 767 2486 848 quinto
2521 768 2721 832 Eidus

440 850 785 912 Januarias
830 869 1000 913 anno
1048 849 1385 912 restitutae
1429 851 1656 914 salutis
1702 849 1785 913 M.
1833 850 1906 913 D.
1954 851 2142 914 XVlI.

1060 934 1288 998 Petrus
1334 940 1484 999 tuus
1530 926 1966 1008 Μοσελλανός
2008 926 2047 1020 ἢ
2095 934 2503 1009 Μοσελλεῦς.

748 1032 878 1087 0011.
916 1033 1117 1088 Camer.
1155 1033 1359 1088 Monac.
1396 1033 1546 1103 XVI,
1587 1036 1662 1087 6.ι

436 1218 671 1288 (Erfmt.)
1080 1238 1085 1243 ·
1506 1206 1653 1269 546.
1693 1245 1714 1253 -
2237 1222 2318 1276 26.
2355 1162 2474 1275 Jan.
2514 1223 2714 1290 (1517).

1131 1327 1485 1416 Petrejus
1530 1351 1629 1400 an
1672 1330 2014 1401 Mutian.²

434 1456 661 1524 (Frende
708 1457 837 1510 iiber
891 1457 1183 1511 Reuehlins
1236 1458 1507 1527 stimph.
1581 1458 1744 1513 Pabst
1799 1459 1932 1513 Leos
1975 1460 2224 1527 ywzstiye
2277 1460 2540 1527 Meinunq
2587 1460 2720 1513 iiber

677 1525 958 1579 Reuchlin.
1042 1526 1521 1581 Voraussiohtliohe
1559 1528 1737 1595 Strafe
1771 1529 1862 1580 der
1903 1528 2103 1597 Geyner
2138 1528 2466 1595 Reuohlins.)

558 1638 932 1689 Doctissimo
966 1640 1492 1701 integer-fimoque
1528 1641 1590 1693 J.
1627 1640 1730 1691 D.³
1763 1642 2052 1693 mutiano
2087 1641 2254 1692 Rufo
2290 1642 2592 1692 canonico

1052 1725 1373 1785 Gothan0,·
1400 1739 1537 1777 meo
1573 1730 1842 1787 patrono
1875 1726 2106 1777 unico.4

641 1831 706 1896 S.
740 1845 767 1873 ⁸
856 1834 1104 1898 Dicitur
1172 1839 1414 1909 noster,
1453 1836 1764 1899 Reuchlin
1813 1837 1906 1899 de·
1935 1836 2212 1899 inimicis
2279 1834 2716 1915 triumphasse

434 1918 501 1979 et'
566 1939 694 1981 non
756 1919 987 1983 dicitur
1045 1924 1321 1999 tantum,
1384 1921 1491 1983 sed
1557 1922 1748 1984 etiam
1809 1921 2248 2003 triumphavit.
2356 1920 2422 1983 Io
2483 1942 2713 2002 paean,

436 2004 497 2065 io
545 2004 896 2085 triumphe!
989 2005 1220 2069 Nescio
1267 2028 1349 2069 an
1395 2028 1679 2087 unquam
1749 2006 1908 2071 alias
1976 2008 2319 2088 quicquam
2386 2005 2712 2086 acciderit,

439 2109 566 2169 quo
613 2089 690 2152 de
748 2089 899 2153 ordo
970 2093 1185 2154 noster
1253 2092 1445 2154 tamb
1514 2092 1739 2155 merito
1807 2092 2101 2175 gaudeat.
2195 2091 2417 2154 Habiti
2487 2112 2714 2153 sumus

437 2174 883 2255 plerumque,c
929 2177 1040 2255 qui
1094 2174 1219 2239 hiis
1282 2176 1512 2241 studiis
1574 2177 1981 2255 delectamur,
2043 2178 2124 2240 ad
2185 2176 2396 2239 civilia
2449 2176 2714 2256 negotia

434 2258 729 2323 obeunda
798 2260 1017 2341 inepti,
1087 2260 1295 2324 habiti
1363 2262 1556 2325 etiam
1626 2261 1927 2325 infelices,
2042 2264 2250 2343 Atque
2315 2282 2432 2341 ego
2499 2260 2714 2324 sane<1

436 2344 763 2407 multoties
806 2344 964 2408 talia
1008 2345 1276 2409 audivi⁰
1339 2347 1786 2411 blatterantem
1846 2347 1931 2409 M.
1995 2346 2411 2423 Antonium?
2481 2346 2714 2426 „Mori-

432 2450 587 2492 ones
660 2434 832 2506 sunt,
900 2429 1302 2509 infortunati,
1374 2432 1760 2510 decoctore8‚
1837 2432 2186 2514 contempti
2256 2434 2411 2496 sunt
2481 2436 2713 2512 poetae

438 2515 603 2578 isti.“
729 2515 990 2580 Scilicet
1075 2518 1373 2582 omnibus
1450 2518 1638 2582 bonis
1713 2518 1960 2582 artibus
2037 2517 2433 2600 praeferebat
2518 2516 2710 2580 homo

435 2599 925 2664 Thrasoniana‘
978 2604 1346 2683 arrogantia
1384 2604 1956 2686 jurisprudentiam
2018 2624 2218 2680 suam,
2283 2624 2428 2665 cum
2491 2606 2710 2664 tamen

434 2685 569 2766 ipse
614 2686 769 2749 nihil
816 2691 1039 2751 esset8
1101 2688 1311 2752 minus
1372 2710 1563 2771 quarn
1620 2689 2140 2771 jurisconsultum,
2213 2689 2338 2751 nisi
2408 2687 2570 2750 forte
2641 2687 2710 2748 in

435 2771 541 2833 illo
568 2770 707 2851 jure
740 2771 1094 2854 profecerit,
1124 2773 1200 2837 de
1234 2795 1360 2855 quo
1394 2774 1617 2838 Cicero
1651 2776 1819 2838 dixit
1851 2776 2018 2853 (cum
2054 2795 2273 2837 cocum
2308 2775 2339 2813 ¹²
2386 2771 2709 2853 quendam

436 2857 655 2936 iniquo
724 2858 955 2920 ferreti
1030 2860 1244 2922 animo
1305 2861 1385 2923 ad
1448 2864 1806 2940 equestrem
1878 2860 2163 2923 ordinem
2233 2854 2709 2939 sublimatum),

435 2943 677 3021 optimo
747 2964 889 3005 eum
950 2942 1092 3024 jure
1161 2945 1329 3007 hunc
1396 2946 1708 3008 meruisse
1772 2945 2004 3008 locum.
2116 2945 2313 3025 Atqui
2391 2942 2710 3023 duplicem

434 3026 600 3089 hanc
646 3026 971 3090 infamiam
1019 3049 1147 3092 uno
1192 3029 1515 3111 triumpho
1565 3029 1854 3110 Capnion
1903 3053 1937 3092 a
1986 3030 2171 3094 nobis
2217 3028 2507 3092 abstulit.
2547 3107 2551 3112 ι
2586 3026 2709 3103 Qui

436 3111 601 3174 enim
659 3117 759 3176 tot
815 3113 1089 3178 inimicis
1158 3115 1549 3197 potentibu8‚
1623 3114 1837 3188 vafris,
1907 3115 2214 3178 divitibus
2282 3135 2448 3177 unus
2515 3111 2709 3176 homo

439 3217 549 3277 par
615 3219 751 3260 esse
819 3199 1044 3280 potuit,
1114 3201 1251 3264 sine
1330 3221 1580 3263 summa
1655 3201 2016 3282 prudentia,
2094 3221 2343 3286 summo
2383 3197 2709 3276 'consili0‚

574 3463 600 3490 α
626 3447 755 3515 fehlt
794 3448 875 3500 im
910 3447 1105 3517 Apoyr.
1250 3453 1279 3493 b
1308 3451 1417 3502 tam
1453 3449 1580 3516 fehlt
1614 3450 1696 3502 im
1729 3449 1925 3517 Apoyr.
2067 3463 2092 3491 0
2121 3447 2430 3516 plerumque
2463 3447 2589 3513 fehlt
2624 3447 2710 3498 im

436 3517 631 3584 Apoqr.
778 3521 807 3558 d
835 3533 961 3571 sane
992 3517 1119 3583 fehlt
1156 3519 1237 3569 im
1273 3517 1469 3586 Apoqr.
1590 3532 1614 3560 θ
1641 3519 1823 3572 audivi
1860 3517 1986 3571 talia
2021 3519 2216 3585 Apoyr.
2341 3519 2364 3558 f
2389 3515 2710 3568 Thrasonica

436 3585 633 3652 Apoqr.
774 3599 803 3636 s
832 3588 974 3639 esset
1007 3586 1133 3652 fehlt
1167 3587 1249 3638 im
1284 3587 1477 3654 Apoqr.
1621 3591 1652 3629 h
1681 3587 1884 3640 socium
1939 3585 2131 3654 Apoyr.
2281 3590 2298 3628 i
2323 3585 2482 3638 ferret
2523 3584 2709 3652 iniquo

436 3653 747 3774 Apoys'Nur
783 3722 869 3774 die
905 3724 1135 3774 Adresse
1172 3722 1243 3775 ist
1276 3739 1381 3774 von
1416 3721 1702 3776 Mosellans
1737 3723 1910 3800 Hand,
1936 3721 2078 3774 nach
2097 3722 2190 3774 der
2209 3719 2709 3790 beigeschriebenen

437 3788 773 3858 Bemerkung
808 3791 1044 3842 »Interne
1081 3807 1184 3844 non
1220 3793 1301 3843 est
1335 3806 1524 3843 manus
1550 3789 1869 3844 Mosellam«
1921 3790 2038 3858 Vgl.
2079 3789 2130 3842 S.
2168 3789 2268 3843 607
2307 3793 2368 3842 Α.
2408 3790 2452 3841 1.
2527 3789 2547 3820 ²
2583 3787 2703 3854 Vgl.

437 3857 622 3909 hierzu
657 3859 745 3912 ΒΓ.
783 3859 899 3912 621.
973 3859 1073 3910 Die
1110 3858 1364 3911 Collation
1401 3859 1603 3910 meiner
1638 3860 1760 3910 dem
1797 3859 1920 3913 Cod.
1961 3859 2112 3912 Goth.
2151 3861 2557 3910 entnommenen
2594 3856 2707 3909 Ab-

436 3927 622 3978 schrift
657 3927 756 3978 mit
793 3928 915 3979 dem
951 3927 1279 3979 Mfinchener
1314 3927 1578 3994 Originale
1605 3928 1868 3979 vei-danke
1905 3927 1990 3978 ich
2031 3928 2122 3978 der
2159 3925 2587 3992 Freundlichlgeit
2611 3925 2708 3977 des

436 3993 607 4045 Herm
646 3995 891 4047 Direktor
926 3995 1015 4048 Dr.
1052 3995 1363 4047 Laubmann
1400 3997 1454 4047 in
1488 3995 1772 4047 Miiuchen.
1877 3997 1896 4026 ³
1928 3995 2074 4047 Juris
2111 3995 2323 4046 doctori.
2421 3995 2442 4024 ⁴
2474 3996 2708 4044 Aussere

436 4063 679 4114 Adresse.
823 4066 844 4094 ⁵
885 4063 983 4114 Ein
1019 4063 1254 4115 Erfurter
1298 4064 1481 4128 Jurist,
1537 4065 1631 4114 der
1683 4065 1798 4115 sich‘
1853 4063 2021 4115 durch
2075 4063 2557 4130 Geringschiitzung
2614 4061 2710 4112 der

434 4129 681 4182 »Poeten«
719 4130 1044 4189 hervorthat,
1082 4135 1227 4183 sonst
1261 4131 1335 4182 im
1372 4131 1750 4184 Briefwechsel
1794 4131 1946 4183 ‚nicht
1982 4131 2236 4184 eiwiihnt.
2307 4130 2425 4183 Nur
2459 4145 2526 4182 au
2563 4129 2710 4180 einer

434 4198 597 4250 Stelle
636 4199 709 4266 (S.
748 4197 848 4251 209
886 4203 947 4252 A.
987 4201 1040 4266 3)
1078 4199 1149 4251 ist
1184 4215 1287 4252 von
1334 4200 1536 4251 seinem
1591 4200 1850 4266 Anhange
1886 4200 1989 4252 den
2025 4199 2350 4252 Antoniastri
2404 4197 2488 4249 die
2544 4196 2707 4263 Reda,

436 4268 542 4318 und
583 4283 721 4318 zwai·
758 4266 1052 4332 gleichfalls
1090 4267 1169 4319 als
1208 4268 1308 4318 (len
1333 4267 1658 4320 Verachtern
1695 4269 1788 4319 der
1822 4269 2089 4319 humanen
2121 4266 2357 4321 Studien.
2420 4265 2711 4316 Vielleicht

435 4333 507 4386 M.
563 4335 866 4386 Anthonius
925 4335 1151 4401 Leuffer,
1198 4335 1303 4401 jur.
1363 4339 1461 4388 utr.
1520 4335 1837 4397 baculariuS,
1901 4335 2100 4402 collega
2159 4335 2371 4387 scholae
2421 4335 2711 4401 jurecons.,

436 4402 679 4454 sacerdos
716 4400 981 4456 Severian.
1022 4402 1289 4470 (Matrikel
1327 4404 1497 4472 1525),
1534 4403 1732 4457 Rektor
1770 4404 1918 4459 1525.
