3084 4895
877 384 1086 436 Mutian
1123 399 1188 435 an
1225 382 1422 437 Urban.
1498 384 1704 436 Mutian
1744 398 1811 435 an
1852 383 2103 436 Herbord.
2484 385 2601 447 121

359 557 591 628 (Gotha.)
1421 557 1558 620 101,
2084 555 2221 623 (Ant.
2258 557 2391 610 Nov.
2433 555 2601 622 1508.)

1071 728 1076 734 ·
1107 684 1392 754 Mutian
1437 704 1531 752 an
1582 683 1857 753 Urban.

356 816 639 884 (Herbords
685 815 962 882 Unyeduld
992 814 1130 866 nach
1173 814 1516 881 Georqenthal
1548 831 1621 866 zu
1653 815 1905 866 kommen.
1980 814 2060 866 Er
2102 816 2219 867 und
2269 814 2455 868 Orotus
2498 832 2605 866 ver·

754 889 956 952 spotten
993 883 1213 936 Mutian
1247 883 1308 935 in
1343 885 1441 936 den
1475 883 1844 951 Aufselzriften
1877 883 1967 937 der
2000 883 2213 951 Briefe.)

1103 999 1184 1048 Η.
1221 999 1477 1048 Urbano
1511 1000 1601 1049 M.
1635 998 1854 1049 Ruqu.

563 1109 624 1173 S.
719 1110 850 1172 Hoc
897 1110 1230 1172 Biermosti
1281 1109 1515 1173 frat-ris'
1569 1111 1925 1193 epistolium
1979 1111 2232 1185 indicat,
2290 1113 2599 1190 quantum

356 1197 604 1260 efficere
663 1198 1008 1277 potuissem
1070 1197 1133 1258 in
1198 1219 1260 1258 re
1321 1198 1518 1259 nostri
1588 1197 1927 1259 Herebordi
2004 1219 2107 1278 per
2181 1196 2345 1259 hunc
2415 1197 2605 1257 int-er-

357 1279 648 1364 p1·etem.²
737 1283 958 1363 Itaque
1005 1305 1130 1344 non
1181 1283 1338 1344 bene
1385 1283 1509 1346 sibi
1556 1285 1828 1347 consulit
1875 1282 2290 1356 HereborduS,
2341 1283 2599 1345 nimium

354 1369 596 1433 scilicet
652 1390 1007 1450 properans
1113 1368 1371 1450 Semper
1429 1391 1524 1431 me
1584 1371 1834 1446 derisit3
1903 1370 1965 1432 in
2020 1369 2225 1432 titulis
2282 1368 2599 1431 literarum

354 1462 636 1536 emptum
687 1456 839 1517 mihi
886 1455 1206 1530 honorem,
1270 1477 1395 1536 quo
1442 1457 1630 1534 vulgo
1680 1457 2022 1538 imponitur
2068 1463 2131 1518 et
2176 1456 2285 1536 qui
2332 1455 2601 1537 spect-ari
2669 1477 2673 1481 ·

354 1552 505 1605 ante
560 1543 770 1604 omnia
833 1542 1038 1618 debet,
1111 1565 1189 1604 ne
1235 1543 1492 1605 omnino
1551 1545 1739 1605 moris
1794 1544 1910 1605 sim
1970 1542 2221 1619 derisui,
2290 1541 2495 1604 aufert
2542 1545 2604 1602 et

354 1629 688 1692 substituit
753 1629 962 1691 nescio
1018 1622 1169 1709 quid
1228 1629 1556 1691 mercatori
1616 1630 1817 1711 magis
1864 1630 2181 1711 quadrans
2227 1649 2414 1709 quam
2462 1629 2605 1691 Mu-

353 1713 584 1779 tiano.³
674 1715 906 1778 Eodem
957 1715 1196 1778 calculo
1246 1715 1626 1777 mordendus
1692 1721 1788 1778 est
1856 1714 2135 1788 CrotUS,⁴
2205 1716 2296 1777 vir
2364 1713 2603 1796 alioqui

354 1803 681 1879 candiduS,
743 1803 852 1882 qui
913 1801 1148 1864 nullam
1205 1801 1513 1864 rationem
1572 1802 1667 1864 vel
1722 1802 1915 1865 studii
1964 1802 2163 1866 nostri
2210 1801 2302 1865 vel
2350 1802 2606 1884 pietatis

353 1889 549 1953 habet
606 1890 668 1951 in
732 1893 909 1968 tergo
977 1888 1316 1951 literarum.
1410 1888 1478 1952 Si
1525 1889 1698 1952 intus
1744 1911 1841 1951 me
1888 1891 2202 1952 doctorem
2253 1889 2349 1951 vel
2398 1889 2603 1951 excel-

353 1977 586 2039 lentem
635 1976 1056 2051 nominarent,
1101 1975 1444 2055 aegerrime
1490 1975 1733 2051 ferrem,
1782 1979 2001 2056 utpote
2046 1975 2387 2057 impatiens
2422 1974 2600 2037 blan-

353 2063 705 2125 ditiarum.⁸
777 2060 898 2124 Sed
933 2062 1377 2142 inscriptiones
1424 2062 1655 2144 populo
1694 2061 2092 2139 exhibentur,
2142 2067 2205 2124 et
2239 2062 2418 2126 multi
2450 2067 2601 2124 ante

350 2150 576 2229 legunt
620 2171 810 2230 quam
860 2149 1008 2230 ipse.
1100 2149 1170 2210 In
1205 2171 1449 2211 summa
1499 2171 1701 2229 neque
1747 2151 2062 2212 contemni
2112 2171 2313 2229 neque
2358 2149 2599 2212 laudari

354 2237 518 2311 v010,
569 2242 631 2297 et
677 2236 861 2315 plane
907 2236 1052 2297 novi
1102 2235 1356 2316 vulgare
1393 2235 1720 2317 judicium.
1817 2236 1961 2298 Vale
1996 2241 2058 2298 et
2090 2259 2231 2299 ama
2264 2242 2602 2316 utrumque

355 2327 419 2385 et
466 2323 672 2385 neutri
721 2323 966 2401 nigrum
1027 2321 1084 2383 Θ
1131 2321 1449 2404 praefige.⁵

645 2421 782 2478 'Cod.
823 2423 953 2477 Frcf.
991 2424 1107 2479 459.

352 2614 589 2686 (Gotha.)
1409 2599 1546 2663 102.
2194 2618 2241 2669 2.
2279 2618 2412 2672 Nov.
2454 2616 2600 2671 1508.

1008 2697 1015 2705 .
1074 2727 1362 2798 Mutian
1407 2748 1502 2797 an
1549 2729 1917 2799 Herbord.

349 2858 595 2927 (Abwehr
624 2874 781 2924 yeyen
815 2857 912 2908 den
968 2857 1223 2924 Vorwurf
1247 2859 1337 2911 der
1383 2860 1894 2929 Vernaehlizlssiyzmy
1930 2877 2027 2913 von
2060 2858 2319 2912 Herbords
2343 2858 2603 2911 Interesse.

458 2926 858 2995 Sekwoeriffloeit,
907 2926 1224 2996 Naehfolyer
1257 2929 1396 2980 eines
1434 2930 1684 2997 Spalatin
1720 2930 1799 2982 im
1837 2930 2109 2983 Lehramte
2142 2945 2213 2981 zu
2248 2928 2484 2995 werden.)

476 3042 840 3092 Herebordo
876 3044 1221 3105 margarito
1257 3044 1464 3105 legum
1503 3048 1565 3095 et
1602 3048 1821 3105 optimi
1857 3048 2152 3107 cujusque
2190 3045 2487 3103 studioso,

883 3130 1156 3180 consorti
1190 3132 1689 3191 'tranquillitatis
1724 3134 1811 3184 M.
1847 3132 2067 3185 Rufina.

557 3240 759 3304 Salus
854 3241 1114 3307 Abantis
1169 3244 1446 3307 adversis
1512 3244 1598 3307 dii
1668 3243 1785 3307 tibi
1854 3244 2022 3320 dent,
2091 3244 2257 3325 quod
2328 3245 2599 3323 mereriS,

351 3328 650 3390 secunda.
744 3328 874 3409 Ego
923 3331 1204 3405 consilio,
1251 3330 1390 3399 fide,
1443 3352 1653 3393 amore
1700 3331 1817 3393 tibi
1854 3353 1975 3394 non
2012 3330 2198 3392 defui.
2276 3328 2399 3393 Sed
2432 3332 2598 3411 apud

350 3418 414 3476 te
461 3435 585 3476 non
652 3420 747 3478 est
802 3416 1126 3479 creditum.
1234 3416 1541 3480 Autumas
1600 3418 1763 3479 enim
1826 3439 1931 3498 per
1984 3439 2081 3479 me
2127 3417 2398 3492 stetisse,
2446 3420 2600 3497 quo-

353 3501 561 3563 minus
592 3500 619 3579 ἦ)
653 3501 712 3563 in
754 3502 986 3565 [aucum
1025 3503 1501 3584 immigraveris,
1539 3504 1786 3566 nescius
1819 3504 2024 3585 operis
2056 3507 2118 3565 et
2150 3502 2344 3565 studii
2377 3503 2598 3581 nostri,

353 3586 430 3648 de
476 3607 600 3666 quo
648 3592 718 3649 ut
767 3588 1158 3669 Spalatinum
1233 3589 1481 3652 audires
1553 3590 1728 3671 jussi.
1830 3589 2061 3672 Relege
2125 3589 2341 3651 literas
2410 3611 2601 3651 meas,

351 3671 490 3734 Non
528 3678 921 3753 exspectato⁰
955 3675 1284 3757 Spalatino
1319 3676 1506 3738 nimis
1531 3676 1913 3758 properabas
1951 3699 2023 3737 ea
2057 3675 2406 3750 scribendO,
2440 3697 2600 3756 quae

351 3758 698 3822 modestiae
754 3783 925 3823 meae
991 3762 1120 3823 sint
1183 3783 1465 3824 onerosa.
1574 3762 1844 3825 Tantum
1910 3762 2060 3825 mihi
2111 3783 2232 3823 non
2286 3763 2599 3841 permitto,

352 3850 425 3906 ut
471 3845 566 3907 vel
627 3846 741 3908 abs
797 3852 858 3909 te
906 3847 1022 3910 coli
1089 3848 1267 3910 velim
1320 3848 1411 3910 vel
1461 3849 1723 3930 obsequi
1775 3848 2003 3911 Rufino
2051 3845 2338 3911 soleam.⁶
2426 3848 2598 3911 Nihil

492 4046 519 4071 a
548 4031 596 4083 ci
631 4037 692 4083 st.
730 4033 784 4084 ti.
893 4038 920 4074 b
949 4050 1049 4101 quo
1086 4034 1274 4087 minus.
1350 4051 1373 4076 c
1403 4039 1691 4101 expectato.

495 4102 508 4130 ¹
546 4100 724 4153 Frater
758 4102 874 4154 hier
906 4127 972 4143 =-·
1011 4103 1207 4157 Vetter.
1283 4105 1375 4156 Ais
1425 4106 1632 4157 solcher
1676 4104 1805 4156 wird
1857 4104 1909 4154 in
1961 4103 2044 4157 ΒΓ.
2088 4104 2199 4155 172.
2239 4105 2339 4155 ‘214
2376 4106 2611 4170 genannt

353 4168 514 4233 (Joh.)
565 4169 804 4237 Hartung
851 4188 944 4224 aus
994 4173 1176 4237 Gotha,
1231 4172 1482 4225 Ratsherr
1531 4176 1638 4226 und
1688 4173 2100 4241 Burgermeister
2138 4176 2266 4225 1507
2305 4174 2413 4225 und
2454 4174 2599 4225 1511.

349 4237 666 4305 Sagittar.
705 4240 838 4292 Hist.
878 4242 1028 4292 Goth.
1067 4243 1146 4296 ed.
1183 4242 1368 4293 Tenzel
1408 4261 1452 4310 p.
1493 4245 1607 4298 376.
1686 4244 1830 4295 Uber
1866 4240 2127 4295 Biermost
2166 4243 2214 4294 S.
2253 4242 2319 4295 68
2358 4244 2415 4293 A.
2459 4244 2501 4293 1.

421 4306 440 4336 ²
478 4307 654 4359 Durch
704 4309 846 4361 seine
895 4310 1218 4388 Fursprache
1259 4312 1404 4389 ’beim
1449 4314 1584 4365 Abte
1630 4313 1713 4364 fiir
1760 4310 2070 4389 Anstellung
2105 4311 2367 4363 Herbords
2406 4310 2460 4361 in
2496 4309 2596 4361 Ge-

351 4376 899 4500 ressrssemffziffl·
915 4450 2053 4519 a,
2126 4379 2417 4501 :HQ-n}
2448 4379 2597 4500 tie
