<?xml version="1.0" encoding="UTF-8"?>
<!DOCTYPE html PUBLIC "-//W3C//DTD XHTML 1.0 Transitional//EN"
    "http://www.w3.org/TR/xhtml1/DTD/xhtml1-transitional.dtd">
<html xmlns="http://www.w3.org/1999/xhtml" xml:lang="en" lang="en">
 <head>
  <title>
</title>
<meta http-equiv="Content-Type" content="text/html;charset=utf-8" />
  <meta name='ocr-system' content='tesseract 3.04.00' />
  <meta name='ocr-capabilities' content='ocr_page ocr_carea ocr_par ocr_line ocrx_word'/>
</head>
<body>
  <div class='ocr_page' id='page_1' title='image "./derbriefwechsel02kraugoog_0572.png"; bbox 0 0 3084 4895; ppageno 0'>
   <div class='ocr_carea' id='block_1_1' title="bbox 471 389 1919 462">
    <p class='ocr_par' dir='ltr' id='par_1_1' title="bbox 471 389 1919 462">
     <span class='ocr_line' id='line_1_1' title="bbox 471 389 1919 462; baseline -0.008 -1"><span class='ocrx_word' id='word_1_1' title='bbox 471 395 601 462; x_wconf 86' lang='grc'>486</span> <span class='ocrx_word' id='word_1_2' title='bbox 1265 389 1275 410; x_wconf 70' lang='grc'><strong>“</strong></span> <span class='ocrx_word' id='word_1_3' title='bbox 1337 394 1514 450; x_wconf 75' lang='lat' dir='ltr'>Briefe</span> <span class='ocrx_word' id='word_1_4' title='bbox 1550 393 1644 448; x_wconf 85' lang='lat' dir='ltr'>des</span> <span class='ocrx_word' id='word_1_5' title='bbox 1680 394 1729 450; x_wconf 87' lang='lat' dir='ltr'>J.</span> <span class='ocrx_word' id='word_1_6' title='bbox 1771 394 1919 449; x_wconf 75' lang='lat'>1514.</span> 
     </span>
    </p>
   </div>
   <div class='ocr_carea' id='block_1_2' title="bbox 469 566 2769 4151">
    <p class='ocr_par' dir='ltr' id='par_1_2' title="bbox 469 566 2769 4151">
     <span class='ocr_line' id='line_1_2' title="bbox 475 566 2769 651; baseline -0.001 -17"><span class='ocrx_word' id='word_1_7' title='bbox 475 568 616 646; x_wconf 83' lang='lat' dir='ltr'>Qua</span> <span class='ocrx_word' id='word_1_8' title='bbox 660 570 930 648; x_wconf 88' lang='lat' dir='ltr'>ratione,</span> <span class='ocrx_word' id='word_1_9' title='bbox 991 589 1120 651; x_wconf 82' lang='lat' dir='ltr'>qua</span> <span class='ocrx_word' id='word_1_10' title='bbox 1167 567 1569 648; x_wconf 85' lang='lat' dir='ltr'>provide-ntia</span> <span class='ocrx_word' id='word_1_11' title='bbox 1626 569 1897 644; x_wconf 88' lang='lat' dir='ltr'>utemur,</span> <span class='ocrx_word' id='word_1_12' title='bbox 1945 589 2024 630; x_wconf 90' lang='lat' dir='ltr'>ne</span> <span class='ocrx_word' id='word_1_13' title='bbox 2068 588 2187 631; x_wconf 89' lang='lat' dir='ltr'>nos</span> <span class='ocrx_word' id='word_1_14' title='bbox 2247 566 2399 631; x_wconf 81' lang='lat' dir='ltr'>novi</span> <span class='ocrx_word' id='word_1_15' title='bbox 2458 566 2769 632; x_wconf 81' lang='lat' dir='ltr'>homines</span> 
     </span>
     <span class='ocr_line' id='line_1_3' title="bbox 475 651 2766 734; baseline -0.001 -16"><span class='ocrx_word' id='word_1_16' title='bbox 475 661 540 718; x_wconf 92' lang='lat' dir='ltr'>et</span> <span class='ocrx_word' id='word_1_17' title='bbox 609 653 864 718; x_wconf 86' lang='lat' dir='ltr'>barbari</span> <span class='ocrx_word' id='word_1_18' title='bbox 933 653 1314 718; x_wconf 77' lang='lat' dir='ltr'>derideant?</span> <span class='ocrx_word' id='word_1_19' title='bbox 1415 651 1686 734; x_wconf 80' lang='lat' dir='ltr'><strong>Scriptis</strong></span> <span class='ocrx_word' id='word_1_20' title='bbox 1753 653 1939 716; x_wconf 89' lang='lat' dir='ltr'>credo</span> <span class='ocrx_word' id='word_1_21' title='bbox 2008 652 2385 734; x_wconf 79' lang='lat' dir='ltr'>obsignatis.</span> <span class='ocrx_word' id='word_1_22' title='bbox 2478 652 2611 717; x_wconf 87' lang='lat' dir='ltr'>Sed</span> <span class='ocrx_word' id='word_1_23' title='bbox 2684 674 2766 716; x_wconf 88' lang='lat' dir='ltr'>eo</span> 
     </span>
     <span class='ocr_line' id='line_1_4' title="bbox 473 737 2767 820; baseline -0.001 -16"><span class='ocrx_word' id='word_1_24' title='bbox 473 761 702 804; x_wconf 82' lang='lat' dir='ltr'>venere</span> <span class='ocrx_word' id='word_1_25' title='bbox 747 760 976 815; x_wconf 89' lang='lat' dir='ltr'>mores,</span> <span class='ocrx_word' id='word_1_26' title='bbox 1023 742 1100 802; x_wconf 90' lang='lat' dir='ltr'>ut</span> <span class='ocrx_word' id='word_1_27' title='bbox 1145 737 1667 820; x_wconf 87' lang='lat' dir='ltr'>pbilosophorum</span> <span class='ocrx_word' id='word_1_28' title='bbox 1715 738 2022 819; x_wconf 88' lang='lat' dir='ltr'>epistolae</span> <span class='ocrx_word' id='word_1_29' title='bbox 2069 737 2305 819; x_wconf 88' lang='lat' dir='ltr'>passim</span> <span class='ocrx_word' id='word_1_30' title='bbox 2348 737 2767 819; x_wconf 73' lang='lat' dir='ltr'>resignantur</span> 
     </span>
     <span class='ocr_line' id='line_1_5' title="bbox 473 822 2763 906; baseline -0.001 -17"><span class='ocrx_word' id='word_1_31' title='bbox 473 830 539 890; x_wconf 89' lang='lat' dir='ltr'>et</span> <span class='ocrx_word' id='word_1_32' title='bbox 594 824 772 889; x_wconf 90' lang='lat' dir='ltr'>velut</span> <span class='ocrx_word' id='word_1_33' title='bbox 832 825 1025 888; x_wconf 88' lang='lat' dir='ltr'>alieni</span> <span class='ocrx_word' id='word_1_34' title='bbox 1090 827 1154 886; x_wconf 86' lang='lat' dir='ltr'>et</span> <span class='ocrx_word' id='word_1_35' title='bbox 1217 822 1402 887; x_wconf 85' lang='lat' dir='ltr'>nothi</span> <span class='ocrx_word' id='word_1_36' title='bbox 1460 823 1579 886; x_wconf 88' lang='lat' dir='ltr'>filii</span> <span class='ocrx_word' id='word_1_37' title='bbox 1639 828 2069 906; x_wconf 80' lang='lat' dir='ltr'>exponantur,</span> <span class='ocrx_word' id='word_1_38' title='bbox 2112 826 2297 888; x_wconf 87' lang='lat' dir='ltr'>tanto</span> <span class='ocrx_word' id='word_1_39' title='bbox 2352 824 2575 888; x_wconf 90' lang='lat' dir='ltr'>sceleri</span> <span class='ocrx_word' id='word_1_40' title='bbox 2632 825 2763 887; x_wconf 90' lang='lat' dir='ltr'>im·</span> 
     </span>
     <span class='ocr_line' id='line_1_6' title="bbox 474 907 2763 1008; baseline -0 -34"><span class='ocrx_word' id='word_1_41' title='bbox 474 911 770 992; x_wconf 84' lang='lat' dir='ltr'>punitate</span> <span class='ocrx_word' id='word_1_42' title='bbox 839 911 1013 974; x_wconf 87' lang='lat' dir='ltr'>data.</span> <span class='ocrx_word' id='word_1_43' title='bbox 1105 907 1369 974; x_wconf 85' lang='lat' dir='ltr'>Terrent</span> <span class='ocrx_word' id='word_1_44' title='bbox 1433 908 1877 973; x_wconf 85' lang='lat' dir='ltr'>cautissimum</span> <span class='ocrx_word' id='word_1_45' title='bbox 1946 930 2264 992; x_wconf 86' lang='lat' dir='ltr'>quemque</span> <span class='ocrx_word' id='word_1_46' title='bbox 2323 931 2441 972; x_wconf 89' lang='lat' dir='ltr'>sua</span> <span class='ocrx_word' id='word_1_47' title='bbox 2500 910 2763 1008; x_wconf 79' lang='lat' dir='ltr'>experi-</span> 
     </span>
     <span class='ocr_line' id='line_1_7' title="bbox 474 993 2763 1076; baseline -0.002 -15"><span class='ocrx_word' id='word_1_48' title='bbox 474 1001 692 1062; x_wconf 89' lang='lat' dir='ltr'>menta</span> <span class='ocrx_word' id='word_1_49' title='bbox 755 999 821 1058; x_wconf 90' lang='lat' dir='ltr'>et</span> <span class='ocrx_word' id='word_1_50' title='bbox 877 998 950 1060; x_wconf 88' lang='lat' dir='ltr'>tu</span> <span class='ocrx_word' id='word_1_51' title='bbox 1015 994 1220 1058; x_wconf 88' lang='lat' dir='ltr'>multa</span> <span class='ocrx_word' id='word_1_52' title='bbox 1284 993 1522 1075; x_wconf 82' lang='lat' dir='ltr'>legisti,</span> <span class='ocrx_word' id='word_1_53' title='bbox 1588 996 1790 1058; x_wconf 85' lang='lat' dir='ltr'>multa</span> <span class='ocrx_word' id='word_1_54' title='bbox 1856 995 2182 1071; x_wconf 83' lang='lat' dir='ltr'>audivisti,</span> <span class='ocrx_word' id='word_1_55' title='bbox 2252 997 2316 1058; x_wconf 89' lang='lat' dir='ltr'>et</span> <span class='ocrx_word' id='word_1_56' title='bbox 2380 994 2763 1076; x_wconf 79' lang='lat' dir='ltr'>saepissime</span> 
     </span>
     <span class='ocr_line' id='line_1_8' title="bbox 477 1079 2760 1163; baseline -0.001 -19"><span class='ocrx_word' id='word_1_57' title='bbox 477 1085 887 1163; x_wconf 89' lang='lat' dir='ltr'>praeceptum</span> <span class='ocrx_word' id='word_1_58' title='bbox 955 1083 1055 1144; x_wconf 88' lang='lat' dir='ltr'>est</span> <span class='ocrx_word' id='word_1_59' title='bbox 1109 1102 1148 1142; x_wconf 88' lang='lat' dir='ltr'>a</span> <span class='ocrx_word' id='word_1_60' title='bbox 1193 1079 1595 1162; x_wconf 83' lang='lat' dir='ltr'>sapientibus</span> <span class='ocrx_word' id='word_1_61' title='bbox 1660 1084 1725 1143; x_wconf 89' lang='lat' dir='ltr'>et</span> <span class='ocrx_word' id='word_1_62' title='bbox 1792 1081 2132 1144; x_wconf 84' lang='lat' dir='ltr'>memoriae</span> <span class='ocrx_word' id='word_1_63' title='bbox 2198 1080 2519 1160; x_wconf 88' lang='lat' dir='ltr'>proditum</span> <span class='ocrx_word' id='word_1_64' title='bbox 2592 1080 2760 1144; x_wconf 90' lang='lat' dir='ltr'>nihil</span> 
     </span>
     <span class='ocr_line' id='line_1_9' title="bbox 477 1163 2761 1246; baseline -0 -16"><span class='ocrx_word' id='word_1_65' title='bbox 477 1189 614 1230; x_wconf 89' lang='lat' dir='ltr'>esse</span> <span class='ocrx_word' id='word_1_66' title='bbox 661 1167 918 1231; x_wconf 90' lang='lat' dir='ltr'>silentio</span> <span class='ocrx_word' id='word_1_67' title='bbox 966 1165 1191 1229; x_wconf 73' lang='lat' dir='ltr'>tutius</span> <span class='ocrx_word' id='word_1_68' title='bbox 1285 1165 1600 1246; x_wconf 88' lang='lat' dir='ltr'>Proponis</span> <span class='ocrx_word' id='word_1_69' title='bbox 1647 1163 1801 1228; x_wconf 90' lang='lat' dir='ltr'>mihi</span> <span class='ocrx_word' id='word_1_70' title='bbox 1848 1165 2196 1230; x_wconf 88' lang='lat' dir='ltr'>Urbanum.</span> <span class='ocrx_word' id='word_1_71' title='bbox 2287 1164 2590 1230; x_wconf 86' lang='lat' dir='ltr'>Urbanus</span> <span class='ocrx_word' id='word_1_72' title='bbox 2621 1187 2761 1229; x_wconf 90' lang='lat' dir='ltr'>non</span> 
     </span>
     <span class='ocr_line' id='line_1_10' title="bbox 476 1249 2755 1331; baseline -0.001 -16"><span class='ocrx_word' id='word_1_73' title='bbox 476 1255 576 1315; x_wconf 91' lang='lat' dir='ltr'>est</span> <span class='ocrx_word' id='word_1_74' title='bbox 640 1253 928 1316; x_wconf 86' lang='lat' dir='ltr'>nuntius.</span> <span class='ocrx_word' id='word_1_75' title='bbox 1041 1249 1345 1314; x_wconf 80' lang='lat' dir='ltr'>Ostendis</span> <span class='ocrx_word' id='word_1_76' title='bbox 1412 1250 1610 1314; x_wconf 85' lang='lat' dir='ltr'>alium</span> <span class='ocrx_word' id='word_1_77' title='bbox 1673 1251 1887 1314; x_wconf 88' lang='lat' dir='ltr'>nescio</span> <span class='ocrx_word' id='word_1_78' title='bbox 1948 1271 2135 1331; x_wconf 87' lang='lat' dir='ltr'>quem</span> <span class='ocrx_word' id='word_1_79' title='bbox 2200 1251 2509 1314; x_wconf 87' lang='lat' dir='ltr'>rabulam.</span> <span class='ocrx_word' id='word_1_80' title='bbox 2602 1250 2755 1314; x_wconf 83' lang='lat' dir='ltr'>Non</span> 
     </span>
     <span class='ocr_line' id='line_1_11' title="bbox 475 1335 2759 1420; baseline -0.001 -18"><span class='ocrx_word' id='word_1_81' title='bbox 475 1336 668 1402; x_wconf 84' lang='lat' dir='ltr'>audio</span> <span class='ocrx_word' id='word_1_82' title='bbox 729 1357 940 1420; x_wconf 85' lang='lat' dir='ltr'>neque</span> <span class='ocrx_word' id='word_1_83' title='bbox 1000 1335 1221 1398; x_wconf 88' lang='lat' dir='ltr'>audeo.</span> <span class='ocrx_word' id='word_1_84' title='bbox 1313 1335 1478 1412; x_wconf 83' lang='lat' dir='ltr'>Quid</span> <span class='ocrx_word' id='word_1_85' title='bbox 1540 1339 1640 1398; x_wconf 89' lang='lat' dir='ltr'>est</span> <span class='ocrx_word' id='word_1_86' title='bbox 1702 1335 1897 1399; x_wconf 87' lang='lat' dir='ltr'>nimia</span> <span class='ocrx_word' id='word_1_87' title='bbox 1964 1335 2306 1399; x_wconf 79' lang='lat' dir='ltr'>credulitas</span> <span class='ocrx_word' id='word_1_88' title='bbox 2367 1336 2491 1399; x_wconf 85' lang='lat' dir='ltr'>nisi</span> <span class='ocrx_word' id='word_1_89' title='bbox 2546 1336 2759 1400; x_wconf 84' lang='lat' dir='ltr'>stulta</span> 
     </span>
     <span class='ocr_line' id='line_1_12' title="bbox 478 1420 2757 1504; baseline 0 -21"><span class='ocrx_word' id='word_1_90' title='bbox 478 1421 747 1485; x_wconf 79' lang='lat' dir='ltr'>vilitas?</span> <span class='ocrx_word' id='word_1_91' title='bbox 838 1420 996 1486; x_wconf 87' lang='lat' dir='ltr'>Fide</span> <span class='ocrx_word' id='word_1_92' title='bbox 1043 1425 1263 1484; x_wconf 85' lang='lat' dir='ltr'>carent</span> <span class='ocrx_word' id='word_1_93' title='bbox 1308 1421 1739 1501; x_wconf 84' lang='lat' dir='ltr'>sanguisugae</span> <span class='ocrx_word' id='word_1_94' title='bbox 1785 1425 1850 1484; x_wconf 91' lang='lat' dir='ltr'>et</span> <span class='ocrx_word' id='word_1_95' title='bbox 1892 1421 2147 1504; x_wconf 86' lang='lat' dir='ltr'>repulsa</span> <span class='ocrx_word' id='word_1_96' title='bbox 2190 1421 2460 1484; x_wconf 87' lang='lat' dir='ltr'>notandi</span> <span class='ocrx_word' id='word_1_97' title='bbox 2494 1421 2757 1485; x_wconf 83' lang='lat' dir='ltr'>notarii.</span> 
     </span>
     <span class='ocr_line' id='line_1_13' title="bbox 475 1505 2759 1589; baseline 0 -19"><span class='ocrx_word' id='word_1_98' title='bbox 475 1506 752 1589; x_wconf 87' lang='lat' dir='ltr'>Sugunt‚</span> <span class='ocrx_word' id='word_1_99' title='bbox 827 1506 1142 1580; x_wconf 87' lang='lat' dir='ltr'>lambunt,</span> <span class='ocrx_word' id='word_1_100' title='bbox 1219 1507 1486 1570; x_wconf 85' lang='lat' dir='ltr'>sorbent</span> <span class='ocrx_word' id='word_1_101' title='bbox 1554 1505 1928 1587; x_wconf 84' lang='lat' dir='ltr'>sanguinem</span> <span class='ocrx_word' id='word_1_102' title='bbox 2000 1527 2366 1589; x_wconf 82' lang='lat' dir='ltr'>pauperum.</span> <span class='ocrx_word' id='word_1_103' title='bbox 2459 1506 2699 1570; x_wconf 84' lang='lat' dir='ltr'>Istisne</span> <span class='ocrx_word' id='word_1_104' title='bbox 2729 1519 2759 1548; x_wconf 77' lang='lat'>⁸</span> 
     </span>
     <span class='ocr_line' id='line_1_14' title="bbox 475 1590 2755 1674; baseline 0 -19"><span class='ocrx_word' id='word_1_105' title='bbox 475 1593 641 1656; x_wconf 88' lang='lat' dir='ltr'>dabo</span> <span class='ocrx_word' id='word_1_106' title='bbox 715 1592 938 1656; x_wconf 86' lang='lat' dir='ltr'>literas</span> <span class='ocrx_word' id='word_1_107' title='bbox 1008 1591 1089 1655; x_wconf 88' lang='lat' dir='ltr'>ad</span> <span class='ocrx_word' id='word_1_108' title='bbox 1155 1591 1266 1654; x_wconf 85' lang='lat' dir='ltr'>te‘?</span> <span class='ocrx_word' id='word_1_109' title='bbox 1357 1590 1542 1655; x_wconf 86' lang='lat' dir='ltr'>Certe</span> <span class='ocrx_word' id='word_1_110' title='bbox 1609 1613 1736 1654; x_wconf 90' lang='lat' dir='ltr'>non</span> <span class='ocrx_word' id='word_1_111' title='bbox 1808 1591 1992 1654; x_wconf 83' lang='lat' dir='ltr'>dabo,</span> <span class='ocrx_word' id='word_1_112' title='bbox 2084 1591 2309 1673; x_wconf 87' lang='lat' dir='ltr'>Itaque</span> <span class='ocrx_word' id='word_1_113' title='bbox 2379 1590 2470 1654; x_wconf 85' lang='lat' dir='ltr'>fer</span> <span class='ocrx_word' id='word_1_114' title='bbox 2539 1613 2755 1674; x_wconf 89' lang='lat' dir='ltr'>aequo</span> 
     </span>
     <span class='ocr_line' id='line_1_15' title="bbox 473 1677 2757 1758; baseline -0 -16"><span class='ocrx_word' id='word_1_115' title='bbox 473 1679 686 1742; x_wconf 87' lang='lat' dir='ltr'>animo</span> <span class='ocrx_word' id='word_1_116' title='bbox 751 1677 1258 1742; x_wconf 86' lang='lat' dir='ltr'>taciturnitatem</span> <span class='ocrx_word' id='word_1_117' title='bbox 1311 1698 1536 1754; x_wconf 89' lang='lat' dir='ltr'>meam,</span> <span class='ocrx_word' id='word_1_118' title='bbox 1586 1698 1727 1741; x_wconf 91' lang='lat' dir='ltr'>cum</span> <span class='ocrx_word' id='word_1_119' title='bbox 1779 1677 1971 1757; x_wconf 86' lang='lat' dir='ltr'>probe</span> <span class='ocrx_word' id='word_1_120' title='bbox 2016 1677 2181 1740; x_wconf 89' lang='lat' dir='ltr'>scias</span> <span class='ocrx_word' id='word_1_121' title='bbox 2226 1682 2291 1740; x_wconf 90' lang='lat' dir='ltr'>te</span> <span class='ocrx_word' id='word_1_122' title='bbox 2335 1699 2375 1738; x_wconf 89' lang='lat' dir='ltr'>a</span> <span class='ocrx_word' id='word_1_123' title='bbox 2418 1699 2520 1740; x_wconf 91' lang='lat' dir='ltr'>me</span> <span class='ocrx_word' id='word_1_124' title='bbox 2566 1677 2757 1758; x_wconf 84' lang='lat' dir='ltr'>diligi</span> 
     </span>
     <span class='ocr_line' id='line_1_16' title="bbox 477 1762 2754 1844; baseline 0 -18"><span class='ocrx_word' id='word_1_125' title='bbox 477 1784 704 1844; x_wconf 86' lang='lat' dir='ltr'>meque</span> <span class='ocrx_word' id='word_1_126' title='bbox 735 1763 860 1827; x_wconf 91' lang='lat' dir='ltr'>tibi</span> <span class='ocrx_word' id='word_1_127' title='bbox 893 1762 1123 1838; x_wconf 87' lang='lat' dir='ltr'>favere,</span> <span class='ocrx_word' id='word_1_128' title='bbox 1155 1767 1218 1824; x_wconf 85' lang='lat' dir='ltr'>te</span> <span class='ocrx_word' id='word_1_129' title='bbox 1250 1763 1464 1825; x_wconf 91' lang='lat' dir='ltr'>animo</span> <span class='ocrx_word' id='word_1_130' title='bbox 1500 1762 2100 1826; x_wconf 85' lang='lat' dir='ltr'>benevolentissimo</span> <span class='ocrx_word' id='word_1_131' title='bbox 2133 1767 2327 1843; x_wconf 88' lang='lat' dir='ltr'>atque</span> <span class='ocrx_word' id='word_1_132' title='bbox 2360 1763 2754 1827; x_wconf 86' lang='lat' dir='ltr'>amicissimo</span> 
     </span>
     <span class='ocr_line' id='line_1_17' title="bbox 474 1847 2754 1931; baseline -0 -19"><span class='ocrx_word' id='word_1_133' title='bbox 474 1849 814 1931; x_wconf 88' lang='lat' dir='ltr'>complecti</span> <span class='ocrx_word' id='word_1_134' title='bbox 859 1849 1052 1911; x_wconf 89' lang='lat' dir='ltr'>etiam</span> <span class='ocrx_word' id='word_1_135' title='bbox 1097 1848 1288 1929; x_wconf 89' lang='lat' dir='ltr'>longe</span> <span class='ocrx_word' id='word_1_136' title='bbox 1333 1848 1573 1928; x_wconf 88' lang='lat' dir='ltr'>diuque</span> <span class='ocrx_word' id='word_1_137' title='bbox 1618 1848 1969 1911; x_wconf 86' lang='lat' dir='ltr'>absentem.</span> <span class='ocrx_word' id='word_1_138' title='bbox 2062 1847 2391 1911; x_wconf 89' lang='lat' dir='ltr'>Perficiam</span> <span class='ocrx_word' id='word_1_139' title='bbox 2425 1848 2754 1911; x_wconf 90' lang='lat' dir='ltr'>nihilomi-</span> 
     </span>
     <span class='ocr_line' id='line_1_18' title="bbox 476 1933 2747 2016; baseline 0.001 -20"><span class='ocrx_word' id='word_1_140' title='bbox 476 1957 620 2010; x_wconf 81' lang='lat' dir='ltr'>nuS,</span> <span class='ocrx_word' id='word_1_141' title='bbox 679 1935 734 1996; x_wconf 90' lang='lat' dir='ltr'>si</span> <span class='ocrx_word' id='word_1_142' title='bbox 797 1954 1116 1998; x_wconf 89' lang='lat' dir='ltr'>cursorem</span> <span class='ocrx_word' id='word_1_143' title='bbox 1181 1934 1458 2014; x_wconf 85' lang='lat' dir='ltr'>aliquem</span> <span class='ocrx_word' id='word_1_144' title='bbox 1530 1933 1830 1997; x_wconf 85' lang='lat' dir='ltr'>idoneum</span> <span class='ocrx_word' id='word_1_145' title='bbox 1897 1933 2493 2015; x_wconf 88' lang='lat' dir='ltr'>providentissimus</span> <span class='ocrx_word' id='word_1_146' title='bbox 2559 1937 2747 2016; x_wconf 85' lang='lat' dir='ltr'>pater</span> 
     </span>
     <span class='ocr_line' id='line_1_19' title="bbox 477 2017 2753 2097; baseline -0 -14"><span class='ocrx_word' id='word_1_147' title='bbox 477 2019 774 2084; x_wconf 89' lang='lat' dir='ltr'>Urbanus</span> <span class='ocrx_word' id='word_1_148' title='bbox 842 2018 1168 2097; x_wconf 88' lang='lat' dir='ltr'>obtulerit,</span> <span class='ocrx_word' id='word_1_149' title='bbox 1236 2040 1318 2081; x_wconf 92' lang='lat' dir='ltr'>ne</span> <span class='ocrx_word' id='word_1_150' title='bbox 1381 2019 1620 2082; x_wconf 88' lang='lat' dir='ltr'>frustra</span> <span class='ocrx_word' id='word_1_151' title='bbox 1687 2018 2164 2082; x_wconf 86' lang='lat' dir='ltr'>scribendarum</span> <span class='ocrx_word' id='word_1_152' title='bbox 2234 2018 2563 2082; x_wconf 84' lang='lat' dir='ltr'>literarum</span> <span class='ocrx_word' id='word_1_153' title='bbox 2634 2017 2753 2082; x_wconf 86' lang='lat' dir='ltr'>ad-</span> 
     </span>
     <span class='ocr_line' id='line_1_20' title="bbox 476 2103 2751 2188; baseline -0 -19"><span class='ocrx_word' id='word_1_154' title='bbox 476 2106 801 2170; x_wconf 89' lang='lat' dir='ltr'>monuisse</span> <span class='ocrx_word' id='word_1_155' title='bbox 848 2126 967 2168; x_wconf 92' lang='lat' dir='ltr'>nos</span> <span class='ocrx_word' id='word_1_156' title='bbox 1013 2103 1358 2168; x_wconf 75' lang='lat' dir='ltr'>arbitreris</span> <span class='ocrx_word' id='word_1_157' title='bbox 1449 2105 1721 2168; x_wconf 88' lang='lat' dir='ltr'>Hessum</span> <span class='ocrx_word' id='word_1_158' title='bbox 1768 2125 1977 2168; x_wconf 88' lang='lat' dir='ltr'>meum</span> <span class='ocrx_word' id='word_1_159' title='bbox 2024 2108 2361 2186; x_wconf 88' lang='lat' dir='ltr'>tantopere</span> <span class='ocrx_word' id='word_1_160' title='bbox 2404 2127 2445 2167; x_wconf 90' lang='lat' dir='ltr'>a</span> <span class='ocrx_word' id='word_1_161' title='bbox 2486 2107 2553 2168; x_wconf 91' lang='lat' dir='ltr'>te</span> <span class='ocrx_word' id='word_1_162' title='bbox 2600 2125 2751 2188; x_wconf 82' lang='lat' dir='ltr'>pro-</span> 
     </span>
     <span class='ocr_line' id='line_1_21' title="bbox 475 2188 2750 2271; baseline -0.001 -17"><span class='ocrx_word' id='word_1_163' title='bbox 475 2189 619 2254; x_wconf 89' lang='lat' dir='ltr'>bari</span> <span class='ocrx_word' id='word_1_164' title='bbox 680 2188 976 2271; x_wconf 87' lang='lat' dir='ltr'>gaude0.¹</span> <span class='ocrx_word' id='word_1_165' title='bbox 1073 2189 1341 2254; x_wconf 87' lang='lat' dir='ltr'>Carmen</span> <span class='ocrx_word' id='word_1_166' title='bbox 1387 2193 1488 2253; x_wconf 84' lang='lat' dir='ltr'>est</span> <span class='ocrx_word' id='word_1_167' title='bbox 1525 2189 2083 2271; x_wconf 88' lang='lat' dir='ltr'>jucundissimum,</span> <span class='ocrx_word' id='word_1_168' title='bbox 2150 2189 2406 2271; x_wconf 87' lang='lat' dir='ltr'>legitur,</span> <span class='ocrx_word' id='word_1_169' title='bbox 2474 2193 2750 2254; x_wconf 88' lang='lat' dir='ltr'>amatur.</span> 
     </span>
     <span class='ocr_line' id='line_1_22' title="bbox 480 2274 2752 2357; baseline -0.001 -16"><span class='ocrx_word' id='word_1_170' title='bbox 480 2276 598 2342; x_wconf 88' lang='lat' dir='ltr'>Est</span> <span class='ocrx_word' id='word_1_171' title='bbox 655 2275 919 2357; x_wconf 89' lang='lat' dir='ltr'>aliquid,</span> <span class='ocrx_word' id='word_1_172' title='bbox 969 2275 1022 2338; x_wconf 89' lang='lat' dir='ltr'>si</span> <span class='ocrx_word' id='word_1_173' title='bbox 1069 2296 1285 2338; x_wconf 88' lang='lat' dir='ltr'>verum</span> <span class='ocrx_word' id='word_1_174' title='bbox 1345 2276 1504 2338; x_wconf 86' lang='lat' dir='ltr'>scire</span> <span class='ocrx_word' id='word_1_175' title='bbox 1552 2275 1669 2353; x_wconf 82' lang='lat' dir='ltr'>vie,</span> <span class='ocrx_word' id='word_1_176' title='bbox 1714 2274 2037 2353; x_wconf 82' lang='lat' dir='ltr'>EobanuS,</span> <span class='ocrx_word' id='word_1_177' title='bbox 2100 2275 2269 2338; x_wconf 89' lang='lat' dir='ltr'>inter</span> <span class='ocrx_word' id='word_1_178' title='bbox 2314 2274 2634 2339; x_wconf 85' lang='lat' dir='ltr'>Nasonem</span> <span class='ocrx_word' id='word_1_179' title='bbox 2682 2279 2752 2338; x_wconf 91' lang='lat' dir='ltr'>et</span> 
     </span>
     <span class='ocr_line' id='line_1_23' title="bbox 475 2359 2749 2444; baseline 0 -20"><span class='ocrx_word' id='word_1_180' title='bbox 475 2361 836 2444; x_wconf 87' lang='lat' dir='ltr'>Baptistam</span> <span class='ocrx_word' id='word_1_181' title='bbox 907 2359 1331 2425; x_wconf 88' lang='lat' dir='ltr'>Mantuannm</span> <span class='ocrx_word' id='word_1_182' title='bbox 1405 2361 1670 2438; x_wconf 74' lang='lat' dir='ltr'>medina,</span> <span class='ocrx_word' id='word_1_183' title='bbox 1733 2360 1842 2424; x_wconf 89' lang='lat' dir='ltr'>sed</span> <span class='ocrx_word' id='word_1_184' title='bbox 1905 2360 2102 2442; x_wconf 89' lang='lat' dir='ltr'>priori</span> <span class='ocrx_word' id='word_1_185' title='bbox 2167 2361 2327 2424; x_wconf 89' lang='lat' dir='ltr'>adeo</span> <span class='ocrx_word' id='word_1_186' title='bbox 2396 2361 2749 2443; x_wconf 82' lang='lat' dir='ltr'>proximuS,</span> 
     </span>
     <span class='ocr_line' id='line_1_24' title="bbox 479 2444 2750 2529; baseline -0.001 -18"><span class='ocrx_word' id='word_1_187' title='bbox 479 2452 552 2513; x_wconf 88' lang='lat' dir='ltr'>ut</span> <span class='ocrx_word' id='word_1_188' title='bbox 599 2447 865 2524; x_wconf 86' lang='lat' dir='ltr'>nescias,</span> <span class='ocrx_word' id='word_1_189' title='bbox 915 2447 1268 2529; x_wconf 87' lang='lat' dir='ltr'>propriisne</span> <span class='ocrx_word' id='word_1_190' title='bbox 1296 2447 1325 2486; x_wconf 74' lang='lat'>¹²</span> <span class='ocrx_word' id='word_1_191' title='bbox 1369 2446 1655 2511; x_wconf 88' lang='lat' dir='ltr'>ambulet</span> <span class='ocrx_word' id='word_1_192' title='bbox 1688 2469 1768 2510; x_wconf 88' lang='lat' dir='ltr'>an</span> <span class='ocrx_word' id='word_1_193' title='bbox 1804 2444 2136 2511; x_wconf 88' lang='lat' dir='ltr'>Ovidianis</span> <span class='ocrx_word' id='word_1_194' title='bbox 2182 2446 2473 2528; x_wconf 73' lang='lat' dir='ltr'>pedibus</span> <span class='ocrx_word' id='word_1_195' title='bbox 2550 2445 2750 2511; x_wconf 89' lang='lat' dir='ltr'>Here-</span> 
     </span>
     <span class='ocr_line' id='line_1_25' title="bbox 477 2531 2749 2615; baseline 0.001 -20"><span class='ocrx_word' id='word_1_196' title='bbox 477 2532 718 2597; x_wconf 87' lang='lat' dir='ltr'>bordus</span> <span class='ocrx_word' id='word_1_197' title='bbox 782 2537 997 2597; x_wconf 88' lang='lat' dir='ltr'>noster</span> <span class='ocrx_word' id='word_1_198' title='bbox 1056 2534 1239 2596; x_wconf 85' lang='lat' dir='ltr'>floret</span> <span class='ocrx_word' id='word_1_199' title='bbox 1285 2533 1351 2596; x_wconf 90' lang='lat' dir='ltr'>in</span> <span class='ocrx_word' id='word_1_200' title='bbox 1408 2532 1809 2595; x_wconf 87' lang='lat' dir='ltr'>nobilissima</span> <span class='ocrx_word' id='word_1_201' title='bbox 1876 2533 2103 2615; x_wconf 85' lang='lat' dir='ltr'>pat-ria.</span> <span class='ocrx_word' id='word_1_202' title='bbox 2194 2531 2412 2615; x_wconf 85' lang='lat' dir='ltr'>Nuper</span> <span class='ocrx_word' id='word_1_203' title='bbox 2480 2538 2749 2597; x_wconf 86' lang='lat' dir='ltr'>ornatus</span> 
     </span>
     <span class='ocr_line' id='line_1_26' title="bbox 476 2618 2745 2714; baseline -0 -31"><span class='ocrx_word' id='word_1_204' title='bbox 476 2624 575 2683; x_wconf 92' lang='lat' dir='ltr'>est</span> <span class='ocrx_word' id='word_1_205' title='bbox 620 2640 788 2683; x_wconf 89' lang='lat' dir='ltr'>nova</span> <span class='ocrx_word' id='word_1_206' title='bbox 836 2618 1170 2714; x_wconf 85' lang='lat' dir='ltr'>dignitate</span> <span class='ocrx_word' id='word_1_207' title='bbox 1219 2618 1429 2682; x_wconf 87' lang='lat' dir='ltr'>factus</span> <span class='ocrx_word' id='word_1_208' title='bbox 1474 2618 1717 2681; x_wconf 89' lang='lat' dir='ltr'>scilicet</span> <span class='ocrx_word' id='word_1_209' title='bbox 1764 2618 2059 2699; x_wconf 86' lang='lat' dir='ltr'>publicus</span> <span class='ocrx_word' id='word_1_210' title='bbox 2104 2618 2457 2682; x_wconf 87' lang='lat' dir='ltr'>advocatus</span> <span class='ocrx_word' id='word_1_211' title='bbox 2505 2618 2621 2695; x_wconf 87' lang='lat' dir='ltr'>vel,</span> <span class='ocrx_word' id='word_1_212' title='bbox 2670 2623 2745 2682; x_wconf 87' lang='lat' dir='ltr'>ut</span> 
     </span>
     <span class='ocr_line' id='line_1_27' title="bbox 475 2692 2749 2787; baseline -0 -19"><span class='ocrx_word' id='word_1_213' title='bbox 475 2726 696 2786; x_wconf 86' lang='lat' dir='ltr'>graece</span> <span class='ocrx_word' id='word_1_214' title='bbox 742 2705 985 2787; x_wconf 88' lang='lat' dir='ltr'>loquar,</span> <span class='ocrx_word' id='word_1_215' title='bbox 1033 2692 1362 2787; x_wconf 80' lang='grc' dir='ltr'><strong><em>πρόδικος</em></strong></span> <span class='ocrx_word' id='word_1_216' title='bbox 1407 2704 1539 2767; x_wconf 87' lang='lat' dir='ltr'>sive</span> <span class='ocrx_word' id='word_1_217' title='bbox 1586 2696 1857 2779; x_wconf 82' lang='grc' dir='ltr'><strong><em>ε’κδικος,</em></strong></span> <span class='ocrx_word' id='word_1_218' title='bbox 1903 2704 2101 2767; x_wconf 87' lang='lat' dir='ltr'>latine</span> <span class='ocrx_word' id='word_1_219' title='bbox 2148 2725 2293 2767; x_wconf 88' lang='lat' dir='ltr'>vero</span> <span class='ocrx_word' id='word_1_220' title='bbox 2356 2704 2478 2767; x_wconf 90' lang='lat' dir='ltr'>dici</span> <span class='ocrx_word' id='word_1_221' title='bbox 2536 2707 2749 2785; x_wconf 88' lang='lat' dir='ltr'>potest</span> 
     </span>
     <span class='ocr_line' id='line_1_28' title="bbox 475 2788 2745 2872; baseline -0 -18"><span class='ocrx_word' id='word_1_222' title='bbox 475 2791 702 2855; x_wconf 87' lang='lat' dir='ltr'>tuendi</span> <span class='ocrx_word' id='word_1_223' title='bbox 777 2789 1018 2872; x_wconf 86' lang='lat' dir='ltr'>publici</span> <span class='ocrx_word' id='word_1_224' title='bbox 1085 2790 1246 2871; x_wconf 86' lang='lat' dir='ltr'>juris</span> <span class='ocrx_word' id='word_1_225' title='bbox 1323 2789 1635 2865; x_wconf 88' lang='lat' dir='ltr'>arbiter,</span> <span class='ocrx_word' id='word_1_226' title='bbox 1711 2794 2019 2870; x_wconf 87' lang='lat' dir='ltr'>patronus</span> <span class='ocrx_word' id='word_1_227' title='bbox 2094 2794 2377 2867; x_wconf 74' lang='lat' dir='ltr'>senatuS,</span> <span class='ocrx_word' id='word_1_228' title='bbox 2450 2788 2745 2853; x_wconf 84' lang='lat' dir='ltr'>defensor</span> 
     </span>
     <span class='ocr_line' id='line_1_29' title="bbox 477 2838 2745 2958; baseline 0 -20"><span class='ocrx_word' id='word_1_229' title='bbox 477 2876 866 2958; x_wconf 87' lang='lat' dir='ltr'>reipublicae</span> <span class='ocrx_word' id='word_1_230' title='bbox 912 2879 976 2939; x_wconf 92' lang='lat' dir='ltr'>et</span> <span class='ocrx_word' id='word_1_231' title='bbox 1021 2881 1094 2939; x_wconf 89' lang='lat' dir='ltr'>ut</span> <span class='ocrx_word' id='word_1_232' title='bbox 1139 2875 1330 2955; x_wconf 86' lang='lat' dir='ltr'>vulgo</span> <span class='ocrx_word' id='word_1_233' title='bbox 1373 2838 1655 2956; x_wconf 73' lang='lat' dir='ltr'>jactatur</span> <span class='ocrx_word' id='word_1_234' title='bbox 1700 2872 1973 2955; x_wconf 83' lang='lat' dir='ltr'>Magnus</span> <span class='ocrx_word' id='word_1_235' title='bbox 2019 2873 2354 2957; x_wconf 86' lang='lat' dir='ltr'>Syndicus.</span> <span class='ocrx_word' id='word_1_236' title='bbox 2446 2874 2745 2939; x_wconf 87' lang='lat' dir='ltr'>Pulcher-</span> 
     </span>
     <span class='ocr_line' id='line_1_30' title="bbox 477 2960 2744 3043; baseline 0.001 -20"><span class='ocrx_word' id='word_1_237' title='bbox 477 2961 676 3025; x_wconf 90' lang='lat' dir='ltr'>rimus</span> <span class='ocrx_word' id='word_1_238' title='bbox 738 2960 986 3033; x_wconf 80' lang='lat' dir='ltr'>titulus,</span> <span class='ocrx_word' id='word_1_239' title='bbox 1043 2961 1168 3024; x_wconf 89' lang='lat' dir='ltr'>nisi</span> <span class='ocrx_word' id='word_1_240' title='bbox 1222 2960 1611 3043; x_wconf 87' lang='lat' dir='ltr'>praesideret</span> <span class='ocrx_word' id='word_1_241' title='bbox 1674 2960 2088 3041; x_wconf 87' lang='lat' dir='ltr'>perturbatae</span> <span class='ocrx_word' id='word_1_242' title='bbox 2150 2960 2415 3025; x_wconf 86' lang='lat' dir='ltr'>civitati.</span> <span class='ocrx_word' id='word_1_243' title='bbox 2505 2960 2744 3025; x_wconf 89' lang='lat' dir='ltr'>Doctus</span> 
     </span>
     <span class='ocr_line' id='line_1_31' title="bbox 469 3045 2741 3128; baseline 0 -19"><span class='ocrx_word' id='word_1_244' title='bbox 469 3046 724 3128; x_wconf 82' lang='lat' dir='ltr'>juvenis</span> <span class='ocrx_word' id='word_1_245' title='bbox 770 3050 834 3109; x_wconf 87' lang='lat' dir='ltr'>et</span> <span class='ocrx_word' id='word_1_246' title='bbox 879 3046 1092 3109; x_wconf 86' lang='lat' dir='ltr'>audax</span> <span class='ocrx_word' id='word_1_247' title='bbox 1139 3050 1203 3109; x_wconf 93' lang='lat' dir='ltr'>et</span> <span class='ocrx_word' id='word_1_248' title='bbox 1252 3046 1451 3109; x_wconf 89' lang='lat' dir='ltr'>nostri</span> <span class='ocrx_word' id='word_1_249' title='bbox 1499 3046 2000 3121; x_wconf 76' lang='lat' dir='ltr'>amantissimus,</span> <span class='ocrx_word' id='word_1_250' title='bbox 2046 3045 2239 3128; x_wconf 88' lang='lat' dir='ltr'>paulo</span> <span class='ocrx_word' id='word_1_251' title='bbox 2278 3052 2432 3109; x_wconf 90' lang='lat' dir='ltr'>ante</span> <span class='ocrx_word' id='word_1_252' title='bbox 2466 3045 2741 3111; x_wconf 86' lang='lat' dir='ltr'>donatus</span> 
     </span>
     <span class='ocr_line' id='line_1_32' title="bbox 474 3130 2741 3215; baseline 0.001 -20"><span class='ocrx_word' id='word_1_253' title='bbox 474 3132 774 3215; x_wconf 87' lang='lat' dir='ltr'>primaria</span> <span class='ocrx_word' id='word_1_254' title='bbox 840 3132 1228 3213; x_wconf 84' lang='lat' dir='ltr'>professione</span> <span class='ocrx_word' id='word_1_255' title='bbox 1282 3131 1443 3212; x_wconf 86' lang='lat' dir='ltr'>juris</span> <span class='ocrx_word' id='word_1_256' title='bbox 1488 3131 1819 3213; x_wconf 85' lang='lat' dir='ltr'>pontificii.</span> <span class='ocrx_word' id='word_1_257' title='bbox 1915 3130 2193 3213; x_wconf 87' lang='lat' dir='ltr'>Adjuvat</span> <span class='ocrx_word' id='word_1_258' title='bbox 2258 3154 2400 3195; x_wconf 88' lang='lat' dir='ltr'>eum</span> <span class='ocrx_word' id='word_1_259' title='bbox 2464 3132 2741 3197; x_wconf 85' lang='lat' dir='ltr'>familiae</span> 
     </span>
     <span class='ocr_line' id='line_1_33' title="bbox 476 3216 2739 3300; baseline 0 -19"><span class='ocrx_word' id='word_1_260' title='bbox 476 3218 750 3293; x_wconf 80' lang='lat' dir='ltr'>claritaS,</span> <span class='ocrx_word' id='word_1_261' title='bbox 799 3222 1064 3300; x_wconf 86' lang='lat' dir='ltr'>paterna</span> <span class='ocrx_word' id='word_1_262' title='bbox 1108 3218 1328 3299; x_wconf 87' lang='lat' dir='ltr'>gloria,</span> <span class='ocrx_word' id='word_1_263' title='bbox 1390 3216 1689 3297; x_wconf 84' lang='lat' dir='ltr'>splendor</span> <span class='ocrx_word' id='word_1_264' title='bbox 1734 3218 1891 3280; x_wconf 87' lang='lat' dir='ltr'>recti</span> <span class='ocrx_word' id='word_1_265' title='bbox 1938 3216 2151 3280; x_wconf 86' lang='lat' dir='ltr'>studii.</span> <span class='ocrx_word' id='word_1_266' title='bbox 2244 3216 2545 3281; x_wconf 87' lang='lat' dir='ltr'>Eobanus</span> <span class='ocrx_word' id='word_1_267' title='bbox 2600 3240 2739 3281; x_wconf 89' lang='lat' dir='ltr'>coe-</span> 
     </span>
     <span class='ocr_line' id='line_1_34' title="bbox 474 3302 2739 3385; baseline -0.001 -18"><span class='ocrx_word' id='word_1_268' title='bbox 474 3304 621 3367; x_wconf 84' lang='lat' dir='ltr'>lesti</span> <span class='ocrx_word' id='word_1_269' title='bbox 665 3304 920 3385; x_wconf 89' lang='lat' dir='ltr'>ingenio</span> <span class='ocrx_word' id='word_1_270' title='bbox 970 3304 1294 3385; x_wconf 86' lang='lat' dir='ltr'>praeditus</span> <span class='ocrx_word' id='word_1_271' title='bbox 1342 3303 1802 3375; x_wconf 77' lang='lat' dir='ltr'>mansuetiores</span> <span class='ocrx_word' id='word_1_272' title='bbox 1848 3302 2065 3365; x_wconf 86' lang='lat' dir='ltr'>Musas</span> <span class='ocrx_word' id='word_1_273' title='bbox 2113 3303 2527 3384; x_wconf 88' lang='lat' dir='ltr'>popularibus</span> <span class='ocrx_word' id='word_1_274' title='bbox 2557 3324 2739 3367; x_wconf 87' lang='lat' dir='ltr'>orna-</span> 
     </span>
     <span class='ocr_line' id='line_1_35' title="bbox 475 3386 2741 3469; baseline -0 -16"><span class='ocrx_word' id='word_1_275' title='bbox 475 3390 710 3453; x_wconf 89' lang='lat' dir='ltr'>mentis</span> <span class='ocrx_word' id='word_1_276' title='bbox 756 3390 1093 3469; x_wconf 88' lang='lat' dir='ltr'>anteponit</span> <span class='ocrx_word' id='word_1_277' title='bbox 1138 3394 1201 3451; x_wconf 87' lang='lat' dir='ltr'>et</span> <span class='ocrx_word' id='word_1_278' title='bbox 1245 3386 1514 3451; x_wconf 88' lang='lat' dir='ltr'>solidam</span> <span class='ocrx_word' id='word_1_279' title='bbox 1575 3408 2071 3468; x_wconf 87' lang='lat' dir='ltr'>mansuramque</span> <span class='ocrx_word' id='word_1_280' title='bbox 2102 3388 2357 3467; x_wconf 85' lang='lat' dir='ltr'>famam,</span> <span class='ocrx_word' id='word_1_281' title='bbox 2392 3410 2521 3452; x_wconf 93' lang='lat' dir='ltr'>non</span> <span class='ocrx_word' id='word_1_282' title='bbox 2553 3390 2741 3453; x_wconf 88' lang='lat' dir='ltr'>unius</span> 
     </span>
     <span class='ocr_line' id='line_1_36' title="bbox 475 3472 2739 3554; baseline 0 -17"><span class='ocrx_word' id='word_1_283' title='bbox 475 3475 760 3539; x_wconf 87' lang='lat' dir='ltr'>civitatis</span> <span class='ocrx_word' id='word_1_284' title='bbox 804 3475 1202 3537; x_wconf 88' lang='lat' dir='ltr'>rumusculos</span> <span class='ocrx_word' id='word_1_285' title='bbox 1248 3476 1627 3554; x_wconf 84' lang='lat' dir='ltr'>aucupatur.</span> <span class='ocrx_word' id='word_1_286' title='bbox 1719 3472 1873 3537; x_wconf 85' lang='lat' dir='ltr'>Uter</span> <span class='ocrx_word' id='word_1_287' title='bbox 1919 3494 2134 3536; x_wconf 90' lang='lat' dir='ltr'>eorum</span> <span class='ocrx_word' id='word_1_288' title='bbox 2181 3472 2504 3538; x_wconf 87' lang='lat' dir='ltr'>laudatior</span> <span class='ocrx_word' id='word_1_289' title='bbox 2548 3475 2634 3537; x_wconf 92' lang='lat' dir='ltr'>sit</span> <span class='ocrx_word' id='word_1_290' title='bbox 2676 3479 2739 3537; x_wconf 89' lang='lat' dir='ltr'>et</span> 
     </span>
     <span class='ocr_line' id='line_1_37' title="bbox 473 3557 2737 3641; baseline -0 -18"><span class='ocrx_word' id='word_1_291' title='bbox 473 3560 919 3641; x_wconf 87' lang='lat' dir='ltr'>praestantior,</span> <span class='ocrx_word' id='word_1_292' title='bbox 964 3560 1060 3623; x_wconf 89' lang='lat' dir='ltr'>tui</span> <span class='ocrx_word' id='word_1_293' title='bbox 1107 3560 1194 3622; x_wconf 83' lang='lat' dir='ltr'>sit.</span> <span class='ocrx_word' id='word_1_294' title='bbox 1244 3558 1488 3640; x_wconf 85' lang='lat' dir='ltr'>judieii.</span> <span class='ocrx_word' id='word_1_295' title='bbox 1579 3557 1713 3639; x_wconf 89' lang='lat' dir='ltr'>Ego</span> <span class='ocrx_word' id='word_1_296' title='bbox 1780 3557 2095 3622; x_wconf 89' lang='lat' dir='ltr'>ambobus</span> <span class='ocrx_word' id='word_1_297' title='bbox 2154 3560 2496 3641; x_wconf 85' lang='lat' dir='ltr'>propitium</span> <span class='ocrx_word' id='word_1_298' title='bbox 2555 3559 2737 3623; x_wconf 86' lang='lat' dir='ltr'>deum</span> 
     </span>
     <span class='ocr_line' id='line_1_38' title="bbox 475 3642 2737 3727; baseline -0.001 -18"><span class='ocrx_word' id='word_1_299' title='bbox 475 3649 540 3709; x_wconf 89' lang='lat' dir='ltr'>et</span> <span class='ocrx_word' id='word_1_300' title='bbox 583 3667 895 3727; x_wconf 87' lang='lat' dir='ltr'>prospera.</span> <span class='ocrx_word' id='word_1_301' title='bbox 929 3645 1332 3726; x_wconf 85' lang='lat' dir='ltr'>secundaque</span> <span class='ocrx_word' id='word_1_302' title='bbox 1381 3664 1759 3723; x_wconf 88' lang='lat' dir='ltr'>comprecor.</span> <span class='ocrx_word' id='word_1_303' title='bbox 1854 3642 2051 3722; x_wconf 86' lang='lat' dir='ltr'>Digni</span> <span class='ocrx_word' id='word_1_304' title='bbox 2082 3648 2235 3707; x_wconf 88' lang='lat' dir='ltr'>sunt</span> <span class='ocrx_word' id='word_1_305' title='bbox 2264 3646 2455 3719; x_wconf 91' lang='lat' dir='ltr'>enim,</span> <span class='ocrx_word' id='word_1_306' title='bbox 2504 3645 2737 3725; x_wconf 88' lang='lat' dir='ltr'>quibus</span> 
     </span>
     <span class='ocr_line' id='line_1_39' title="bbox 473 3728 2737 3811; baseline -0.001 -18"><span class='ocrx_word' id='word_1_307' title='bbox 473 3730 704 3793; x_wconf 84' lang='lat' dir='ltr'>laetior</span> <span class='ocrx_word' id='word_1_308' title='bbox 750 3729 1008 3794; x_wconf 84' lang='lat' dir='ltr'>fortuna</span> <span class='ocrx_word' id='word_1_309' title='bbox 1054 3736 1358 3811; x_wconf 88' lang='lat' dir='ltr'>perpetuo</span> <span class='ocrx_word' id='word_1_310' title='bbox 1405 3729 1662 3809; x_wconf 86' lang='lat' dir='ltr'>aspiret.</span> <span class='ocrx_word' id='word_1_311' title='bbox 1741 3728 2143 3809; x_wconf 87' lang='lat' dir='ltr'>Quamquam</span> <span class='ocrx_word' id='word_1_312' title='bbox 2176 3730 2501 3793; x_wconf 85' lang='lat' dir='ltr'>causidico</span> <span class='ocrx_word' id='word_1_313' title='bbox 2536 3730 2737 3811; x_wconf 88' lang='lat' dir='ltr'>magis</span> 
     </span>
     <span class='ocr_line' id='line_1_40' title="bbox 473 3813 2734 3897; baseline -0 -19"><span class='ocrx_word' id='word_1_314' title='bbox 473 3816 758 3879; x_wconf 85' lang='lat' dir='ltr'>timenda</span> <span class='ocrx_word' id='word_1_315' title='bbox 801 3816 888 3879; x_wconf 90' lang='lat' dir='ltr'>sit</span> <span class='ocrx_word' id='word_1_316' title='bbox 933 3836 1123 3896; x_wconf 88' lang='lat' dir='ltr'>quam</span> <span class='ocrx_word' id='word_1_317' title='bbox 1185 3820 1410 3897; x_wconf 89' lang='lat' dir='ltr'>poetae</span> <span class='ocrx_word' id='word_1_318' title='bbox 1463 3814 1662 3877; x_wconf 85' lang='lat' dir='ltr'>ultrix</span> <span class='ocrx_word' id='word_1_319' title='bbox 1721 3815 2139 3894; x_wconf 89' lang='lat' dir='ltr'>superborum</span> <span class='ocrx_word' id='word_1_320' title='bbox 2214 3813 2361 3878; x_wconf 87' lang='lat' dir='ltr'>diva</span> <span class='ocrx_word' id='word_1_321' title='bbox 2430 3814 2734 3879; x_wconf 78' lang='lat' dir='ltr'>Nemesis,</span> 
     </span>
     <span class='ocr_line' id='line_1_41' title="bbox 473 3898 2736 3980; baseline 0 -17"><span class='ocrx_word' id='word_1_322' title='bbox 473 3900 644 3963; x_wconf 90' lang='lat' dir='ltr'>Bene</span> <span class='ocrx_word' id='word_1_323' title='bbox 692 3900 904 3964; x_wconf 88' lang='lat' dir='ltr'>valeas</span> <span class='ocrx_word' id='word_1_324' title='bbox 951 3904 1015 3963; x_wconf 90' lang='lat' dir='ltr'>et</span> <span class='ocrx_word' id='word_1_325' title='bbox 1060 3922 1096 3962; x_wconf 89' lang='lat' dir='ltr'>a</span> <span class='ocrx_word' id='word_1_326' title='bbox 1142 3899 1263 3964; x_wconf 84' lang='lat' dir='ltr'>fori</span> <span class='ocrx_word' id='word_1_327' title='bbox 1307 3900 1557 3963; x_wconf 88' lang='lat' dir='ltr'>artibus</span> <span class='ocrx_word' id='word_1_328' title='bbox 1589 3899 1995 3980; x_wconf 89' lang='lat' dir='ltr'>probitatem,</span> <span class='ocrx_word' id='word_1_329' title='bbox 2028 3899 2110 3962; x_wconf 92' lang='lat' dir='ltr'>ab</span> <span class='ocrx_word' id='word_1_330' title='bbox 2145 3898 2467 3963; x_wconf 85' lang='lat' dir='ltr'>illiteratis</span> <span class='ocrx_word' id='word_1_331' title='bbox 2498 3900 2736 3964; x_wconf 86' lang='lat' dir='ltr'>tabulis</span> 
     </span>
     <span class='ocr_line' id='line_1_42' title="bbox 472 3984 2737 4067; baseline 0 -18"><span class='ocrx_word' id='word_1_332' title='bbox 472 3985 736 4049; x_wconf 89' lang='lat' dir='ltr'>latinam</span> <span class='ocrx_word' id='word_1_333' title='bbox 807 3986 1190 4067; x_wconf 89' lang='lat' dir='ltr'>elegantiam</span> <span class='ocrx_word' id='word_1_334' title='bbox 1259 4007 1411 4049; x_wconf 90' lang='lat' dir='ltr'>cave</span> <span class='ocrx_word' id='word_1_335' title='bbox 1481 3984 1798 4065; x_wconf 82' lang='lat' dir='ltr'>sejungas.</span> <span class='ocrx_word' id='word_1_336' title='bbox 1910 3984 1983 4047; x_wconf 91' lang='lat' dir='ltr'>Id</span> <span class='ocrx_word' id='word_1_337' title='bbox 2028 3986 2243 4066; x_wconf 91' lang='lat' dir='ltr'>·ipsum</span> <span class='ocrx_word' id='word_1_338' title='bbox 2298 3984 2381 4049; x_wconf 90' lang='lat' dir='ltr'>ad</span> <span class='ocrx_word' id='word_1_339' title='bbox 2438 3986 2737 4049; x_wconf 83' lang='lat' dir='ltr'>instituta</span> 
     </span>
     <span class='ocr_line' id='line_1_43' title="bbox 475 4070 2733 4151; baseline -0 -17"><span class='ocrx_word' id='word_1_340' title='bbox 475 4072 624 4135; x_wconf 92' lang='lat' dir='ltr'>boni</span> <span class='ocrx_word' id='word_1_341' title='bbox 693 4072 830 4149; x_wconf 90' lang='lat' dir='ltr'>viri,</span> <span class='ocrx_word' id='word_1_342' title='bbox 899 4072 1052 4135; x_wconf 90' lang='lat' dir='ltr'>boni</span> <span class='ocrx_word' id='word_1_343' title='bbox 1125 4071 1369 4133; x_wconf 85' lang='lat' dir='ltr'>scribae</span> <span class='ocrx_word' id='word_1_344' title='bbox 1438 4070 1732 4151; x_wconf 89' lang='lat' dir='ltr'>pertinet.</span> <span class='ocrx_word' id='word_1_345' title='bbox 1824 4070 2169 4133; x_wconf 87' lang='lat' dir='ltr'>Facturum</span> <span class='ocrx_word' id='word_1_346' title='bbox 2235 4071 2388 4133; x_wconf 77' lang='lat' dir='ltr'>scio,</span> <span class='ocrx_word' id='word_1_347' title='bbox 2480 4071 2627 4135; x_wconf 91' lang='lat' dir='ltr'>Ideo</span> <span class='ocrx_word' id='word_1_348' title='bbox 2671 4073 2733 4135; x_wconf 91' lang='lat' dir='ltr'>te</span> 
     </span>
    </p>
   </div>
   <div class='ocr_carea' id='block_1_3' title="bbox 470 4208 883 4219">
    <p class='ocr_par' dir='ltr' id='par_1_3' title="bbox 470 4208 883 4219">
     <span class='ocr_line' id='line_1_44' title="bbox 470 4208 883 4219; baseline 0 676"><span class='ocrx_word' id='word_1_349' title='bbox 470 4208 883 4219; x_wconf 95' lang='lat' dir='ltr'> </span> 
     </span>
    </p>
   </div>
   <div class='ocr_carea' id='block_1_4' title="bbox 471 4268 2734 4475">
    <p class='ocr_par' dir='ltr' id='par_1_4' title="bbox 471 4268 2734 4475">
     <span class='ocr_line' id='line_1_45' title="bbox 608 4268 2530 4337; baseline -0.022 17.216"><span class='ocrx_word' id='word_1_350' title='bbox 608 4271 788 4324; x_wconf 64' lang='lat' dir='ltr'>“Istis</span> <span class='ocrx_word' id='word_1_351' title='bbox 823 4287 903 4325; x_wconf 72' lang='lat'>¹²0·</span> <span class='ocrx_word' id='word_1_352' title='bbox 1045 4276 1073 4313; x_wconf 76' lang='lat'>¹³</span> <span class='ocrx_word' id='word_1_353' title='bbox 1104 4287 1263 4337; x_wconf 83' lang='lat' dir='ltr'>p10p1</span> <span class='ocrx_word' id='word_1_354' title='bbox 1265 4286 1329 4323; x_wconf 88' lang='lat' dir='ltr'>us</span> <span class='ocrx_word' id='word_1_355' title='bbox 1366 4286 1446 4324; x_wconf 89' lang='lat' dir='ltr'>ne.</span> <span class='ocrx_word' id='word_1_356' title='bbox 1590 4269 2189 4335; x_wconf 62' lang='lat' dir='ltr'>car-bit1e13verbessert</span> <span class='ocrx_word' id='word_1_357' title='bbox 2224 4269 2288 4321; x_wconf 77' lang='lat' dir='ltr'>in</span> <span class='ocrx_word' id='word_1_358' title='bbox 2322 4268 2530 4323; x_wconf 78' lang='lat' dir='ltr'>arbiter</span> 
     </span>
     <span class='ocr_line' id='line_1_46' title="bbox 471 4285 2734 4475; baseline -0.015 -51"><span class='ocrx_word' id='word_1_359' title='bbox 471 4339 976 4475; x_wconf 60' lang='lat' dir='ltr'>AnfangBezoehung</span> <span class='ocrx_word' id='word_1_360' title='bbox 1024 4341 1117 4391; x_wconf 69' lang='lat' dir='ltr'>auf</span> <span class='ocrx_word' id='word_1_361' title='bbox 1149 4355 1302 4390; x_wconf 75' lang='lat' dir='ltr'>einen</span> <span class='ocrx_word' id='word_1_362' title='bbox 1353 4354 1456 4391; x_wconf 84' lang='lat' dir='ltr'>von</span> <span class='ocrx_word' id='word_1_363' title='bbox 1506 4285 1802 4407; x_wconf 68' lang='lat' dir='ltr'>Caicnpegus</span> <span class='ocrx_word' id='word_1_364' title='bbox 1853 4338 2226 4405; x_wconf 86' lang='lat' dir='ltr'>empfangenen</span> <span class='ocrx_word' id='word_1_365' title='bbox 2280 4336 2438 4390; x_wconf 87' lang='lat' dir='ltr'>Brief.</span> <span class='ocrx_word' id='word_1_366' title='bbox 2512 4338 2598 4391; x_wconf 91' lang='lat' dir='ltr'>Br.</span> <span class='ocrx_word' id='word_1_367' title='bbox 2633 4336 2734 4389; x_wconf 82' lang='lat'>412</span> 
     </span>
    </p>
   </div>
   <div class='ocr_carea' id='block_1_5' title="bbox 2992 0 2994 600">
    <p class='ocr_par' dir='ltr' id='par_1_5' title="bbox 2992 0 2994 600">
     <span class='ocr_line' id='line_1_47' title="bbox 2992 0 2994 600; baseline 0 0"><span class='ocrx_word' id='word_1_368' title='bbox 2992 0 2994 600; x_wconf 95' lang='lat' dir='ltr'> </span> 
     </span>
    </p>
   </div>
  </div>
 </body>
</html>
