3084 4895
1218 404 1429 460 Mutian
1463 422 1533 458 an
1566 404 1766 461 Urban,
2486 400 2610 464 297

369 580 577 645 adhuc
640 580 940 663 profanus
1008 574 1244 661 templa
1308 577 1581 655 salutat,
1650 599 1773 640 non
1846 579 2181 639 contentus
2249 575 2416 638 domi
2482 598 2608 640 rem

372 688 616 731 sacram
676 665 916 729 fecisse.
1006 663 1232 728 Verum
1289 664 1478 728 nimis
1521 664 1725 727 multa
1771 662 1847 727 de
1890 662 2007 727 his.
2096 662 2329 725 Datum
2401 684 2611 727 mense

369 752 590 835 Aprili,
636 751 762 815 imo
807 750 996 833 Majo,
1043 751 1168 814 imo
1215 749 1433 833 Aprili,
1480 750 1607 813 imo
1654 748 1870 831 Majo.¹
1963 748 2314 829 Utrumque
2374 770 2606 813 verum.

375 840 572 903 Aliter
618 838 856 903 coelum
905 836 1099 901 habet
1143 858 1332 919 quam
1393 836 1837 899 calendarium.
1929 835 2043 898 Die
2087 836 2237 899 solis
2284 833 2609 899 hodierno,

368 1137 551 1192 Gotha.
1417 1118 1561 1183 240.
2204 1136 2401 1206 (Friihj.
2441 1135 2612 1205 1513.)

1122 1236 1412 1307 Mutian
1455 1258 1553 1307 an
1598 1236 1871 1308 Urban.

369 1365 395 1429 (
403 1360 531 1415 Wilc
573 1360 755 1415 Urban
789 1360 927 1413 heim
961 1360 1090 1413 Abte
1123 1358 1421 1427 empfehlen.
1505 1359 1687 1413 Urbem
1731 1360 1832 1413 soll
1863 1360 1927 1413 in
1961 1360 2206 1413 Matiane
2256 1360 2420 1414 Sacke
2466 1358 2613 1411 nicht

536 1436 775 1484 sciunwn.
853 1429 928 1483 ob
961 1447 1018 1483 er
1051 1446 1156 1483 zur
1190 1429 1355 1481 Messe
1383 1428 1540 1497 yeht?
1606 1428 1749 1482 Bitte
1781 1446 1879 1483 um
1911 1430 2440 1499 Bibckerbesoryuwy.)

1118 1536 1200 1587 H.
1236 1536 1490 1587 Urbano
1527 1537 1615 1587 M.
1652 1534 1875 1587 Rufus.

574 1638 638 1707 S,
728 1642 1040 1719 Quoniam
1086 1643 1324 1707 auxilio
1371 1643 1557 1707 nobis
1602 1664 1669 1705 es
1702 1646 1765 1706 et.
1793 1642 1992 1706 tueris
2023 1665 2097 1707 ac
2128 1666 2309 1708 curas
2341 1643 2609 1708 salutem

366 1752 442 1794 ac
501 1728 876 1810 dignitatem
952 1734 1252 1802 nostram,
1319 1731 1463 1794 volo
1519 1733 1583 1793 et
1644 1749 1781 1808 eg0,
1852 1734 2161 1812 quantum
2218 1732 2283 1794 in
2341 1753 2439 1793 me
2493 1733 2611 1805 est,

368 1838 739 1882 conservare
785 1819 965 1879 tuum
1013 1814 1474 1897 magistratum.
1568 1814 1853 1879 Scribam
1911 1815 1989 1878 ad
2044 1813 2444 1895 Duronium‚²
2502 1817 2611 1879 sed

369 1910 551 1966 caute
597 1906 660 1967 et
701 1903 1061 1984 prudenter,
1108 1923 1300 1983 quam
1343 1902 1519 1966 utilis
1564 1906 1637 1965 tu
1684 1901 1836 1965 mihi
1882 1902 1971 1965 sis
2016 1902 2360 1981 Erfordiae‚
2420 1924 2607 1985 quam

368 2011 550 2053 carus
618 1988 839 2053 aulicis
905 1988 1286 2071 primoribus
1353 1988 1826 2071 archiepiscopi.
1918 1988 2050 2069 Ego
2098 1994 2326 2055 natura
2369 1988 2612 2071 simpli-

367 2074 607 2139 cissimi
651 2074 925 2157 pectoris
973 2078 1036 2139 et
1079 2074 1339 2138 minime
1387 2076 1662 2152 dolosus,
1709 2075 1763 2138 si
1808 2076 1962 2157 quid
2007 2099 2127 2159 ago
2186 2076 2499 2154 solertius,
2545 2074 2609 2137 id

368 2165 576 2227 totum
609 2161 674 2223 in
706 2160 1051 2227 amicorum
1085 2183 1212 2225 rem
1245 2165 1508 2244 spectat,
1557 2162 1619 2225 in
1655 2162 1905 2244 propria
1935 2163 2123 2244 longe
2154 2186 2290 2227 sum
2325 2162 2612 2226 hebetior

369 2252 434 2313 et
486 2248 821 2312 remissior.
911 2247 1130 2330 Neque
1194 2247 1466 2313 scribam
1533 2249 1757 2325 solum,
1804 2248 1914 2312 sed
1960 2250 2185 2315 vadam
2234 2254 2297 2313 et
2339 2249 2608 2313 invisam

367 2335 795 2399 venerandum
864 2332 1254 2399 Bibantem.³
1360 2334 1485 2399 Fac
1555 2356 1653 2399 me
1725 2336 2072 2414 certiorem,
2136 2358 2261 2419 quo
2328 2341 2609 2417 tempore

369 2426 582 2504 patres
627 2421 868 2486 celebre
914 2422 1044 2486 sint
1087 2419 1368 2486 habituri
1401 2421 1783 2500 convivium,
1812 2434 1841 2463 ὃ
1884 2426 1948 2487 et
1979 2423 2133 2505 quid
2164 2424 2423 2498 sentias
2455 2444 2607 2486 num

367 2509 696 2573 adeundus
742 2513 898 2573 tunc
941 2509 1027 2573 sit
1069 2531 1149 2573 an
1195 2508 1370 2573 aliae.
1459 2509 1531 2572 In
1566 2509 1821 2592 negotio
1866 2532 2006 2574 meo
2052 2533 2179 2574 non
2229 2531 2374 2591 eges
2403 2509 2609 2574 moni-

367 2601 520 2659 tore.
617 2594 708 2658 Ad
754 2593 1104 2660 nundinas*
1170 2593 1403 2659 iturum
1450 2600 1514 2659 te
1577 2596 1782 2670 cred0‚
1847 2596 1979 2660 sive
2027 2597 2321 2661 dederint
2386 2595 2605 2660 vicarii

367 2682 499 2746 sive
546 2703 672 2745 non
720 2681 1006 2745 dederint
1052 2681 1398 2762 pecuniam.
1489 2681 1651 2746 Nam
1698 2685 1771 2746 ut
1816 2681 1973 2746 nihil
2018 2705 2055 2746 a
2100 2687 2165 2748 te
2210 2686 2375 2765 pet0‚
2439 2683 2609 2763 quod

367 2766 783 2832 facultatibus
849 2769 979 2832 tuis
1046 2769 1418 2832 damnosum
1482 2791 1617 2832 esse
1684 2769 1991 2848 videatur,
2059 2770 2169 2848 ita,
2230 2771 2284 2834 si
2343 2769 2497 2852 quid
2541 2770 2605 2833 in

365 2877 493 2918 rem
523 2875 723 2918 meam
750 2853 826 2917 de
852 2859 962 2919 tuo
987 2854 1360 2935 erogaveriS,
1385 2855 1722 2919 resarciam
1754 2856 1831 2919 ad
1859 2855 2144 2921 infimum
2169 2857 2605 2939 quadrantem.

368 2939 800 3005 Ambrosium⁵
847 2944 912 3004 et
954 2940 1410 3025 Nepotianum⁶
1456 2963 1677 3005 sereno
1722 2942 1894 3006 coelo
1940 2964 2078 3007 cum
2122 2943 2299 3007 libris
2330 2943 2603 3006 emittas

365 3026 471 3090 Dii
502 3031 566 3090 te
597 3031 829 3091 ament.
907 3026 1058 3092 Vale
1103 3027 1208 3090 diu
1241 3031 1303 3091 et
1335 3027 1490 3093 felix
1523 3032 1587 3092 et
1621 3049 1735 3106 me,
1768 3031 1840 3092 ut
1872 3029 2057 3108 soles,
2102 3051 2262 3093 ama.
2339 3027 2605 3094 Gothae.

673 3127 794 3180 Cod.
831 3127 963 3180 Frcf.
1001 3127 1116 3181 272.

369 3329 602 3400 (Gotha.)
1405 3317 1549 3382 241.
2197 3335 2394 3405 (Friihj.
2426 3321 2606 3398 1513.)

1115 3435 1403 3506 Mutian
1447 3458 1545 3506 an
1588 3435 1862 3508 Urban.

363 3554 581 3620 (Urbem
613 3556 712 3607 soll
745 3556 862 3608 dem
892 3555 1067 3609 Janus
1100 3557 1198 3610 das
1232 3558 1442 3611 Brindel
1472 3559 1744 3612 schechem.—
1797 3559 1869 3611 Μ.
1904 3560 1998 3612 hat
2034 3560 2136 3613 mit
2183 3561 2459 3613 Duronius
2503 3579 2608 3614 zur

361 3622 753 3690 Zufriedenheit
767 3625 1094 3692 gesprochen.
1151 3626 1319 3694 Geyen
1335 3626 1420 3679 die
1445 3627 1869 3696 Splitterrichtem
1891 3629 1988 3682 wic
2004 3647 2057 3682 es
2075 3629 2160 3682 die
2178 3629 2429 3683 Lotianer
2444 3630 2606 3698 siml.)

1111 3734 1193 3783 Η.
1228 3733 1483 3784 Urbano
1518 3735 1607 3786 M.
1642 3734 1861 3788 Rufus.

569 3829 630 3895 S.
723 3830 924 3896 Multa
992 3833 1354 3916 scribenda3
1429 3840 1704 3899 ceterum
1779 3838 2035 3900 minime
2103 3843 2286 3902 vacat
2354 3843 2606 3921 propter

361 3917 813 3999 occupationes
853 3918 981 4000 jain
1029 3919 1304 3984 obortas.
1397 3920 1669 3986 Tantum
1719 3946 1755 3986 a
1799 3929 1880 4002 te,
1930 3925 2012 3986 mi
2061 3925 2383 3988 carissime
2429 3929 2604 4005 pater

497 4117 525 4145 a
552 4102 812 4170 convinm,
848 4104 1076 4157 dariiber
1108 4105 1396 4158 verbessert.

501 4171 519 4202 ¹
557 4171 818 4225 Ahnliche
854 4172 1078 4226 Scherze
1113 4175 1256 4227 oster.
1328 4175 1572 4228 Gemeint
1605 4176 1676 4229 ist
1710 4177 1801 4228 der
1836 4176 1956 4238 Mai,
1996 4177 2087 4228 der
2122 4176 2457 4244 Aprilwetter
2490 4177 2597 4232 hat.

362 4243 382 4273 ²
415 4239 524 4292 Der
573 4239 692 4294 Abt.
747 4240 796 4296 S.
837 4242 936 4295 108
970 4246 1032 4295 A.
1074 4244 1118 4294 1.
1161 4275 1168 4282 ·
1261 4245 1282 4276 ³
1314 4244 1430 4296 Den
1484 4245 1603 4298 Abt.
1675 4245 1877 4298 Ebenso
1912 4244 1998 4297 ΒΓ.
2038 4245 2151 4298 254.
2190 4246 2305 4300 261.
2446 4247 2467 4278 ⁴
2502 4247 2605 4299 Zur

361 4308 746 4377 Naumburger,
789 4310 889 4363 wie
925 4311 981 4363 in
1014 4311 1225 4364 Briefen
1262 4329 1357 4366 aus
1392 4314 1508 4368 Anf.
1546 4314 1580 4366 J
1582 4313 1674 4365 uni
1710 4315 1945 4366 erwahnt
1978 4315 2136 4378 wird3
2189 4315 2265 4368 sie
2312 4316 2432 4366 fand
2478 4317 2605 4368 statt

357 4377 660 4501 {eteg3und
695 4377 829 4433 Paul
867 4379 970 4448 (29.
1007 4381 1169 4449 Juni).
1311 4383 1334 4414 ⁶
1366 4381 1483 4451 Vgl.
1523 4381 1573 4438 S.
1612 4382 1712 4436 263
1750 4385 1810 4438 A.
1850 4383 1895 4436 2.
2034 4384 2055 4415 ⁶
2075 4383 2191 4452 Vgl.
2230 4383 2279 4438 S.
2319 4383 2415 4437 201
2453 4385 2514 4439 A.
2553 4386 2599 4441 7.

403 4463 442 4499 r.
551 4462 598 4501 ο.
