3084 4895
464 417 586 495 12'6
1225 430 1396 484 Briefe
1421 430 1533 484 von
1573 413 1925 486 1508-1509.

462 607 742 671 illicium.
834 605 1036 681 Quare
1081 627 1406 687 percurras
1452 606 1793 670 Proverbia
1836 607 2080 671 Erasmi
2113 613 2177 670 et.
2208 609 2412 672 dicas:
2470 603 2699 683 „Audi-

459 700 651 770 toreS,
706 692 797 754 sic
852 691 1084 772 legitur
1143 693 1206 754 in
1267 693 1451 756 Italia
1483 692 1510 722 “
1614 693 1970 775 Philippus¹
2023 696 2183 758 enim
2232 696 2449 758 crebro
2496 699 2701 780 coepit

425 802 499 846 ⁴a
546 779 734 841 verbo
781 779 951 854 trito,
1001 779 1224 842 deinde
1271 779 1595 842 descendit
1639 781 1715 842 ad
1752 782 2100 844 lectionem.
2192 781 2537 864 Postquam
2574 782 2699 846 far-

461 867 740 946 raginem
804 864 1194 946 pontificiam
1249 867 1630 929 auctoritate
1685 867 1989 948 Gregarii‚
2046 868 2186 931 hem
2236 867 2547 950 Gregorii²
2593 871 2698 932 fir-

463 958 700 1016 matam
757 973 883 1014 una
941 972 1078 1013 cum
1138 951 1427 1015 Platinae
1485 952 1767 1015 historiis
1826 953 1905 1016 ad
1966 961 2192 1017 metam
2258 957 2695 1036 praestitutam

465 1038 846 1120 perduxeris,
904 1037 1170 1099 scribam
1228 1038 1366 1100 alia.
1476 1038 1687 1101 Habes
1752 1041 2079 1112 rationem,
2150 1062 2310 1120 quae
2369 1041 2490 1103 fuit
2547 1042 2699 1104 mihi

463 1129 684 1188 auctor
717 1123 1030 1186 scribendi
1064 1129 1122 1186 et
1159 1124 1647 1205 praejudicandi.
1712 1125 1875 1188 Vale.
1938 1126 2086 1201 Noe,
2130 1127 2295 1206 quod
2332 1126 2505 1202 facie,
2538 1150 2695 1191 ama.

766 1225 886 1278 Cod.
925 1224 1054 1278 Frcf.
1096 1227 1207 1279 117.

462 1418 689 1488 (Gotha.)
1164 1439 1168 1442 -
1507 1399 1645 1462 105.
2046 1415 2201 1483 (nach
2238 1416 2317 1470 28.
2356 1417 2488 1470 Nov.
2530 1416 2697 1482 1508.)

1142 1525 1429 1595 Mutian
1474 1547 1568 1594 an
1618 1527 2015 1596 Herbord.³

461 1661 486 1725 (
495 1645 861 1724 &ber-sendum
895 1656 1036 1708 eines
1071 1657 1274 1724 Briefes
1297 1657 1630 1724 Pfeffinqer3‚
1666 1658 1755 1709 der
1777 1659 1891 1710 sich
1915 1659 2041 1710 iiber
2067 1659 2315 1726 Spalatin
2340 1659 2702 1712 ancrlcemwnd

461 1726 765 1794 ausspricht
789 1727 915 1778 und'
935 1726 1087 1778 einen
1130 1727 1300 1779 Grues
1335 1728 1421 1778 des
1455 1727 1781 1792 Kurfic'rsteoz
1806 1745 1879 1779 an
1905 1727 2121 1779 Mutian
2144 1728 2344 1787 beatem,
2381 1728 2535 1780 sowie
2558 1729 2699 1780 eines

461 1797 694 1850 anderen
721 1795 926 1864 {leheim
959 1812 1032 1847 zu
1067 1796 1352 1848 haltmvdcn.
1425 1795 1779 1863 Erma-hmmy
1814 1813 1943 1848 xum
1977 1796 2201 1848 Frieden
2233 1797 2334 1848 mit
2362 1797 2560 1856 Orotus,
2596 1815 2700 1849 xur

540 1865 846 1932 Absassuny
882 1865 1225 1917 ordentloe'cker
1260 1864 1805 2000 Bmfagr‘ffissgssjnd
1836 1882 1967 1917 xum
2002 1866 2348 1932 Meerpieren
2383 1867 2444 1918 in
2478 1867 2620 1918 secks

1477 1951 1516 1986 u
1699 1975 1708 1985 .

450 2014 822 2100 ‘Herebordo
871 2048 1214 2108 margarito
1253 2048 1633 2108 jurisperite,
1679 2050 1912 2098 latinae
1959 2049 2303 2110 elegantiae
2332 2060 2359 2087 a
2406 2049 2699 2108 studiose,

1219 2136 1415 2185 amico
1451 2136 1574 2186 fido
1609 2137 1698 2186 Μ.
1733 2136 1951 2186 Rufus.

665 2246 728 2310 S.
821 2246 1055 2323 Quarto
1104 2247 1412 2312 Calendas
1457 2249 1837 2323 Decembris,
1886 2249 2029 2311 dum
2079 2253 2357 2310 oratores
2405 2247 2697 2310 Friderici

462 2335 874 2415 praeterirent
930 2335 1190 2415 petituri
1247 2341 1624 2399 conventum
1686 2335 1972 2399 Caesaris
2033 2336 2237 2398 edicto
2294 2333 2700 2397 Guormatiae

460 2418 954 2500 celebrandum,'‘
1017 2421 1297 2485 redditur
1363 2422 1513 2485 mihi
1560 2423 1641 2486 ab
1687 2423 1897 2505 equite
1965 2421 2233 2503 quodam
2299 2419 2453 2483 haec
2516 2419 2702 2501 plena

459 2508 877 2571 humanitatis
937 2508 1205 2592 epistola
1260 2508 1673 2591 Pfeffingeri,⁵
1729 2510 1878 2573 clari
1926 2507 2197 2571 hominis
2242 2511 2305 2571 et,
2350 2507 2530 2588 primi
2579 2506 2700 2568 loci

460 2595 624 2657 inter
668 2600 962 2676 potentes
1007 2593 1264 2659 aulicos,
1359 2596 1507 2658 Eam
1555 2595 1674 2658 tibi
1714 2596 2058 2677 jucundam
2107 2594 2236 2657 fore
2280 2614 2405 2655 non
2455 2593 2723 2670 dubito„

464 2702 658 2763 quum
707 2678 1021 2762 Spalatini
1067 2682 1385 2764 processui
1432 2682 1644 2745 faveas
1691 2691 1753 2745 et
1801 2683 2031 2764 pariter
2077 2680 2296 2743 honori
2333 2700 2489 2742 mee.
2537 2676 2693 2741 Nam

460 2766 774 2849 praeclare
825 2773 1064 2849 >agetur
1123 2789 1261 2831 cum
1324 2769 1547 2835 amico,
1616 2770 1715 2831 cui
1778 2768 2116 2849 Pfeffinger
2168 2767 2315 2829 talis
2360 2788 2434 2827 ac
2479 2768 2699 2828 tantus

460 2853 760 2916 studebit.
853 2854 933 2917 Et,
985 2855 1266 2937 profecto
1330 2855 1731 2936 magnificum
1794 2860 1890 2918 est
1934 2877 2030 2917 me
2079 2855 2389 2934 privat-um
2422 2853 2449 2891 *³
2494 2856 2557 2914 et
2602 2852 2697 2913 in-

461 2939 664 3001 doctis
709 2942 1142 3004 sacerdotibus
1189 2943 1457 3004 invisum
1507 2965 1542 3003 a
1578 2941 1854 3022 principe
1887 2941 2161 3003 maximo
2194 2939 2473 3001 salutari.
2537 2937 2697 2999 Nolo

465 3025 766 3100 dimittas,
815 3028 919 3089 sed
971 3029 1272 3098 remittas,
1321 3033 1577 3090 ostensa
1624 3029 1795 3107 prius
1842 3028 1957 3089 hac
1990 3031 2169 3105 grata
2204 3027 2485 3088 novitate
2519 3046 2641 3088 non
2673 3034 2696 3061 ⁶

461 3111 600 3173 dico
649 3114 808 3193 patri
843 3119 974 3191 tuo,
1009 3116 1118 3196 qui
1164 3114 1424 3177 immitis
1456 3120 1552 3177 est
1585 3120 1645 3175 et
1679 3136 1836 3189 acer,
1884 3114 1999 3175 etsi
2048 3112 2334 3174 sublimis
2380 3117 2442 3173 et
2487 3110 2696 3191 splen-

463 3197 667 3275 didus,
715 3201 819 3262 sed
851 3212 874 3238 0
935 3201 1096 3281 patri
1143 3206 1356 3263 nost-ro
1405 3202 1819 3262 communiter
1866 3198 2257 3263 observando
2304 3202 2523 3259 sancto
2572 3196 2695 3258 Sil-

461 3307 642 3348 vano.
765 3286 1068 3349 Addimus
1145 3287 1472 3369 epistolam
1550 3287 1979 3367 superioribus
2055 3285 2275 3346 diebus
2350 3289 2694 3363 acceptam.

462 3371 634 3447 Quae
665 3372 726 3435 in
763 3396 834 3436 ea
867 3374 1180 3453 leguntur,
1227 3396 1306 3435 ne
1340 3373 1638 3454 proferas,
1670 3372 1699 3410 ‘¹
1787 3373 1941 3435 Nam
1982 3371 2183 3433 varias
2217 3371 2475 3451 capiunt
2504 3370 2697 3432 inter-

462 3460 867 3538 pretationes,
980 3459 1315 3522 Prudentis
1375 3464 1472 3522 est
1516 3481 1702 3522 nosse
1748 3458 1936 3521 fanda
1982 3462 2172 3538 atque
2220 3456 2491 3518 nefanda
2535 3455 2593 3517 h.
2642 3476 2692 3516 e.

366 3600 368 3603 ,
460 3544 683 3608 callere
751 3546 1014 3609 dicenda
1081 3546 1491 3625 tacendaque.
1606 3544 1740 3621 Quo
1810 3545 2007 3625 magis
2061 3544 2180 3606 tibi
2226 3542 2558 3624 praecipi0‚
2626 3546 2699 3603 ut

459 3652 643 3711 saepe
709 3632 1030 3712 pondereS‚
1088 3632 1237 3712 quid
1297 3639 1360 3694 et.
1405 3632 1512 3693 ubi
1563 3632 1855 3713 loquaris,
1948 3631 2123 3706 Quod
2156 3641 2179 3668 θ
2225 3630 2387 3710 apud
2438 3626 2693 3690 Crotum

461 3716 759 3793 effudisti,
817 3718 1316 3781 inconsideratae
1370 3718 1647 3780 levitatis
1708 3714 1891 3779 erat⁶
1989 3716 2129 3780 Non
2177 3716 2387 3778 decuit
2431 3715 2694 3777 inteme-

595 3933 622 3960 a
649 3919 926 3988 elegancie.
999 3924 1028 3961 b
1056 3920 1316 3987 privatim.
1365 3920 1594 3973 Camers
1632 3920 1910 3987 privatum.
1991 3950 2015 3977 c
2044 3935 2144 3971 non
2185 3963 2196 3974 .
2234 3962 2243 3974 .
2286 3961 2295 3971 .
2334 3920 2425 3973 sed
2459 3919 2582 3986 fehlt
2616 3918 2700 3970 bei

467 3986 669 4040 Gamer.
765 3994 794 4031 d
822 4006 920 4040 non
961 3990 1187 4055 proferes
1232 3990 1431 4041 Gamer.
1529 4004 1552 4031 θ
1582 3988 1730 4053 Quod
1769 4033 1778 4042 .
1818 4033 1827 4043 .
1874 4033 1883 4043 .
1924 3988 2179 4042 sententia
2212 3988 2336 4053 feldt
2370 3988 2453 4039 bez·
2494 3988 2694 4040 Camer.

605 4060 618 4088 ¹
657 4057 956 4111 Beroaldus,
996 4059 1092 4109 den
1133 4058 1330 4111 Mutian
1368 4059 1420 4109 in
1456 4059 1687 4127 Bologna
1722 4060 1879 4110 horte
1958 4058 2071 4125 Vgl.
2112 4074 2177 4108 zu
2214 4057 2297 4110 ΒΓ.
2337 4058 2449 4111 398.
2542 4060 2561 4089 ²
2595 4056 2697 4108 Be-

458 4124 617 4177 liebte
652 4127 803 4178 Fon-m
843 4127 1186 4192 anziiglichen
1223 4128 1487 4181 ScherzeS.
1569 4128 1673 4195 xgl.
1724 4130 1815 4179 das
1863 4127 2247 4194 absprechende
2301 4127 2465 4178 Urteil
2512 4128 2563 4177 in
2610 4126 2694 4179 ΒΓ.

461 4196 574 4247 636.
652 4198 672 4227 ³
706 4196 856 4247 Auch
897 4196 980 4248 bei
1018 4196 1274 4250 (lamet-ar.
1315 4197 1494 4249 Libell.
1537 4213 1651 4248 nov.
1691 4197 1733 4247 G
1775 4198 1857 4247 Ba
1891 4197 1987 4247 mit
2024 4196 2418 4263 Abki’uzungen.
2538 4200 2559 4227 4
2594 4196 2699 4247 Der

463 4264 746 4331 Reichstag
781 4282 882 4317 von
925 4266 986 4315 W
993 4281 1131 4317 orins
1166 4268 1268 4316 ‘crat
1302 4266 1372 4315 im
1411 4265 1515 4317 Mai
1557 4266 1686 4317 1509
1724 4282 2043 4326 zusammen,
2094 4265 2271 4315 wurde
2321 4267 2443 4317 aber
2481 4266 2696 4317 wieder-

459 4333 571 4385 holt
608 4335 785 4385 friiher
820 4334 1270 4397 ausgeschrieben.
1413 4338 1432 4365 ⁵
1467 4334 1516 4387 S.
1556 4336 1589 4384 4
1628 4338 1684 4386 A.
1725 4335 1769 4387 2.
1910 4336 1931 4365 ⁶
1970 4333 2199 4385 Herbord
2226 4334 2368 4385 hatte
2410 4336 2488 4386 bei
2514 4338 2697 4387 Crotus

465 4403 577 4454 sich
604 4404 732 4455 iiber
757 4403 955 4454 Mutian
983 4402 1515 4454 unfreundschaftlich
1544 4406 1823 4469 geaussert.
1851 4402 1964 4454 weil
1992 4420 2049 4453 er
2068 4402 2275 4467 glaubte
2300 4421 2399 4455 von
2421 4404 2528 4455 ihm
2552 4403 2697 4454 nicht

462 4472 868 4523 nachdriicklich
891 4489 1060 4539 genug·
1081 4487 1172 4533 zur
1196 4471 1597 4538 Georgenthaler
1615 4472 1772 4525 stelle
1795 4473 2086 4539 empfohlen
2116 4488 2182 4522 zu
2200 4473 2325 4526 sein.
2372 4475 2423 4525 S.
2450 4474 2543 4525 125
2565 4478 2625 4524 A.
2646 4474 2694 4524 4.
