3084 4895
467 388 594 453 256
1305 386 1483 441 Briefe
1518 384 1613 439 des
1644 382 1693 442 J.
1736 386 1883 442 1512.

463 660 698 731 (eotha.)
1519 643 1663 706 201.
2138 660 2257 729 (vor
2289 660 2339 715 8.
2376 660 2515 714 Nov.
2556 662 2735 731 1512.)

1209 768 1495 837 Mutian
1544 789 1641 837 an
1685 767 1963 838 Urban.

463 898 650 966 (Klaqe
683 898 810 949 iiber
843 896 928 949 die
976 895 1220 963 Unyunst
1253 894 1340 947 des
1383 896 1715 949 Geselzielces:
1752 896 2045 949 Biermosts
2086 897 2199 960 Τοά,
2237 896 2547 951 Musardus’
2584 896 2733 949 Aus-

463 968 669 1036 fluckte,
720 966 931 1018 Urbem-s
967 964 1396 1031 Naekldssaeyke‘et
1433 963 1513 1017 im
1550 964 1799 1031 Ankaufe
1831 966 1919 1017 des
1965 966 2157 1019 Cicero.
2230 966 2469 1017 Herbord
2489 966 2628 1017 Mitte
2650 966 2740 1018 bei

461 1036 769 1102 Ansetxuny
803 1034 971 1086 seinos
1009 1032 1332 1100 Ekrentaqes
1367 1032 1477 1099 auf
1499 1033 1600 1085 den
1635 1033 1921 1086 Neumond
1951 1034 2239 1087 Riteksieht
2282 1034 2506 1086 nahmen
2546 1035 2728 1087 sollm.

463 1104 822 1169 Ermalmuny
852 1118 957 1154 zur
990 1100 1504 1221 Nic'chternheiiffeeannlzl
1533 1101 1793 1223 Beispieledsbm
1820 1103 1913 1237 Jes
1955 1103 2279 1155 Oelconmnus
2313 1102 2593 1155 F'rwdrich
2626 1119 2731 1155 von

1413 1186 1432 1221 ι
1507 1186 1577 1223 ar
1736 1186 1816 1223 ‘nn

565 1284 749 1335 Claro
797 1283 1108 1343 sapientia
1143 1286 1208 1332 et
1243 1284 1620 1342 optimarum
1668 1285 1898 1335 artium
1947 1282 2171 1334 studiis
2216 1284 2294 1334 Η.
2343 1284 2622 1339 Urbano,

837 1369 1036 1418 amico
1070 1368 1195 1418 fido
1233 1372 1298 1418 et
1331 1380 1634 1427 perquam
1666 1368 1974 1420 benevolo
2009 1370 2094 1421 Μ’.
2132 1368 2355 1419 Rufus·

670 1478 734 1542 S.
827 1478 895 1542 Si
943 1479 1320 1560 cogitationi
1369 1481 1661 1561 votisque
1705 1478 1961 1544 fortuna
2014 1479 2457 1551 subscriberet,
2493 1476 2727 1541 Crotus

461 1565 585 1628 huc
644 1565 872 1627 nedum
939 1563 1310 1645 Spalatinus
1357 1565 1757 1645 demigraret.
1850 1566 1998 1628 Heri
2044 1588 2082 1627 a
2127 1565 2278 1628 salis
2324 1565 2486 1627 sacri
2519 1564 2725 1626 linctu

460 1650 661 1715 stanti
708 1650 772 1712 in
817 1649 1138 1712 orchestra
1187 1650 1339 1711 mihi
1383 1651 1659 1713 reddidit.
1691 1651 2024 1732 epistolam
2057 1656 2233 1713 tuam
2270 1650 2432 1727 2th
2464 1648 2665 1723 gebun.
2695 1660 2727 1687 ⁸

458 1735 722 1799 Arnoldi
768 1735 1052 1797 assecla·
1147 1735 1389 1798 Scribis
1436 1758 1677 1800 errasse
1714 1738 2019 1801 rusticum
2056 1742 2421 1833 emptorem.
2498 1733 2725 1797 Testes

456 1821 731 1885 advocas
775 1819 1208 1883 Herebordum
1256 1825 1321 1884 et
1373 1820 1715 1903 Petrejum.
1808 1821 2050 1884 Deinde
2110 1821 2316 1919 rejicis
2385 1819 2722 1899 epistolam

455 1902 767 1970 Musardi²
828 1910 1135 1987 tanquam
1206 1906 1563 1970 obscuram.
1656 1906 1791 1987 Ego
1838 1907 2052 1970 mirari
2120 1906 2354 1987 incipio
2428 1904 2721 1967 reflatum

454 1992 765 2055 fortunae
850 1990 1116 2054 Moritur
1162 1989 1606 2068 Biermostus‚³
1652 1997 1829 2056 tutor
1873 1991 2099 2055 salutis
2146 1995 2419 2054 nostrae.
2493 1990 2725 2052 Irridet

456 2098 554 2139 me
603 2076 936 2139 Musardus
983 2075 1262 2155 obliquis
1311 2077 1573 2140 cavillis,
1666 2076 1735 2140 Si
1782 2078 1951 2140 enim
1998 2077 2239 2139 sincere
2291 2076 2571 2151 doceret,
2623 2076 2722 2137 iu-

456 2163 696 2226 dicaret-
761 2182 990 2223 nomen
1062 2162 1251 2223 istius
1299 2162 1730 2239 ‚insidiatoria
1778 2168 1869 2239 ut,
1929 2163 2075 2225 dum
2143 2162 2411 2223 insidias
2476 2160 2721 2223 inimici

454 2251 734 2321 struunt,
800 2247 1199 2309 declinarem.
1293 2246 1512 2311 Cicero
1582 2247 2021 2311 circumfertur
2081 2253 2144 2310 et
2189 2252 2252 2309 te
2316 2252 2721 2327 procuratore

457 2354 584 2396 non
634 2330 1177 2413 deprehenditur.⁴
1264 2331 1359 2393 Ex
1409 2354 1535 2414 quo
1585 2335 1773 2396 datur
1833 2333 2105 2411 intelligi
2165 2334 2403 2394 instare
2461 2335 2720 2413 tempus

453 2423 829 2482 extremum.
923 2416 1304 2481 Convertam
1369 2418 1565 2499 igitur
1621 2440 1718 2482 me
1773 2424 1983 2482 totum
2030 2418 2109 2482 ad
2158 2416 2395 2480 Christi
2462 2416 2719 2480 decreta

449 2510 517 2568 et
562 2504 830 2586 abjectis
877 2503 1176 2566 omnibus
1228 2503 1395 2566 curis
1443 2505 1503 2567 in
1539 2505 1951 2586 simplicitate
1998 2503 2365 2585 evangelica
2411 2504 2718 2583 conquie-

449 2611 639 2654 scam.
731 2589 1003 2652 Proinde
1048 2588 1344 2668 religiosa
1391 2594 1603 2653 mente
1649 2612 1886 2672 precor,
1937 2591 2000 2653 id
2048 2589 2218 2673 quod
2267 2589 2562 2651 hesterna
2610 2588 2714 2651 die

454 2679 680 2740 sancta
747 2679 947 2737 mater
1013 2674 1278 2736 ecclesia
1337 2677 1649 2738 cantavit:
1726 2675 2184 2757 „Omnipotens
2240 2678 2305 2737 et
2356 2675 2717 2737 misericors

452 2761 628 2839 deuS,
675 2761 970 2824 universa
1002 2759 1186 2822 nobis
1218 2759 1623 2824 adversantia
1655 2762 2041 2843 propitiatus
2074 2760 2358 2838 exclude,
2393 2764 2467 2822 ut
2498 2767 2715 2823 mente

453 2851 516 2910 et
564 2866 820 2926 corpore
886 2847 1119 2926 pariter
1165 2845 1468 2926 expediti,
1515 2869 1679 2928 quae
1723 2853 1837 2910 tua
1883 2850 2054 2923 sunt,
2111 2844 2328 2908 liberis
2390 2845 2716 2908 mentibus

455 2929 938 3011 exsequamur.“
1034 2929 1438 2994 Herebordus
1484 2933 1547 2995 in
1592 2933 1951 3014 cooptando
1986 2933 2085 2995 die
2118 2931 2551 2995 coronationis
2582 2952 2708 2994 non

452 3016 744 3098 suspexit
787 3038 886 3078 res
935 3015 1204 3078 divinae.
1294 3017 1538 3080 Incidet
1583 3018 1648 3080 in
1695 3017 2115 3093 neomeniam,
2176 3017 2241 3079 in
2298 3015 2711 3098 Scorpionem

450 3108 516 3167 et
545 3102 914 3166 Saturnum.
1001 3101 1182 3164 Luna
1213 3101 1409 3164 silens
1445 3109 1631 3167 nocet
1665 3103 2036 3186 corporibus
2069 3108 2133 3166 et
2164 3103 2441 3184 ingeni0.
2519 3102 2713 3182 Vidit,

448 3189 602 3272 quid
669 3190 838 3250 esset
902 3187 965 3248 in
1034 3187 1192 3249 cella
1259 3188 1523 3265 vinaria,
1587 3190 1740 3270 quid
1810 3190 1874 3252 in
1942 3188 2257 3270 granario,
2320 3193 2385 3252 et
2428 3189 2710 3252 humana

446 3275 710 3356 negotia
741 3273 1078 3350 ordinavit,
1112 3293 1238 3335 non
1273 3278 1483 3338 tamen
1533 3296 1795 3356 superos
1842 3275 2161 3354 negligere
2208 3274 2447 3337 debuit.
2531 3273 2709 3354 Rogo

447 3364 522 3424 ut
565 3362 780 3422 castae
825 3359 958 3422 sint
1002 3379 1210 3421 cenae.
1303 3357 1623 3433 Quaedam
1676 3361 1973 3424 meretrix
2021 3360 2286 3423 intravit
2330 3359 2705 3422 coenobium

445 3443 956 3509 Reinhardiborn
990 3447 1056 3506 et
1087 3445 1412 3507 accusavit
1442 3465 1856 3509 oeconomum
1896 3445 2300 3508 Fridericum.
2309 3442 2330 3476 ⁸
2400 3443 2709 3508 Terribile

444 3530 823 3612 exemplum.
915 3529 1121 3592 Amici
1169 3551 1309 3592 cum
1356 3527 1617 3593 Urbano
1662 3528 1723 3593 h.
1760 3555 1810 3594 e.
1846 3531 2103 3594 homine
2150 3530 2365 3592 divino
2398 3536 2461 3594 et
2492 3552 2706 3595 sacro-

445 3622 670 3681 sancto
717 3617 966 3678 cenent.
1058 3616 1326 3677 Domum
1377 3621 1551 3678 tuam
1602 3617 1782 3680 decet
1829 3615 2195 3680 sanctitudo
2240 3619 2372 3694 tua,
2430 3617 2703 3680 domine.

437 3702 585 3766 Vale
629 3699 800 3764 felix.

742 3817 865 3870 Ood.
901 3815 1032 3870 Frcf.
1072 3815 1186 3871 253.

571 4051 600 4080 a
626 4039 844 4105 uschog,
881 4037 1008 4089 doeh
1044 4037 1117 4089 ist
1153 4037 1243 4089 der
1277 4041 1408 4090 ers-te
1443 4037 1739 4090 Ruehstabe
1772 4038 2184 4092 deco-‘ehstmehm

581 4107 596 4138 ¹
632 4106 844 4159 Knecht
890 4108 982 4158 des
1019 4107 1372 4159 Gothaischen
1412 4107 1595 4159 Scriba
1631 4109 1841 4160 Axmnold
1883 4109 1933 4159 V
1934 4110 2003 4175 g.l
2042 4109 2091 4161 S.
2131 4109 2231 4162 228
2268 4111 2327 4162 Α.
2355 4110 2400 4160 7.
2476 4108 2495 4138 ²
2534 4105 2697 4158 wohl

435 4173 529 4228 der
563 4161 636 4226 im
673 4175 792 4228 Anf.
831 4177 924 4227 des
964 4191 1070 4226 vor.
1109 4175 1194 4226 ΒΓ.
1243 4176 1522 4237 erwahnte,
1573 4177 1703 4227 iiber
1749 4177 1985 4228 welcheu
2038 4177 2241 4230 Mutian
2296 4177 2457 4228 sehon
2512 4175 2698 4226 fiiihor

435 4245 518 4295 ein
555 4243 730 4296 Urteil
765 4244 976 4296 Uibans
1013 4247 1301 4296 e1·w·a1tete.
1425 4246 1446 4276 ³
1479 4245 1528 4296 S.
1570 4246 1670 4296 254
1708 4249 1765 4298 A.
1805 4246 1852 4298 4.
1984 4248 2004 4276 ⁴
2038 4245 2087 4298 S.
2128 4247 2229 4299 240
2265 4245 2567 4311 A.6.V.g1
2608 4245 2701 4296 die

433 4311 811 4364 wiederholten
847 4311 1024 4363 Bitten
1062 4313 1114 4363 in
1152 4313 1238 4366 ΒΓ.
1281 4314 1392 4366 195.
1436 4313 1549 4364 198.
1678 4313 1782 4366 ‘'S.
1822 4315 1888 4364 33
1926 4315 1991 4366 A.
2028 4315 2075 4365 3.
2604 4356 2645 4370 ,-
