<?xml version="1.0" encoding="UTF-8"?>
<!DOCTYPE html PUBLIC "-//W3C//DTD XHTML 1.0 Transitional//EN"
    "http://www.w3.org/TR/xhtml1/DTD/xhtml1-transitional.dtd">
<html xmlns="http://www.w3.org/1999/xhtml" xml:lang="en" lang="en">
 <head>
  <title>
</title>
<meta http-equiv="Content-Type" content="text/html;charset=utf-8" />
  <meta name='ocr-system' content='tesseract 3.04.00' />
  <meta name='ocr-capabilities' content='ocr_page ocr_carea ocr_par ocr_line ocrx_word'/>
</head>
<body>
  <div class='ocr_page' id='page_1' title='image "./derbriefwechsel02kraugoog_0173.png"; bbox 0 0 3084 4895; ppageno 0'>
   <div class='ocr_carea' id='block_1_1' title="bbox 999 363 2686 432">
    <p class='ocr_par' dir='ltr' id='par_1_1' title="bbox 999 363 2686 432">
     <span class='ocr_line' id='line_1_1' title="bbox 999 363 2686 432; baseline 0.002 -16"><span class='ocrx_word' id='word_1_1' title='bbox 999 363 1158 416; x_wconf 88' lang='lat' dir='ltr'>Rufin</span> <span class='ocrx_word' id='word_1_2' title='bbox 1193 379 1260 416; x_wconf 84' lang='lat' dir='ltr'>an</span> <span class='ocrx_word' id='word_1_3' title='bbox 1301 363 1497 419; x_wconf 82' lang='lat' dir='ltr'>Urban.</span> <span class='ocrx_word' id='word_1_4' title='bbox 1572 365 1784 420; x_wconf 59' lang='grc' dir='ltr'>Μηδίου</span> <span class='ocrx_word' id='word_1_5' title='bbox 1818 382 1887 418; x_wconf 87' lang='lat' dir='ltr'>au</span> <span class='ocrx_word' id='word_1_6' title='bbox 1926 365 2122 418; x_wconf 84' lang='lat' dir='ltr'>Urban.</span> <span class='ocrx_word' id='word_1_7' title='bbox 2602 368 2686 432; x_wconf 82' lang='grc'>87</span> 
     </span>
    </p>
   </div>
   <div class='ocr_carea' id='block_1_2' title="bbox 435 539 2695 1041">
    <p class='ocr_par' dir='ltr' id='par_1_2' title="bbox 435 539 2695 950">
     <span class='ocr_line' id='line_1_2' title="bbox 443 539 2693 620; baseline -0.001 -16"><span class='ocrx_word' id='word_1_8' title='bbox 443 543 504 604; x_wconf 89' lang='lat' dir='ltr'>in</span> <span class='ocrx_word' id='word_1_9' title='bbox 553 539 728 604; x_wconf 89' lang='lat' dir='ltr'>omni</span> <span class='ocrx_word' id='word_1_10' title='bbox 777 540 910 602; x_wconf 88' lang='lat' dir='ltr'>vita</span> <span class='ocrx_word' id='word_1_11' title='bbox 957 561 1280 620; x_wconf 86' lang='lat' dir='ltr'>nunquam</span> <span class='ocrx_word' id='word_1_12' title='bbox 1313 552 1340 580; x_wconf 67' lang='lat'>⁸</span> <span class='ocrx_word' id='word_1_13' title='bbox 1385 539 1476 602; x_wconf 83' lang='lat' dir='ltr'>ita</span> <span class='ocrx_word' id='word_1_14' title='bbox 1519 540 1843 614; x_wconf 79' lang='lat' dir='ltr'>fluctuavi,</span> <span class='ocrx_word' id='word_1_15' title='bbox 1876 545 1945 602; x_wconf 90' lang='lat' dir='ltr'>ut</span> <span class='ocrx_word' id='word_1_16' title='bbox 1978 562 2149 606; x_wconf 87' lang='lat' dir='ltr'>nunc</span> <span class='ocrx_word' id='word_1_17' title='bbox 2194 543 2449 606; x_wconf 80' lang='lat' dir='ltr'>fluctuo,</span> <span class='ocrx_word' id='word_1_18' title='bbox 2530 539 2693 618; x_wconf 88' lang='lat' dir='ltr'><strong>Quid</strong></span> 
     </span>
     <span class='ocr_line' id='line_1_3' title="bbox 437 625 2693 710; baseline 0 -20"><span class='ocrx_word' id='word_1_19' title='bbox 437 649 637 690; x_wconf 89' lang='lat' dir='ltr'>emam</span> <span class='ocrx_word' id='word_1_20' title='bbox 703 627 933 702; x_wconf 88' lang='lat' dir='ltr'>nescio,</span> <span class='ocrx_word' id='word_1_21' title='bbox 981 649 1060 688; x_wconf 88' lang='lat' dir='ltr'>an</span> <span class='ocrx_word' id='word_1_22' title='bbox 1111 626 1328 702; x_wconf 83' lang='lat' dir='ltr'>libros,</span> <span class='ocrx_word' id='word_1_23' title='bbox 1383 649 1464 688; x_wconf 90' lang='lat' dir='ltr'>an</span> <span class='ocrx_word' id='word_1_24' title='bbox 1521 625 1763 689; x_wconf 81' lang='lat' dir='ltr'>reditus</span> <span class='ocrx_word' id='word_1_25' title='bbox 1817 645 2095 706; x_wconf 85' lang='lat' dir='ltr'>annuos;</span> <span class='ocrx_word' id='word_1_26' title='bbox 2154 651 2234 691; x_wconf 88' lang='lat' dir='ltr'>an</span> <span class='ocrx_word' id='word_1_27' title='bbox 2298 627 2693 710; x_wconf 84' lang='lat' dir='ltr'>migrandum</span> 
     </span>
     <span class='ocr_line' id='line_1_4' title="bbox 435 710 2691 795; baseline -0.001 -19"><span class='ocrx_word' id='word_1_28' title='bbox 435 714 522 776; x_wconf 86' lang='lat' dir='ltr'>sit</span> <span class='ocrx_word' id='word_1_29' title='bbox 579 712 1018 795; x_wconf 86' lang='lat' dir='ltr'>Erphurdiam,</span> <span class='ocrx_word' id='word_1_30' title='bbox 1085 734 1340 794; x_wconf 90' lang='lat' dir='ltr'>prorsus</span> <span class='ocrx_word' id='word_1_31' title='bbox 1400 711 1641 794; x_wconf 78' lang='lat' dir='ltr'>ignoro,</span> <span class='ocrx_word' id='word_1_32' title='bbox 1744 710 1837 774; x_wconf 88' lang='lat' dir='ltr'>Tu</span> <span class='ocrx_word' id='word_1_33' title='bbox 1893 733 2041 774; x_wconf 88' lang='lat' dir='ltr'>cura</span> <span class='ocrx_word' id='word_1_34' title='bbox 2096 721 2171 776; x_wconf 80' lang='lat' dir='ltr'>ut</span> <span class='ocrx_word' id='word_1_35' title='bbox 2227 714 2457 791; x_wconf 63' lang='lat' dir='ltr'>valeas»,</span> <span class='ocrx_word' id='word_1_36' title='bbox 2522 717 2585 776; x_wconf 81' lang='lat' dir='ltr'>et</span> <span class='ocrx_word' id='word_1_37' title='bbox 2638 711 2691 774; x_wconf 86' lang='lat' dir='ltr'>si</span> 
     </span>
     <span class='ocr_line' id='line_1_5' title="bbox 439 798 2695 884; baseline 0 -22"><span class='ocrx_word' id='word_1_38' title='bbox 439 821 652 881; x_wconf 85' lang='lat' dir='ltr'>preces</span> <span class='ocrx_word' id='word_1_39' title='bbox 720 799 935 862; x_wconf 82' lang='lat' dir='ltr'>valent</span> <span class='ocrx_word' id='word_1_40' title='bbox 999 798 1165 880; x_wconf 87' lang='lat' dir='ltr'>apud</span> <span class='ocrx_word' id='word_1_41' title='bbox 1235 799 1418 862; x_wconf 87' lang='lat' dir='ltr'>deum</span> <span class='ocrx_word' id='word_1_42' title='bbox 1489 802 1800 874; x_wconf 89' lang='lat' dir='ltr'>nostrum,</span> <span class='ocrx_word' id='word_1_43' title='bbox 1870 819 2123 880; x_wconf 85' lang='lat' dir='ltr'>precare</span> <span class='ocrx_word' id='word_1_44' title='bbox 2180 822 2294 884; x_wconf 89' lang='lat' dir='ltr'>pro</span> <span class='ocrx_word' id='word_1_45' title='bbox 2358 800 2563 877; x_wconf 90' lang='lat' dir='ltr'>nobis,</span> <span class='ocrx_word' id='word_1_46' title='bbox 2620 803 2695 862; x_wconf 82' lang='lat' dir='ltr'>ut</span> 
     </span>
     <span class='ocr_line' id='line_1_6' title="bbox 443 885 1032 950; baseline -0.003 0"><span class='ocrx_word' id='word_1_47' title='bbox 443 886 608 950; x_wconf 84' lang='lat' dir='ltr'>vot-is</span> <span class='ocrx_word' id='word_1_48' title='bbox 653 885 1032 949; x_wconf 85' lang='lat' dir='ltr'>subscribat.</span> 
     </span>
    </p>

    <p class='ocr_par' dir='ltr' id='par_1_3' title="bbox 756 985 1167 1041">
     <span class='ocr_line' id='line_1_7' title="bbox 756 985 1167 1041; baseline -0.002 0"><span class='ocrx_word' id='word_1_49' title='bbox 756 987 880 1041; x_wconf 84' lang='lat' dir='ltr'>Cod.</span> <span class='ocrx_word' id='word_1_50' title='bbox 917 985 1048 1040; x_wconf 84' lang='lat' dir='ltr'>Frcf.</span> <span class='ocrx_word' id='word_1_51' title='bbox 1087 987 1167 1040; x_wconf 85' lang='lat'>76.</span> 
     </span>
    </p>
   </div>
   <div class='ocr_carea' id='block_1_3' title="bbox 441 1108 2692 1192">
    <p class='ocr_par' dir='ltr' id='par_1_4' title="bbox 441 1108 2692 1192">
     <span class='ocr_line' id='line_1_8' title="bbox 441 1108 2692 1192; baseline 0.001 -17"><span class='ocrx_word' id='word_1_52' title='bbox 441 1123 669 1190; x_wconf 75' lang='lat' dir='ltr'>(cutha.)</span> <span class='ocrx_word' id='word_1_53' title='bbox 1503 1108 1606 1170; x_wconf 87' lang='grc'>80.</span> <span class='ocrx_word' id='word_1_54' title='bbox 2370 1121 2631 1192; x_wconf 84' lang='lat'>(1507-8</span> <span class='ocrx_word' id='word_1_55' title='bbox 2644 1123 2692 1187; x_wconf 71' lang='lat'>1³)</span> 
     </span>
    </p>
   </div>
   <div class='ocr_carea' id='block_1_4' title="bbox 1001 1235 2123 1529">
    <p class='ocr_par' dir='ltr' id='par_1_5' title="bbox 1001 1235 2123 1529">
     <span class='ocr_line' id='line_1_9' title="bbox 1199 1235 1919 1306; baseline -0.003 0"><span class='ocrx_word' id='word_1_56' title='bbox 1199 1235 1426 1306; x_wconf 88' lang='lat' dir='ltr'>Rufin</span> <span class='ocrx_word' id='word_1_57' title='bbox 1470 1256 1570 1305; x_wconf 79' lang='lat' dir='ltr'>an</span> <span class='ocrx_word' id='word_1_58' title='bbox 1612 1235 1919 1306; x_wconf 85' lang='lat' dir='ltr'>Urban.&#39;</span> 
     </span>
     <span class='ocr_line' id='line_1_10' title="bbox 1001 1363 2123 1432; baseline 0 -17"><span class='ocrx_word' id='word_1_59' title='bbox 1001 1363 1202 1431; x_wconf 56' lang='lat' dir='ltr'>(Rasin</span> <span class='ocrx_word' id='word_1_60' title='bbox 1234 1364 1406 1416; x_wconf 71' lang='lat' dir='ltr'>sendet</span> <span class='ocrx_word' id='word_1_61' title='bbox 1440 1363 1593 1416; x_wconf 77' lang='lat' dir='ltr'>einen</span> <span class='ocrx_word' id='word_1_62' title='bbox 1626 1379 1794 1416; x_wconf 78' lang='lat' dir='ltr'>neuen</span> <span class='ocrx_word' id='word_1_63' title='bbox 1830 1363 2123 1432; x_wconf 69' lang='lat' dir='ltr'>Hofktmd.)</span> 
     </span>
     <span class='ocr_line' id='line_1_11' title="bbox 1008 1477 2116 1529; baseline 0.001 -2"><span class='ocrx_word' id='word_1_64' title='bbox 1008 1477 1089 1527; x_wconf 86' lang='grc' dir='ltr'>Η.</span> <span class='ocrx_word' id='word_1_65' title='bbox 1125 1478 1381 1528; x_wconf 83' lang='lat' dir='ltr'>Urbano</span> <span class='ocrx_word' id='word_1_66' title='bbox 1418 1477 1797 1528; x_wconf 75' lang='lat' dir='ltr'>Benedictus</span> <span class='ocrx_word' id='word_1_67' title='bbox 1832 1478 2116 1529; x_wconf 79' lang='lat' dir='ltr'>Rufinus.</span> 
     </span>
    </p>
   </div>
   <div class='ocr_carea' id='block_1_5' title="bbox 437 1587 2688 2176">
    <p class='ocr_par' dir='ltr' id='par_1_6' title="bbox 437 1587 2688 2106">
     <span class='ocr_line' id='line_1_12' title="bbox 645 1587 2686 1670; baseline -0 -18"><span class='ocrx_word' id='word_1_68' title='bbox 645 1588 706 1652; x_wconf 90' lang='lat' dir='ltr'>S.</span> <span class='ocrx_word' id='word_1_69' title='bbox 797 1587 1202 1665; x_wconf 78' lang='lat' dir='ltr'>Efflagitasti‚</span> <span class='ocrx_word' id='word_1_70' title='bbox 1263 1593 1440 1670; x_wconf 84' lang='lat' dir='ltr'>pater</span> <span class='ocrx_word' id='word_1_71' title='bbox 1485 1587 1964 1665; x_wconf 84' lang='lat' dir='ltr'>humanissime,</span> <span class='ocrx_word' id='word_1_72' title='bbox 2010 1593 2082 1652; x_wconf 82' lang='lat' dir='ltr'>ut</span> <span class='ocrx_word' id='word_1_73' title='bbox 2128 1589 2445 1670; x_wconf 85' lang='lat' dir='ltr'>egregium</span> <span class='ocrx_word' id='word_1_74' title='bbox 2510 1587 2686 1652; x_wconf 86' lang='lat' dir='ltr'>Swa-</span> 
     </span>
     <span class='ocr_line' id='line_1_13' title="bbox 441 1674 2687 1756; baseline 0 -19"><span class='ocrx_word' id='word_1_75' title='bbox 441 1697 589 1738; x_wconf 89' lang='lat' dir='ltr'>num</span> <span class='ocrx_word' id='word_1_76' title='bbox 638 1681 922 1739; x_wconf 83' lang='lat' dir='ltr'>nostrum</span> <span class='ocrx_word' id='word_1_77' title='bbox 971 1674 1090 1738; x_wconf 89' lang='lat' dir='ltr'>tibi</span> <span class='ocrx_word' id='word_1_78' title='bbox 1139 1675 1369 1740; x_wconf 87' lang='lat' dir='ltr'>darem.</span> <span class='ocrx_word' id='word_1_79' title='bbox 1464 1675 1605 1738; x_wconf 89' lang='lat' dir='ltr'>Scis</span> <span class='ocrx_word' id='word_1_80' title='bbox 1664 1676 1895 1754; x_wconf 83' lang='lat' dir='ltr'>omnia,</span> <span class='ocrx_word' id='word_1_81' title='bbox 1959 1698 2121 1756; x_wconf 82' lang='lat' dir='ltr'>quae</span> <span class='ocrx_word' id='word_1_82' title='bbox 2184 1675 2450 1738; x_wconf 79' lang='lat' dir='ltr'>Matiani</span> <span class='ocrx_word' id='word_1_83' title='bbox 2517 1680 2687 1748; x_wconf 80' lang='lat' dir='ltr'>sunt,</span> 
     </span>
     <span class='ocr_line' id='line_1_14' title="bbox 439 1761 2687 1842; baseline -0 -17"><span class='ocrx_word' id='word_1_84' title='bbox 439 1785 574 1825; x_wconf 83' lang='lat' dir='ltr'>esse</span> <span class='ocrx_word' id='word_1_85' title='bbox 634 1767 761 1824; x_wconf 87' lang='lat' dir='ltr'>tua.</span> <span class='ocrx_word' id='word_1_86' title='bbox 853 1761 1076 1842; x_wconf 82' lang='lat' dir='ltr'>ltaque</span> <span class='ocrx_word' id='word_1_87' title='bbox 1132 1763 1460 1824; x_wconf 78' lang='lat' dir='ltr'>custodem</span> <span class='ocrx_word' id='word_1_88' title='bbox 1517 1763 1729 1825; x_wconf 85' lang='lat' dir='ltr'>ovium</span> <span class='ocrx_word' id='word_1_89' title='bbox 1779 1767 1843 1824; x_wconf 85' lang='lat' dir='ltr'>et</span> <span class='ocrx_word' id='word_1_90' title='bbox 1888 1762 2072 1825; x_wconf 75' lang='lat' dir='ltr'>villae</span> <span class='ocrx_word' id='word_1_91' title='bbox 2118 1767 2181 1824; x_wconf 90' lang='lat' dir='ltr'>et</span> <span class='ocrx_word' id='word_1_92' title='bbox 2227 1784 2429 1824; x_wconf 86' lang='lat' dir='ltr'>rerum</span> <span class='ocrx_word' id='word_1_93' title='bbox 2503 1761 2687 1824; x_wconf 88' lang='lat' dir='ltr'>rusti-</span> 
     </span>
     <span class='ocr_line' id='line_1_15' title="bbox 440 1848 2687 1930; baseline -0 -19"><span class='ocrx_word' id='word_1_94' title='bbox 440 1871 650 1911; x_wconf 87' lang='lat' dir='ltr'>carum</span> <span class='ocrx_word' id='word_1_95' title='bbox 698 1849 974 1930; x_wconf 84' lang='lat' dir='ltr'>accipias</span> <span class='ocrx_word' id='word_1_96' title='bbox 1023 1848 1191 1912; x_wconf 87' lang='lat' dir='ltr'>velut</span> <span class='ocrx_word' id='word_1_97' title='bbox 1227 1849 1514 1911; x_wconf 82' lang='lat' dir='ltr'>heredem</span> <span class='ocrx_word' id='word_1_98' title='bbox 1548 1855 1615 1910; x_wconf 74' lang='lat' dir='ltr'>et.</span> <span class='ocrx_word' id='word_1_99' title='bbox 1644 1870 2067 1911; x_wconf 81' lang='lat' dir='ltr'>successorem</span> <span class='ocrx_word' id='word_1_100' title='bbox 2122 1848 2443 1928; x_wconf 80' lang='lat' dir='ltr'>Rynianae</span> <span class='ocrx_word' id='word_1_101' title='bbox 2487 1871 2687 1910; x_wconf 84' lang='lat' dir='ltr'>casae.</span> 
     </span>
     <span class='ocr_line' id='line_1_16' title="bbox 443 1934 2688 2016; baseline 0.001 -20"><span class='ocrx_word' id='word_1_102' title='bbox 443 1935 756 1998; x_wconf 86' lang='lat' dir='ltr'>Vestitum</span> <span class='ocrx_word' id='word_1_103' title='bbox 807 1957 932 1998; x_wconf 90' lang='lat' dir='ltr'>non</span> <span class='ocrx_word' id='word_1_104' title='bbox 991 1935 1240 2015; x_wconf 83' lang='lat' dir='ltr'>quaerit</span> <span class='ocrx_word' id='word_1_105' title='bbox 1295 1956 1500 2016; x_wconf 78' lang='lat' dir='ltr'>neque</span> <span class='ocrx_word' id='word_1_106' title='bbox 1562 1935 1748 1998; x_wconf 88' lang='lat' dir='ltr'>aliam</span> <span class='ocrx_word' id='word_1_107' title='bbox 1811 1956 2001 2016; x_wconf 87' lang='lat' dir='ltr'>quam</span> <span class='ocrx_word' id='word_1_108' title='bbox 2060 1934 2263 1998; x_wconf 82' lang='lat' dir='ltr'>victus</span> <span class='ocrx_word' id='word_1_109' title='bbox 2322 1934 2688 2008; x_wconf 76' lang='lat' dir='ltr'>mercedem,</span> 
     </span>
     <span class='ocr_line' id='line_1_17' title="bbox 437 2019 2687 2106; baseline -0.002 -20"><span class='ocrx_word' id='word_1_110' title='bbox 437 2044 550 2106; x_wconf 88' lang='lat' dir='ltr'>pro</span> <span class='ocrx_word' id='word_1_111' title='bbox 586 2044 713 2105; x_wconf 86' lang='lat' dir='ltr'>qua</span> <span class='ocrx_word' id='word_1_112' title='bbox 747 2021 854 2084; x_wconf 84' lang='lat' dir='ltr'>vix</span> <span class='ocrx_word' id='word_1_113' title='bbox 887 2022 1012 2085; x_wconf 89' lang='lat' dir='ltr'>dici</span> <span class='ocrx_word' id='word_1_114' title='bbox 1044 2025 1256 2103; x_wconf 78' lang='lat' dir='ltr'>potest,</span> <span class='ocrx_word' id='word_1_115' title='bbox 1289 2043 1477 2103; x_wconf 87' lang='lat' dir='ltr'>quam</span> <span class='ocrx_word' id='word_1_116' title='bbox 1511 2020 1717 2084; x_wconf 88' lang='lat' dir='ltr'>fidelis</span> <span class='ocrx_word' id='word_1_117' title='bbox 1748 2025 1813 2084; x_wconf 80' lang='lat' dir='ltr'>et.</span> <span class='ocrx_word' id='word_1_118' title='bbox 1842 2021 2107 2105; x_wconf 83' lang='lat' dir='ltr'>impiger</span> <span class='ocrx_word' id='word_1_119' title='bbox 2137 2043 2273 2084; x_wconf 81' lang='lat' dir='ltr'>esse</span> <span class='ocrx_word' id='word_1_120' title='bbox 2309 2019 2473 2084; x_wconf 80' lang='lat' dir='ltr'>velit.</span> <span class='ocrx_word' id='word_1_121' title='bbox 2527 2019 2687 2084; x_wconf 86' lang='lat' dir='ltr'>Vale.</span> 
     </span>
    </p>

    <p class='ocr_par' dir='ltr' id='par_1_7' title="bbox 755 2121 1169 2176">
     <span class='ocr_line' id='line_1_18' title="bbox 755 2121 1169 2176; baseline 0 0"><span class='ocrx_word' id='word_1_122' title='bbox 755 2121 876 2176; x_wconf 83' lang='lat' dir='ltr'>Cod.</span> <span class='ocrx_word' id='word_1_123' title='bbox 916 2121 1047 2176; x_wconf 84' lang='lat' dir='ltr'>Frcf.</span> <span class='ocrx_word' id='word_1_124' title='bbox 1085 2121 1169 2176; x_wconf 84' lang='grc'>82.</span> 
     </span>
    </p>
   </div>
   <div class='ocr_carea' id='block_1_6' title="bbox 439 2243 2689 2346">
    <p class='ocr_par' dir='ltr' id='par_1_8' title="bbox 439 2243 2689 2346">
     <span class='ocr_line' id='line_1_19' title="bbox 439 2243 2689 2346; baseline -0.002 -32"><span class='ocrx_word' id='word_1_125' title='bbox 439 2260 669 2329; x_wconf 79' lang='lat' dir='ltr'>(Gotha.)</span> <span class='ocrx_word' id='word_1_126' title='bbox 1510 2243 1611 2308; x_wconf 88' lang='grc'>81.</span> <span class='ocrx_word' id='word_1_127' title='bbox 2204 2337 2212 2346; x_wconf 40' lang='lat'>.</span> <span class='ocrx_word' id='word_1_128' title='bbox 2372 2258 2629 2326; x_wconf 79' lang='lat'>(1507-8</span> <span class='ocrx_word' id='word_1_129' title='bbox 2644 2258 2689 2325; x_wconf 67' lang='lat'>5⁴)</span> 
     </span>
    </p>
   </div>
   <div class='ocr_carea' id='block_1_7' title="bbox 1183 2352 1939 2536">
    <p class='ocr_par' dir='ltr' id='par_1_9' title="bbox 1183 2352 1939 2536">
     <span class='ocr_line' id='line_1_20' title="bbox 1183 2352 1939 2424; baseline 0 0"><span class='ocrx_word' id='word_1_130' title='bbox 1183 2353 1474 2424; x_wconf 84' lang='lat' dir='ltr'>Mutian</span> <span class='ocrx_word' id='word_1_131' title='bbox 1522 2374 1620 2423; x_wconf 86' lang='lat' dir='ltr'>an</span> <span class='ocrx_word' id='word_1_132' title='bbox 1662 2352 1939 2424; x_wconf 84' lang='lat' dir='ltr'>Urban.</span> 
     </span>
     <span class='ocr_line' id='line_1_21' title="bbox 1255 2466 1898 2536; baseline 0.002 -15"><span class='ocrx_word' id='word_1_133' title='bbox 1255 2468 1434 2536; x_wconf 76' lang='lat' dir='ltr'>(Dank</span> <span class='ocrx_word' id='word_1_134' title='bbox 1464 2467 1561 2536; x_wconf 71' lang='lat' dir='ltr'>fiir</span> <span class='ocrx_word' id='word_1_135' title='bbox 1606 2466 1898 2535; x_wconf 77' lang='lat' dir='ltr'>Wildbret.)</span> 
     </span>
    </p>
   </div>
   <div class='ocr_carea' id='block_1_8' title="bbox 867 2580 2266 2644">
    <p class='ocr_par' dir='ltr' id='par_1_10' title="bbox 867 2580 2266 2644">
     <span class='ocr_line' id='line_1_22' title="bbox 867 2580 2266 2644; baseline -0.001 -11"><span class='ocrx_word' id='word_1_136' title='bbox 867 2584 1276 2644; x_wconf 70' lang='lat' dir='ltr'>Integer-rimo</span> <span class='ocrx_word' id='word_1_137' title='bbox 1310 2584 1479 2643; x_wconf 78' lang='lat' dir='ltr'>patri</span> <span class='ocrx_word' id='word_1_138' title='bbox 1512 2584 1595 2634; x_wconf 81' lang='lat' dir='ltr'>H.</span> <span class='ocrx_word' id='word_1_139' title='bbox 1631 2584 1887 2633; x_wconf 72' lang='lat' dir='ltr'>Urba-no</span> <span class='ocrx_word' id='word_1_140' title='bbox 1923 2584 2010 2633; x_wconf 77' lang='lat' dir='ltr'>M.</span> <span class='ocrx_word' id='word_1_141' title='bbox 2045 2580 2266 2632; x_wconf 79' lang='lat' dir='ltr'>Rufus·</span> 
     </span>
    </p>
   </div>
   <div class='ocr_carea' id='block_1_9' title="bbox 437 2693 2691 3031">
    <p class='ocr_par' dir='ltr' id='par_1_11' title="bbox 437 2693 2691 3019">
     <span class='ocr_line' id='line_1_23' title="bbox 651 2693 2690 2777; baseline -0.002 -20"><span class='ocrx_word' id='word_1_142' title='bbox 651 2693 860 2757; x_wconf 80' lang='lat' dir='ltr'>Salus,</span> <span class='ocrx_word' id='word_1_143' title='bbox 957 2695 1388 2757; x_wconf 76' lang='lat' dir='ltr'>Humanitatis</span> <span class='ocrx_word' id='word_1_144' title='bbox 1443 2702 1506 2757; x_wconf 87' lang='lat' dir='ltr'>et</span> <span class='ocrx_word' id='word_1_145' title='bbox 1565 2696 1993 2777; x_wconf 79' lang='lat' dir='ltr'>praestantiae</span> <span class='ocrx_word' id='word_1_146' title='bbox 2052 2698 2200 2757; x_wconf 89' lang='lat' dir='ltr'>tuae</span> <span class='ocrx_word' id='word_1_147' title='bbox 2256 2714 2538 2777; x_wconf 48' lang='lat' dir='ltr'>munusN</span> <span class='ocrx_word' id='word_1_148' title='bbox 2566 2712 2690 2773; x_wconf 89' lang='lat' dir='ltr'>quo</span> 
     </span>
     <span class='ocr_line' id='line_1_24' title="bbox 444 2778 2687 2863; baseline -0.002 -20"><span class='ocrx_word' id='word_1_149' title='bbox 444 2779 730 2843; x_wconf 85' lang='lat' dir='ltr'>Sabbato</span> <span class='ocrx_word' id='word_1_150' title='bbox 776 2782 1062 2862; x_wconf 85' lang='lat' dir='ltr'>proximo</span> <span class='ocrx_word' id='word_1_151' title='bbox 1111 2782 1384 2845; x_wconf 82' lang='lat' dir='ltr'>donatus</span> <span class='ocrx_word' id='word_1_152' title='bbox 1431 2804 1592 2858; x_wconf 87' lang='lat' dir='ltr'>sum,</span> <span class='ocrx_word' id='word_1_153' title='bbox 1650 2787 2008 2863; x_wconf 81' lang='lat' dir='ltr'>pergratum</span> <span class='ocrx_word' id='word_1_154' title='bbox 2067 2780 2224 2844; x_wconf 89' lang='lat' dir='ltr'>mihi</span> <span class='ocrx_word' id='word_1_155' title='bbox 2278 2779 2399 2842; x_wconf 75' lang='lat' dir='ltr'>fuit</span> <span class='ocrx_word' id='word_1_156' title='bbox 2461 2778 2687 2841; x_wconf 89' lang='lat' dir='ltr'>nedum</span> 
     </span>
     <span class='ocr_line' id='line_1_25' title="bbox 437 2865 2688 2949; baseline -0.001 -21"><span class='ocrx_word' id='word_1_157' title='bbox 437 2866 807 2947; x_wconf 85' lang='lat' dir='ltr'>jucundum.</span> <span class='ocrx_word' id='word_1_158' title='bbox 905 2867 1062 2931; x_wconf 91' lang='lat' dir='ltr'>Nam</span> <span class='ocrx_word' id='word_1_159' title='bbox 1112 2868 1356 2932; x_wconf 81' lang='lat' dir='ltr'>vocatis</span> <span class='ocrx_word' id='word_1_160' title='bbox 1403 2872 1677 2949; x_wconf 83' lang='lat' dir='ltr'>quatuor</span> <span class='ocrx_word' id='word_1_161' title='bbox 1723 2868 2006 2931; x_wconf 85' lang='lat' dir='ltr'>convivis</span> <span class='ocrx_word' id='word_1_162' title='bbox 2052 2865 2507 2941; x_wconf 79' lang='lat' dir='ltr'>sacerdotibuS,</span> <span class='ocrx_word' id='word_1_163' title='bbox 2563 2884 2688 2926; x_wconf 91' lang='lat' dir='ltr'>non</span> 
     </span>
     <span class='ocr_line' id='line_1_26' title="bbox 443 2950 2691 3031; baseline -0.002 -16"><span class='ocrx_word' id='word_1_164' title='bbox 443 2960 656 3017; x_wconf 82' lang='lat' dir='ltr'>tamen</span> <span class='ocrx_word' id='word_1_165' title='bbox 719 2953 1060 3031; x_wconf 78' lang='lat' dir='ltr'>canonicis,</span> <span class='ocrx_word' id='word_1_166' title='bbox 1117 2954 1251 3017; x_wconf 90' lang='lat' dir='ltr'>heri</span> <span class='ocrx_word' id='word_1_167' title='bbox 1305 2976 1587 3017; x_wconf 88' lang='lat' dir='ltr'>mensam</span> <span class='ocrx_word' id='word_1_168' title='bbox 1655 2954 1924 3017; x_wconf 86' lang='lat' dir='ltr'>cervinis</span> <span class='ocrx_word' id='word_1_169' title='bbox 1991 2954 2217 3018; x_wconf 87' lang='lat' dir='ltr'>eduliis</span> <span class='ocrx_word' id='word_1_170' title='bbox 2287 2974 2411 3015; x_wconf 88' lang='lat' dir='ltr'>non</span> <span class='ocrx_word' id='word_1_171' title='bbox 2483 2950 2691 3012; x_wconf 84' lang='lat' dir='ltr'>minus</span> 
     </span>
    </p>
   </div>
   <div class='ocr_carea' id='block_1_10' title="bbox 441 3038 2690 3295">
    <p class='ocr_par' dir='ltr' id='par_1_12' title="bbox 441 3038 2690 3295">
     <span class='ocr_line' id='line_1_27' title="bbox 442 3038 2690 3122; baseline -0.001 -20"><span class='ocrx_word' id='word_1_172' title='bbox 442 3040 804 3102; x_wconf 86' lang='lat' dir='ltr'>ornavimus</span> <span class='ocrx_word' id='word_1_173' title='bbox 850 3061 1038 3120; x_wconf 90' lang='lat' dir='ltr'>quam</span> <span class='ocrx_word' id='word_1_174' title='bbox 1087 3041 1505 3104; x_wconf 81' lang='lat' dir='ltr'>oneravimus.</span> <span class='ocrx_word' id='word_1_175' title='bbox 1598 3042 1735 3120; x_wconf 85' lang='lat' dir='ltr'>Ago</span> <span class='ocrx_word' id='word_1_176' title='bbox 1782 3040 1976 3122; x_wconf 84' lang='lat' dir='ltr'>igitur</span> <span class='ocrx_word' id='word_1_177' title='bbox 2020 3039 2281 3121; x_wconf 50' lang='lat' dir='ltr'>gratia&amp;</span> <span class='ocrx_word' id='word_1_178' title='bbox 2330 3038 2496 3100; x_wconf 82' lang='lat' dir='ltr'>sicut.</span> <span class='ocrx_word' id='word_1_179' title='bbox 2548 3040 2690 3117; x_wconf 81' lang='lat' dir='ltr'>post</span> 
     </span>
     <span class='ocr_line' id='line_1_28' title="bbox 442 3125 2689 3209; baseline -0.001 -22"><span class='ocrx_word' id='word_1_180' title='bbox 442 3126 772 3208; x_wconf 87' lang='lat' dir='ltr'>prandium</span> <span class='ocrx_word' id='word_1_181' title='bbox 823 3133 886 3188; x_wconf 88' lang='lat' dir='ltr'>et</span> <span class='ocrx_word' id='word_1_182' title='bbox 930 3150 969 3187; x_wconf 77' lang='grc' dir='ltr'><strong>ἰ</strong></span> <span class='ocrx_word' id='word_1_183' title='bbox 1012 3149 1167 3188; x_wconf 86' lang='lat' dir='ltr'>cena</span> <span class='ocrx_word' id='word_1_184' title='bbox 1213 3127 1344 3189; x_wconf 90' lang='lat' dir='ltr'>fieri</span> <span class='ocrx_word' id='word_1_185' title='bbox 1394 3126 1575 3203; x_wconf 86' lang='lat' dir='ltr'>solet,</span> <span class='ocrx_word' id='word_1_186' title='bbox 1622 3128 1889 3209; x_wconf 87' lang='lat' dir='ltr'>primum</span> <span class='ocrx_word' id='word_1_187' title='bbox 1940 3126 2075 3199; x_wconf 89' lang='lat' dir='ltr'>de0‚</span> <span class='ocrx_word' id='word_1_188' title='bbox 2122 3125 2347 3188; x_wconf 86' lang='lat' dir='ltr'>deinde</span> <span class='ocrx_word' id='word_1_189' title='bbox 2402 3145 2689 3187; x_wconf 85' lang='lat' dir='ltr'>reveren-</span> 
     </span>
     <span class='ocr_line' id='line_1_29' title="bbox 441 3208 2685 3295; baseline -0.001 -22"><span class='ocrx_word' id='word_1_190' title='bbox 441 3210 756 3274; x_wconf 83' lang='lat' dir='ltr'>tissimae²</span> <span class='ocrx_word' id='word_1_191' title='bbox 807 3212 1174 3276; x_wconf 78' lang='lat' dir='ltr'>liberalitati</span> <span class='ocrx_word' id='word_1_192' title='bbox 1221 3221 1369 3276; x_wconf 84' lang='lat' dir='ltr'>tuae</span> <span class='ocrx_word' id='word_1_193' title='bbox 1417 3234 1640 3293; x_wconf 86' lang='lat' dir='ltr'>meque</span> <span class='ocrx_word' id='word_1_194' title='bbox 1673 3220 1817 3275; x_wconf 82' lang='lat' dir='ltr'>tuae</span> <span class='ocrx_word' id='word_1_195' title='bbox 1851 3212 2205 3295; x_wconf 80' lang='lat' dir='ltr'>dignationi</span> <span class='ocrx_word' id='word_1_196' title='bbox 2249 3216 2448 3274; x_wconf 84' lang='lat' dir='ltr'>totum</span> <span class='ocrx_word' id='word_1_197' title='bbox 2485 3208 2685 3272; x_wconf 72' lang='lat' dir='ltr'>trado</span> 
     </span>
    </p>
   </div>
   <div class='ocr_carea' id='block_1_11' title="bbox 445 3298 1238 3457">
    <p class='ocr_par' dir='ltr' id='par_1_13' title="bbox 445 3298 1238 3457">
     <span class='ocr_line' id='line_1_30' title="bbox 445 3298 606 3360; baseline 0.007 -1"><span class='ocrx_word' id='word_1_198' title='bbox 445 3298 606 3360; x_wconf 86' lang='lat' dir='ltr'>Vale.</span> 
     </span>
     <span class='ocr_line' id='line_1_31' title="bbox 747 3381 1238 3457; baseline -0.004 -22"><span class='ocrx_word' id='word_1_199' title='bbox 747 3381 874 3435; x_wconf 86' lang='lat' dir='ltr'>Cod.</span> <span class='ocrx_word' id='word_1_200' title='bbox 911 3381 1043 3436; x_wconf 85' lang='lat' dir='ltr'>Frcf.</span> <span class='ocrx_word' id='word_1_201' title='bbox 1083 3381 1166 3435; x_wconf 84' lang='lat'>80.</span> <span class='ocrx_word' id='word_1_202' title='bbox 1234 3452 1238 3457; x_wconf 84' lang='lat'>.</span> 
     </span>
    </p>
   </div>
   <div class='ocr_carea' id='block_1_12' title="bbox 439 3502 2691 3588">
    <p class='ocr_par' dir='ltr' id='par_1_14' title="bbox 439 3502 2691 3588">
     <span class='ocr_line' id='line_1_32' title="bbox 439 3502 2691 3588; baseline 0.001 -17"><span class='ocrx_word' id='word_1_203' title='bbox 439 3518 623 3571; x_wconf 77' lang='lat' dir='ltr'>Gotha.</span> <span class='ocrx_word' id='word_1_204' title='bbox 1510 3502 1611 3565; x_wconf 80' lang='lat'>82.</span> <span class='ocrx_word' id='word_1_205' title='bbox 2164 3520 2244 3573; x_wconf 81' lang='lat'>21.</span> <span class='ocrx_word' id='word_1_206' title='bbox 2284 3518 2409 3572; x_wconf 74' lang='lat' dir='ltr'>nez.</span> <span class='ocrx_word' id='word_1_207' title='bbox 2448 3519 2603 3587; x_wconf 77' lang='lat'>(1507</span> <span class='ocrx_word' id='word_1_208' title='bbox 2620 3521 2691 3588; x_wconf 55' lang='grc' dir='ltr'>ξφ</span> 
     </span>
    </p>
   </div>
   <div class='ocr_carea' id='block_1_13' title="bbox 435 3612 2685 3874">
    <p class='ocr_par' dir='ltr' id='par_1_15' title="bbox 435 3612 2685 3874">
     <span class='ocr_line' id='line_1_33' title="bbox 1192 3612 1945 3684; baseline 0.001 -3"><span class='ocrx_word' id='word_1_209' title='bbox 1192 3612 1480 3682; x_wconf 83' lang='lat' dir='ltr'>Mutian</span> <span class='ocrx_word' id='word_1_210' title='bbox 1525 3633 1623 3682; x_wconf 84' lang='lat' dir='ltr'>an</span> <span class='ocrx_word' id='word_1_211' title='bbox 1668 3612 1945 3684; x_wconf 84' lang='lat' dir='ltr'>Urban.</span> 
     </span>
     <span class='ocr_line' id='line_1_34' title="bbox 746 3722 2387 3794; baseline 0.002 -19"><span class='ocrx_word' id='word_1_212' title='bbox 746 3722 1028 3792; x_wconf 70' lang='lat' dir='ltr'>(Trbstuny</span> <span class='ocrx_word' id='word_1_213' title='bbox 1057 3742 1216 3793; x_wconf 73' lang='lat' dir='ltr'>yeyen</span> <span class='ocrx_word' id='word_1_214' title='bbox 1249 3724 1621 3794; x_wconf 73' lang='lat' dir='ltr'>Missqcschielc</span> <span class='ocrx_word' id='word_1_215' title='bbox 1654 3724 1768 3778; x_wconf 80' lang='lat' dir='ltr'>und</span> <span class='ocrx_word' id='word_1_216' title='bbox 1798 3724 1994 3777; x_wconf 76' lang='lat' dir='ltr'>Feimlc</span> <span class='ocrx_word' id='word_1_217' title='bbox 2033 3725 2112 3777; x_wconf 73' lang='lat' dir='ltr'>im.</span> <span class='ocrx_word' id='word_1_218' title='bbox 2146 3725 2387 3793; x_wconf 78' lang='lat' dir='ltr'>Klostcr.)</span> 
     </span>
     <span class='ocr_line' id='line_1_35' title="bbox 435 3819 2685 3874; baseline 0.002 -5"><span class='ocrx_word' id='word_1_219' title='bbox 435 3819 559 3870; x_wconf 81' lang='lat' dir='ltr'>Suo</span> <span class='ocrx_word' id='word_1_220' title='bbox 594 3821 676 3871; x_wconf 81' lang='lat' dir='ltr'>H.</span> <span class='ocrx_word' id='word_1_221' title='bbox 711 3820 967 3871; x_wconf 83' lang='lat' dir='ltr'>Urbano</span> <span class='ocrx_word' id='word_1_222' title='bbox 1003 3833 1335 3873; x_wconf 87' lang='lat' dir='ltr'>oeconomo</span> <span class='ocrx_word' id='word_1_223' title='bbox 1370 3822 1666 3872; x_wconf 81' lang='lat' dir='ltr'>fidissimo</span> <span class='ocrx_word' id='word_1_224' title='bbox 1704 3825 1767 3872; x_wconf 78' lang='lat' dir='ltr'>et</span> <span class='ocrx_word' id='word_1_225' title='bbox 1802 3822 1998 3871; x_wconf 81' lang='lat' dir='ltr'>amico</span> <span class='ocrx_word' id='word_1_226' title='bbox 2036 3822 2294 3872; x_wconf 84' lang='lat' dir='ltr'>colendo</span> <span class='ocrx_word' id='word_1_227' title='bbox 2341 3824 2428 3872; x_wconf 77' lang='lat' dir='ltr'>M.</span> <span class='ocrx_word' id='word_1_228' title='bbox 2466 3820 2685 3874; x_wconf 78' lang='lat' dir='ltr'>Rufus,</span> 
     </span>
    </p>
   </div>
   <div class='ocr_carea' id='block_1_14' title="bbox 439 3913 2688 4085">
    <p class='ocr_par' dir='ltr' id='par_1_16' title="bbox 439 3913 2688 4085">
     <span class='ocr_line' id='line_1_36' title="bbox 645 3913 2686 3999; baseline 0.001 -22"><span class='ocrx_word' id='word_1_229' title='bbox 645 3913 873 3978; x_wconf 87' lang='lat' dir='ltr'>Salvus</span> <span class='ocrx_word' id='word_1_230' title='bbox 941 3914 1048 3977; x_wconf 82' lang='lat' dir='ltr'>sis,</span> <span class='ocrx_word' id='word_1_231' title='bbox 1157 3914 1395 3980; x_wconf 79' lang='lat' dir='ltr'>Scribit,</span> <span class='ocrx_word' id='word_1_232' title='bbox 1454 3918 1531 3980; x_wconf 87' lang='lat' dir='ltr'>ad</span> <span class='ocrx_word' id='word_1_233' title='bbox 1596 3915 2026 3980; x_wconf 83' lang='lat' dir='ltr'>Chromatium</span> <span class='ocrx_word' id='word_1_234' title='bbox 2098 3916 2531 3999; x_wconf 78' lang='lat' dir='ltr'>Hieronymus,</span> <span class='ocrx_word' id='word_1_235' title='bbox 2594 3917 2686 3981; x_wconf 80' lang='lat' dir='ltr'>uti</span> 
     </span>
     <span class='ocr_line' id='line_1_37' title="bbox 439 4000 2688 4085; baseline 0.002 -23"><span class='ocrx_word' id='word_1_236' title='bbox 439 4001 672 4081; x_wconf 85' lang='lat' dir='ltr'>legitur</span> <span class='ocrx_word' id='word_1_237' title='bbox 726 4002 789 4063; x_wconf 89' lang='lat' dir='ltr'>in</span> <span class='ocrx_word' id='word_1_238' title='bbox 856 4000 1255 4065; x_wconf 79' lang='lat' dir='ltr'>Praefatione</span> <span class='ocrx_word' id='word_1_239' title='bbox 1317 4003 1871 4085; x_wconf 82' lang='lat' dir='ltr'>Paralipomenon:</span> <span class='ocrx_word' id='word_1_240' title='bbox 1948 4002 2274 4083; x_wconf 81' lang='lat' dir='ltr'>„Mihimet</span> <span class='ocrx_word' id='word_1_241' title='bbox 2330 4005 2450 4085; x_wconf 88' lang='lat' dir='ltr'>ipsi</span> <span class='ocrx_word' id='word_1_242' title='bbox 2500 4004 2688 4085; x_wconf 84' lang='lat' dir='ltr'>juxta</span> 
     </span>
    </p>
   </div>
   <div class='ocr_carea' id='block_1_15' title="bbox 594 4106 846 4114">
    <p class='ocr_par' dir='ltr' id='par_1_17' title="bbox 594 4106 846 4114">
     <span class='ocr_line' id='line_1_38' title="bbox 594 4106 846 4114; baseline 0 781"><span class='ocrx_word' id='word_1_243' title='bbox 594 4106 846 4114; x_wconf 95' lang='lat' dir='ltr'> </span> 
     </span>
    </p>
   </div>
   <div class='ocr_carea' id='block_1_16' title="bbox 444 4107 591 4114">
    <p class='ocr_par' dir='ltr' id='par_1_18' title="bbox 444 4107 591 4114">
     <span class='ocr_line' id='line_1_39' title="bbox 444 4107 591 4114; baseline 0 0"><span class='ocrx_word' id='word_1_244' title='bbox 444 4107 591 4114; x_wconf 95' lang='lat' dir='ltr'> </span> 
     </span>
    </p>
   </div>
   <div class='ocr_carea' id='block_1_17' title="bbox 576 4138 2687 4275">
    <p class='ocr_par' dir='ltr' id='par_1_19' title="bbox 576 4138 2687 4275">
     <span class='ocr_line' id='line_1_40' title="bbox 576 4138 2687 4275; baseline 0.002 -17.012"><span class='ocrx_word' id='word_1_245' title='bbox 581 4209 596 4238; x_wconf 87' lang='lat'>²</span> <span class='ocrx_word' id='word_1_246' title='bbox 576 4138 934 4259; x_wconf 56' lang='lat' dir='ltr'>ailiigsgeiiiid</span> <span class='ocrx_word' id='word_1_247' title='bbox 971 4208 1087 4275; x_wconf 60' lang='lat' dir='ltr'>fgol</span> <span class='ocrx_word' id='word_1_248' title='bbox 1131 4208 1222 4261; x_wconf 61' lang='grc' dir='ltr'>ΝΥ.</span> <span class='ocrx_word' id='word_1_249' title='bbox 1263 4209 1409 4261; x_wconf 85' lang='lat' dir='ltr'>nicht</span> <span class='ocrx_word' id='word_1_250' title='bbox 1453 4224 1682 4275; x_wconf 77' lang='lat' dir='ltr'>genauer</span> <span class='ocrx_word' id='word_1_251' title='bbox 1731 4226 1796 4261; x_wconf 86' lang='lat' dir='ltr'>zu</span> <span class='ocrx_word' id='word_1_252' title='bbox 1843 4208 2348 4263; x_wconf 81' lang='lat' dir='ltr'>ditieren.Sich01</span> <span class='ocrx_word' id='word_1_253' title='bbox 2392 4227 2486 4263; x_wconf 59' lang='lat' dir='ltr'>xor</span> <span class='ocrx_word' id='word_1_254' title='bbox 2541 4211 2687 4275; x_wconf 78' lang='lat'>1508</span> 
     </span>
    </p>
   </div>
   <div class='ocr_carea' id='block_1_18' title="bbox 439 4268 2694 4411">
    <p class='ocr_par' dir='ltr' id='par_1_20' title="bbox 439 4268 2694 4411">
     <span class='ocr_line' id='line_1_41' title="bbox 439 4268 2686 4343; baseline 0.002 -16"><span class='ocrx_word' id='word_1_255' title='bbox 439 4276 562 4327; x_wconf 86' lang='lat' dir='ltr'>dem</span> <span class='ocrx_word' id='word_1_256' title='bbox 613 4276 886 4343; x_wconf 84' lang='lat' dir='ltr'>Weggang</span> <span class='ocrx_word' id='word_1_257' title='bbox 889 4292 917 4328; x_wconf 87' lang='lat' dir='ltr'>e</span> <span class='ocrx_word' id='word_1_258' title='bbox 967 4277 1044 4330; x_wconf 77' lang='lat' dir='ltr'>Ui</span> <span class='ocrx_word' id='word_1_259' title='bbox 1051 4279 1175 4331; x_wconf 83' lang='lat' dir='ltr'>bans</span> <span class='ocrx_word' id='word_1_260' title='bbox 1227 4278 1361 4329; x_wconf 83' lang='lat' dir='ltr'>nach</span> <span class='ocrx_word' id='word_1_261' title='bbox 1395 4277 1624 4343; x_wconf 88' lang='lat' dir='ltr'>Leipzig</span> <span class='ocrx_word' id='word_1_262' title='bbox 1696 4268 1839 4330; x_wconf 82' lang='lat' dir='ltr'>Uber</span> <span class='ocrx_word' id='word_1_263' title='bbox 1876 4276 2030 4329; x_wconf 80' lang='lat' dir='ltr'>Rufin</span> <span class='ocrx_word' id='word_1_264' title='bbox 2067 4280 2115 4330; x_wconf 96' lang='lat' dir='ltr'>S.</span> <span class='ocrx_word' id='word_1_265' title='bbox 2155 4280 2187 4329; x_wconf 80' lang='lat'>4</span> <span class='ocrx_word' id='word_1_266' title='bbox 2222 4283 2283 4332; x_wconf 79' lang='lat' dir='ltr'>A.</span> <span class='ocrx_word' id='word_1_267' title='bbox 2326 4283 2369 4332; x_wconf 92' lang='grc'>1.</span> <span class='ocrx_word' id='word_1_268' title='bbox 2510 4282 2529 4310; x_wconf 83' lang='lat'>²</span> <span class='ocrx_word' id='word_1_269' title='bbox 2564 4280 2686 4333; x_wconf 86' lang='lat' dir='ltr'>Die-</span> 
     </span>
     <span class='ocr_line' id='line_1_42' title="bbox 443 4344 2694 4411; baseline 0.001 -14"><span class='ocrx_word' id='word_1_270' title='bbox 443 4344 589 4397; x_wconf 84' lang='lat' dir='ltr'>selbe</span> <span class='ocrx_word' id='word_1_271' title='bbox 625 4346 908 4397; x_wconf 82' lang='lat' dir='ltr'>Wortform</span> <span class='ocrx_word' id='word_1_272' title='bbox 946 4344 994 4400; x_wconf 84' lang='lat' dir='ltr'>S.</span> <span class='ocrx_word' id='word_1_273' title='bbox 1035 4347 1100 4399; x_wconf 88' lang='grc'>63</span> <span class='ocrx_word' id='word_1_274' title='bbox 1127 4349 1189 4398; x_wconf 85' lang='lat' dir='ltr'>A.</span> <span class='ocrx_word' id='word_1_275' title='bbox 1217 4347 1262 4397; x_wconf 88' lang='lat'>3.</span> <span class='ocrx_word' id='word_1_276' title='bbox 1372 4347 1391 4378; x_wconf 81' lang='lat'>³</span> <span class='ocrx_word' id='word_1_277' title='bbox 1424 4346 1525 4397; x_wconf 87' lang='lat' dir='ltr'>Die</span> <span class='ocrx_word' id='word_1_278' title='bbox 1573 4346 1905 4411; x_wconf 76' lang='lat' dir='ltr'>Erwahnung</span> <span class='ocrx_word' id='word_1_279' title='bbox 1947 4364 2047 4398; x_wconf 82' lang='lat' dir='ltr'>von</span> <span class='ocrx_word' id='word_1_280' title='bbox 2084 4346 2382 4401; x_wconf 74' lang='lat' dir='ltr'>Hismenias</span> <span class='ocrx_word' id='word_1_281' title='bbox 2418 4347 2569 4400; x_wconf 84' lang='lat' dir='ltr'>weist</span> <span class='ocrx_word' id='word_1_282' title='bbox 2603 4350 2694 4400; x_wconf 82' lang='lat' dir='ltr'>auf</span> 
     </span>
    </p>
   </div>
   <div class='ocr_carea' id='block_1_19' title="bbox 445 4413 2687 4499">
    <p class='ocr_par' dir='ltr' id='par_1_21' title="bbox 445 4413 2687 4499">
     <span class='ocr_line' id='line_1_43' title="bbox 445 4413 2687 4499; baseline 0.001 -33"><span class='ocrx_word' id='word_1_283' title='bbox 445 4413 675 4467; x_wconf 85' lang='lat' dir='ltr'>dieselbe</span> <span class='ocrx_word' id='word_1_284' title='bbox 713 4414 826 4467; x_wconf 83' lang='lat' dir='ltr'>Zeit</span> <span class='ocrx_word' id='word_1_285' title='bbox 862 4413 962 4466; x_wconf 87' lang='lat' dir='ltr'>wie</span> <span class='ocrx_word' id='word_1_286' title='bbox 998 4416 1090 4469; x_wconf 85' lang='lat' dir='ltr'>der</span> <span class='ocrx_word' id='word_1_287' title='bbox 1124 4415 1270 4467; x_wconf 81' lang='lat' dir='ltr'>Brief</span> <span class='ocrx_word' id='word_1_288' title='bbox 1301 4431 1368 4467; x_wconf 86' lang='lat' dir='ltr'>an</span> <span class='ocrx_word' id='word_1_289' title='bbox 1404 4416 1657 4482; x_wconf 79' lang='lat' dir='ltr'>Herbord,</span> <span class='ocrx_word' id='word_1_290' title='bbox 1704 4416 1796 4469; x_wconf 82' lang='lat' dir='ltr'>Nr.</span> <span class='ocrx_word' id='word_1_291' title='bbox 1834 4416 1902 4468; x_wconf 81' lang='lat'>96</span> <span class='ocrx_word' id='word_1_292' title='bbox 1942 4415 2134 4484; x_wconf 81' lang='lat'>(1508).</span> <span class='ocrx_word' id='word_1_293' title='bbox 2206 4417 2276 4469; x_wconf 86' lang='lat' dir='ltr'>Es</span> <span class='ocrx_word' id='word_1_294' title='bbox 2321 4416 2526 4499; x_wconf 78' lang='lat' dir='ltr'>scheint</span> <span class='ocrx_word' id='word_1_295' title='bbox 2573 4416 2687 4469; x_wconf 84' lang='lat' dir='ltr'>sich</span> 
     </span>
    </p>
   </div>
  </div>
 </body>
</html>
