3084 4895
502 347 630 412 424
1330 345 1502 398 Briefe
1539 344 1631 400 des
1668 345 1717 399 J.
1758 346 1905 400 1514.

505 524 750 604 praeter
794 519 1038 584 faciem.
1117 521 1384 586 Gracilis
1415 527 1513 584 est
1546 523 1609 584 et
1640 505 1928 600 candida,
1974 525 2041 585 et
2070 521 2256 586 deum
2302 523 2471 587 colit.
2546 523 2768 586 Deum

505 606 1010 757 fflitt'imQuem?
1097 607 1414 689 Priapum.
1523 607 1660 671 Hoc
1718 606 1862 690 joco
1932 608 2140 672 effudi.
2241 608 2452 688 Parce,
2518 610 2766 694 patei-,¹

563 715 671 775 ap'
769 743 782 756 ·
811 793 932 848 Cod.
969 793 1101 848 me.
1141 794 1255 849 168.

509 997 737 1068 (Gotha.)
1551 986 1692 1083 353.
1954 1001 2069 1070 (zw.
2111 1003 2189 1056 18.
2227 1019 2278 1056 u.
2316 1004 2395 1057 29.
2433 1005 2541 1058 Mai
2579 1005 2775 1074 1514.)

1255 1112 1542 1182 Mutian
1586 1133 1685 1183 an
1728 1111 2005 1184 Urban.

512 1245 534 1306 (
545 1239 922 1307 Unyeduld‘e'yes
968 1239 1184 1294 Warten
1224 1241 1501 1309 Spalatins
1537 1241 1648 1308 auf
1670 1241 1786 1294 sein
1820 1241 2047 1310 Diplom.
2108 1241 2175 1295 Η.
2201 1243 2470 1297 Eberbach
2492 1243 2556 1296 in
2584 1243 2781 1297 Gotha

509 1308 646 1362 wird
690 1325 790 1362 von
821 1310 920 1362 den
955 1308 1159 1362 Herren
1191 1311 1278 1364 des
1312 1308 1608 1378 Kurfz'o'rstl.
1658 1310 1817 1377 Hofes
1863 1311 1983 1364 sehr
2026 1310 2253 1379 yefeiert.
2326 1312 2567 1366 Harbord
2608 1313 2778 1366 sollte

834 1397 845 1408 ‘
1035 1378 1187 1432 einen
1221 1380 1426 1432 solchen
1473 1379 1811 1434 Verwandten
1844 1380 1973 1434 hook
2005 1381 2220 1448 baltea.)

963 1494 1218 1546 Urbano
1253 1496 1442 1556 papai
1478 1496 1865 1548 sanctissimo
1902 1494 2014 1565 (M.
2047 1494 2291 1564 Rufus).

717 1605 780 1670 S.
874 1606 1138 1669 Miratur
1181 1609 1254 1670 ut
1299 1607 1407 1688 qui
1459 1607 1731 1670 maxime
1778 1607 2146 1689 Spalatinus
2192 1613 2257 1672 et
2300 1630 2416 1691 ego
2466 1609 2773 1687 demiror,

513 1693 664 1775 quid
734 1693 1010 1755 retardet
1077 1691 1404 1775 diploma.²
1491 1693 1647 1775 Ejus
1715 1695 1921 1775 verba,
1992 1718 2153 1778 quae
2219 1701 2369 1759 sunt
2428 1695 2493 1757 in
2554 1695 2773 1758 literis

514 1780 648 1843 heri
692 1778 844 1842 mihi
891 1778 1174 1855 redditis,
1222 1781 1312 1842 ita
1356 1779 1628 1843 habent:
1682 1780 1845 1861 „Sed
1889 1781 2002 1844 ubi
2045 1781 2323 1865 diploma
2368 1779 2514 1845 est?
2602 1780 2773 1844 Jesu

518 1866 700 1940 bone,
750 1887 875 1948 qua
927 1886 1051 1927 non
1099 1866 1424 1930 testudine
1467 1865 1713 1929 tardius
1758 1867 2128 1948 graditur?“
2222 1867 2532 1932 Henricus
2564 1867 2774 1948 Aper-

520 1949 826 2016 bacchus⁸
872 1951 1106 2015 nobilis
1151 1951 1433 2017 medicus
1480 1952 1656 2015 brevi
1684 1953 1797 2017 fiet
1827 1952 2041 2036 procul
2077 1954 2269 2018 dubio
2302 1954 2768 2018 nobilissimus.

517 2035 882 2103 Celebratur
927 2061 963 2100 a
1009 2038 1260 2120 magnis
1307 2039 1474 2109 viris,
1535 2043 1724 2102 notus
1771 2037 2117 2117 Gunther0‚
2186 2044 2376 2104 notus
2424 2033 2770 2104 Wilhelmo

515 2126 978 2209 potentissimis
1023 2124 1379 2188 comitibus
1391 2124 1413 2158 ⁴
1499 2123 1660 2202 Vidi,
1712 2127 1795 2189 mi
1842 2125 2111 2203 Urbane,
2160 2127 2285 2191 vidi
2333 2127 2432 2189 his
2479 2127 2771 2209 quinque

517 2213 759 2286 diebus,
809 2211 1041 2292 quibus
1086 2210 1478 2276 familiariter
1523 2232 1767 2275 mecum
1831 2213 2011 2288 vixit,
2077 2177 2463 2296 frequentari
2509 2234 2650 2276 eum
2701 2217 2771 2277 et

521 2299 764 2363 consuli
817 2298 991 2362 velut
1051 2297 1314 2362 alterum
1375 2298 1751 2381 Apollinem.
1839 2299 1909 2361 Id
1954 2299 2123 2380 quod
2166 2299 2311 2362 ideo
2356 2298 2769 2363 scribendum

519 2386 760 2468 putavi,
808 2388 880 2449 ut
921 2385 1279 2449 insinuares
1330 2384 1684 2449 Herebordo
1740 2387 2059 2451 communi
2111 2387 2335 2462 amice,
2397 2385 2647 2469 qualem
2696 2391 2766 2451 et

519 2477 828 2555 quantum
893 2471 1127 2537 habeat
1189 2470 1652 2553 habiturusque
1698 2473 1781 2535 sit
1824 2471 2129 2536 affinem.³
2222 2473 2429 2554 Atque
2492 2474 2764 2549 utinam,

521 2559 690 2641 quod
736 2579 850 2640 ego
897 2580 1139 2640 semper
1184 2560 1421 2639 optavi,
1457 2564 1679 2622 mutuo
1724 2582 1791 2621 se
1834 2559 2147 2622 amarent!
2238 2558 2389 2624 Uter
2419 2562 2769 2642 utrumque

522 2646 964 2726 famigeratum
1009 2642 1272 2709 faceret-⁶
1319 2667 1390 2708 ac
1439 2646 1529 2709 sic
1572 2643 1693 2708 tibi
1736 2644 2017 2727 mihique
2064 2646 2473 2728 jucundiores
2530 2650 2765 2709 essent.

519 2731 688 2797 Vale.

827 2832 947 2886 Cod.
985 2830 1116 2885 Frof.
1157 2832 1270 2885 167.

523 3020 750 3089 (Gotha.)
1578 3004 1722 3071 354.
2193 3021 2310 3089 (vor
2342 3021 2391 3075 4.
2428 3020 2556 3075 Juni
2590 3020 2770 3091 1514.)

1264 3132 1554 3204 Mutian
1593 3154 1697 3203 an
1741 3132 2017 3203 Urban.
2438 3130 2449 3135 “

523 3261 738 3329 (Urbem
775 3263 875 3315 soll
914 3262 1008 3330 fiir
1049 3262 1276 3317 Publius
1321 3262 1475 3316 minen
1521 3280 1689 3315 neuen
1734 3262 1849 3315 Hui
1896 3263 1961 3315 in
2008 3262 2201 3330 Erfurt
2234 3263 2441 3331 hausen,
2478 3262 2551 3315 da
2582 3279 2639 3315 er
2670 3262 2773 3314 das

1191 3332 1619 3399 Bonifam'usfest
1653 3332 1905 3385 besuchen
1938 3332 2085 3399 will.)

639 3444 1034 3497 validissime
1072 3446 1384 3509 diligendo
1421 3450 1484 3498 et
1517 3448 1948 3498 honestissimo
1983 3447 2151 3507 patri
2183 3449 2395 3498 nostro
2430 3445 2512 3497 E.
2546 3447 2663 3496 ‘Ur-

1349 3534 1512 3584 bano
1552 3532 1659 3600 (M.
1694 3530 1939 3599 Rufus).
2248 3535 2257 3543 '

733 3644 802 3707 Si
848 3645 1036 3723 valeS‚
1099 3648 1532 3710 amantissime
1596 3650 1792 3727 pater,
1840 3645 1997 3707 bene
2044 3648 2157 3707 est.
2249 3642 2379 3707 Nos
2442 3644 2508 3707 in
2573 3642 2767 3706 Tran-

531 3730 749 3810 quillo,
797 3731 904 3811 qui
951 3733 1048 3796 tui
1093 3755 1330 3807 sumus,
1404 3732 1562 3795 bene
1632 3733 1927 3795 valemus
2019 3728 2345 3793 Publium⁷
2414 3730 2535 3793 tibi
2602 3751 2767 3793 00111-

530 3816 774 3879 mend0.
855 3816 998 3881 Scio
1031 3817 1228 3882 dices:
1281 3819 1573 3882 Publium
1607 3822 1678 3881 tu
1714 3818 1915 3881 mihi?
1994 3816 2198 3881 Habet
2230 3816 2349 3880 1100
2382 3815 2759 3889 sollicitudo,

528 3906 601 3965 ut
644 3904 962 3967 studiosos
1009 3906 1196 3968 etiam
1265 3906 1395 3968 suis
1451 3906 1583 3968 sive
1646 3905 1930 3986 patronis
1983 3903 2115 3966 sive
2175 3902 2533 3966 fautoribus
2600 3922 2757 3966 com·

668 4107 683 4137 ¹
720 4105 835 4175 Vgl.
857 4107 908 4161 S.
928 4108 1030 4162 402
1064 4112 1126 4164 A.
1152 4110 1232 4162 13.
1322 4109 1342 4140 ²
1377 4108 1492 4176 Vgl.
1517 4108 1570 4161 S.
1590 4108 1692 4159 414
1729 4110 1787 4161 A.
1813 4106 1858 4159 2.
1954 4107 1973 4137 ³
2012 4105 2061 4160 S.
2089 4122 2196 4160 vor.
2218 4106 2302 4160 Br.
2397 4110 2417 4138 ⁴
2450 4105 2548 4175 Die
2584 4106 2765 4159 Grafen

529 4176 766 4228 Giinther
818 4193 919 4230 von
975 4177 1352 4245 Sehwarzburg
1388 4177 1494 4229 und
1529 4176 1790 4229 Wilhelm
1826 4192 1929 4229 von
1963 4176 2291 4243 Henneberg.
2434 4179 2455 4209 ὅ
2488 4174 2635 4228 Uber
2686 4174 2766 4227 die

529 4244 984 4300 Verwandtschaft
1019 4248 1110 4299 der
1143 4247 1400 4299 Familien
1435 4245 1710 4299 Eberbach
1747 4246 1858 4298 und
1893 4260 1995 4298 von
2033 4244 2125 4296 der
2150 4243 2405 4306 (Marthen
2438 4244 2543 4313 vgl.
2580 4243 2631 4296 S.
2670 4242 2765 4295 265

530 4316 591 4367 A.
631 4314 676 4367 ⁶2.
734 4314 850 4381 Vgl.
888 4315 937 4369 S.
960 4316 1060 4369 309
1097 4318 1158 4369 A.
1179 4318 1225 4369 6.
1367 4317 1388 4346 ⁶
1424 4314 1607 4367 »1οᾱοι-
1642 4315 1821 4367 wiirde
1858 4314 1957 4366 den
1994 4313 2187 4365 andern
2230 4312 2479 4365 beriihmt
2511 4314 2769 4367 macheu«

529 4383 661 4435 Uter
695 4383 749 4434 in
785 4384 954 4437 dieser
989 4385 1328 4453 Verbindung
1363 4408 1429 4423 -—1
1465 4387 1700 4451 uterque.
1844 4385 1863 4415 ⁷
1898 4382 2125 4436 Mutians
2162 4381 2377 4437 Diener.
2414 4381 2465 4435 S.
2502 4381 2600 4435 407
2636 4385 2697 4436 A.
2718 4380 2750 4432 2

2955 4780 2975 4867 ,ι’
2994 4784 3003 4819 .’

2428 4864 2573 4871 .-.-
2602 4862 2685 4869 q
2706 4858 2885 4869 -ὴῃ
