3084 4895
1251 403 1461 461 Mutian
1499 422 1567 461 an
1605 394 1802 463 Urban.
2596 410 2637 480 3

393 582 459 647 et
502 586 820 665 postremo
868 584 1105 645 vestem
1153 579 1587 660 mundumque
1631 602 1879 645 omnem
1912 584 2279 649 muliebrem
2308 585 2635 651 ademit.“¹

393 670 656 751 Separat
699 668 1009 750 Ulpianus
1056 666 1362 729 mundum
1429 665 1508 729 ab
1556 672 1946 746 ornamentO,
2004 671 2170 750 quod
2228 671 2362 735 fieri
2418 674 2639 754 possit,

397 761 472 819 ut
516 756 730 835 aliqua
777 754 860 817 sit
907 754 1160 829 munda,
1209 774 1334 815 non
1381 757 1593 814 tamen
1642 759 1885 828 ornata,
1945 760 2006 817 et
2053 779 2084 818 e
2130 756 2423 820 diverso.²
2512 756 2638 830 Sed

395 842 550 904 haec
595 841 922 904 distinctio
970 839 1256 920 argutior
1303 843 1398 900 est
1444 859 1630 918 quam
1682 841 1903 916 verior,
1964 863 2155 922 quum
2214 845 2379 926 apud
2441 846 2637 926 scrip-

393 937 562 990 tores
596 926 1177 1007 praestantissimos
1209 924 1481 986 mundus
1517 924 1706 986 etiam
1741 926 1825 987 sit
1854 933 2242 991 ornamento.
2326 929 2635 1005 Quorsum

393 1013 569 1077 ista?
658 1012 796 1075 Meo
845 1012 1098 1094 quidem
1141 1011 1380 1092 judicio
1429 1014 1719 1091 martyra
1765 1010 1869 1073 ille
1922 1012 2077 1076 vicit
2130 1016 2432 1077 mundum
2494 1018 2637 1079 uni-

396 1122 641 1162 versum
708 1100 988 1161 monitus
1033 1120 1070 1159 a
1115 1095 1334 1171 Paulo,
1390 1100 1632 1158 utnon
1694 1097 1991 1161 seductus
2058 1099 2383 1163 elementis
2441 1102 2639 1166 ultra-

396 1185 787 1249 mundanum
836 1184 1016 1247 deum
1066 1182 1547 1263 negligentiusb
1608 1183 1869 1246 coleret:
1932 1184 2087 1247 vicit
2131 1207 2313 1251 omne
2359 1188 2580 1253 vitium
2613 1200 2637 1228 0

398 1271 867 1355 popularitatiS,
917 1270 1068 1333 vicit
1119 1267 1456 1331 muliebres
1515 1268 1863 1343 illecebraS,
1920 1271 2218 1335 mundum
2283 1274 2520 1337 scilicet
2575 1280 2640 1339 et

397 1362 788 1421 ornamenta.
881 1354 978 1418 Ob
1039 1354 1102 1417 id
1166 1353 1486 1417 laureatus
1553 1354 1971 1436 triumphavit
2028 1357 2095 1419 in
2154 1358 2297 1422 aula
2358 1360 2632 1423 coelesti.

397 1444 565 1506 Haec
612 1464 734 1505 non
785 1447 882 1505 est
926 1441 1124 1522 polita
1169 1440 1499 1502 verborum
1562 1442 1965 1523 constructio,
2023 1444 2133 1505 sed
2176 1447 2281 1523 pia
2326 1446 2633 1526 quaedam

393 1528 816 1593 remuneratio
848 1539 872 1567 0
917 1532 1166 1590 tuorum
1217 1526 1278 1587 in
1321 1548 1419 1587 me
1468 1525 1929 1589 beneficiorum.
2022 1528 2182 1591 Nam
2243 1531 2408 1611 quod
2455 1531 2638 1595 aliter

396 1615 772 1697 respondere
821 1613 1058 1675 meritis
1105 1613 1234 1675 tuis
1282 1632 1406 1673 non
1456 1633 1733 1692 possum,
1780 1614 1971 1677 offero
2006 1615 2124 1677 tibi
2155 1618 2579 1681 contionatori
2612 1629 2637 1657 0

395 1704 838 1781 argumentum
909 1699 1182 1761 salutare
1250 1698 1563 1760 contionis
1632 1698 1928 1761 futurae.³
2034 1700 2211 1776 Quod
2276 1708 2486 1765 autem
2556 1704 2634 1767 ad

395 1789 686 1850 inimicos
732 1791 878 1849 tuos
924 1786 1175 1861 attinet,
1224 1784 1351 1846 noli
1399 1804 1540 1845 cum
1588 1784 1664 1846 iis
1711 1785 2061 1866 confligere,
2112 1808 2271 1868 quos
2302 1790 2385 1852 ob
2418 1811 2633 1852 eorum

394 1873 854 1955 turpitudinem
909 1872 1238 1951 despicere
1307 1869 1516 1932 debeS.
1623 1870 1829 1933 Habes
1898 1872 2062 1935 enirn
2134 1874 2332 1937 multa
2398 1876 2638 1956 ingenii

397 1960 734 2040 praesidia,
781 1958 981 2021 multa
1025 1957 1263 2020 auxilia
1309 1955 1651 2029 doctrinae,
1701 1957 1933 2038 quibus
1979 1958 2069 2022 illi
2114 1982 2293 2041 pares
2340 1982 2475 2025 esse
2508 1983 2633 2025 non

395 2050 680 2127 possunt.
771 2044 896 2106 Fac
945 2065 1080 2106 meo
1128 2042 1431 2127 exempIO,
1480 2046 1555 2105 ut
1600 2043 1933 2106 maledicta
1980 2048 2044 2107 et
2090 2045 2355 2109 furorem
2404 2047 2636 2129 abjecti

396 2137 460 2194 et
521 2132 745 2213 perditi
802 2130 1069 2212 prodigii
1128 2128 1424 2190 maluisse
1478 2128 1726 2191 videare
1786 2130 2038 2193 silentio
2099 2130 2385 2214 frangere
2446 2154 2634 2214 quam

399 2218 771 2281 resistendo.
866 2216 1027 2278 Vale.
1119 2215 1394 2297 Raptim,
1441 2219 1777 2296 postquam
1828 2220 1889 2277 te
1934 2216 2152 2280 adesse
2198 2218 2463 2281 audivi.⁴

701 2317 820 2369 Cod.
859 2316 992 2368 Frof.
1029 2316 1078 2368 9.

408 2455 638 2524 (Gotha.)
1491 2436 1549 2500 3.
2282 2456 2397 2524 (vor
2432 2457 2563 2511 1505
2587 2457 2635 2527 p)

439 2582 446 2586 ·
1136 2563 1422 2633 Mutian
1467 2583 1563 2632 an
1608 2563 1886 2634 Urban.

483 2693 661 2761 (Dank
693 2693 787 2761 fier
821 2693 1006 2746 Baiter
1042 2693 1156 2745 und
1189 2692 1342 2745 Kc'ise.
1411 2693 1660 2747 Benedilct
1694 2695 1927 2747 wicnsclzt
1960 2694 2111 2746 einen
2131 2694 2335 2764 jumen
2372 2695 2549 2749 Humi.

893 2762 1206 2829 Deqenhard
1234 2761 1525 2830 Pfeffinqer
1559 2780 1690 2815 xum
1723 2763 1831 2815 Rae
1865 2765 2129 2830 ornarant.)

478 2877 559 2927 H.
595 2875 849 2926 Urbano
888 2876 1017 2925 divi
1049 2875 1354 2926 Ber-nardi
1389 2877 1693 2926 sacerdoti
1731 2880 1859 2926 tam
1896 2877 2077 2927 docto
2114 2889 2296 2936 quam
2332 2878 2561 2928 diserto

1264 2976 1373 3013 suo
1409 2965 1496 3014 M.
1531 2963 1754 3014 Rufus.

605 3072 663 3134 S.
754 3072 1199 3138 Jurisconsulti
1245 3097 1354 3156 pro
1403 3097 1515 3136 sua
1579 3074 1841 3149 libidine
1893 3074 2062 3154 leges
2118 3075 2633 3156 interpretantur,

395 3162 468 3220 ut
513 3180 696 3240 saepe
743 3160 840 3221 lex
889 3161 1124 3224 adimat
1173 3183 1332 3242 quae
1394 3162 1637 3238 tribuit,
1707 3161 1932 3240 puniat
1985 3182 2144 3242 quae
2193 3161 2395 3242 jubet,
2462 3167 2636 3226 vetet

397 3267 557 3326 quae
625 3247 954 3325 permittit.
1047 3247 1208 3310 Hinc
1273 3248 1380 3309 illa
1427 3251 1601 3309 sunt:
1669 3247 1835 3328 „Ego
1896 3246 2232 3310 Scaevolae
2300 3249 2633 3323 assentior,

395 3354 432 3393 a
480 3331 673 3393 Bruto
722 3333 1044 3409 dissentiO,
1105 3333 1300 3395 Baldo
1349 3335 1702 3408 consentio,
1766 3331 2093 3395 Bartholo⁵
2152 3335 2436 3397 accedo.“
2534 3334 2635 3398 Sic

395 3417 724 3498 opiniones
811 3419 1237 3498 opinionibuS,
1326 3418 1577 3482 fraudes
1665 3418 2175 3482 cavillationibus
2266 3419 2631 3484 fulciuntur.

396 3502 701 3578 Quorsum
739 3503 936 3567 haec‘?
1024 3503 1455 3567 Transmisisti
1489 3505 1783 3586 butyrum
1818 3509 1881 3566 et
1912 3526 2143 3567 caseos.
2235 3504 2392 3568 Mihi
2426 3510 2633 3570 trans-

397 3589 642 3651 mittere
717 3591 1118 3671 signifieabat
1185 3591 1436 3654 donare.
1541 3591 1768 3654 Nescio
1805 3597 2068 3667 ·tamen,
2135 3613 2215 3652 an
2284 3593 2631 3656 donaveris

397 3675 638 3756 Perlegi
705 3679 1134 3753 transcursim,
1184 3683 1254 3741 ut
1301 3679 1491 3754 sole0,
1538 3684 1603 3740 et
1650 3701 1725 3739 ne
1771 3677 2046 3739 villicum
2108 3698 2448 3740 remorarer
2494 3681 2632 3743 diu-

395 3761 544 3838 tius,
593 3763 885 3844 respondi
935 3786 1121 3845 quam
1174 3764 1581 3827 velocissime.
1675 3763 1827 3825 Post
1871 3763 2049 3845 cujus
2094 3763 2338 3826 abitum
2386 3765 2677 3848 culpam·

395 3869 791 3928 erroremque
839 3870 1188 3930 agnoscens
1249 3852 1515 3931 primum
1564 3850 1669 3912 risi
1718 3850 2080 3912 domesticis
2138 3851 2465 3930 epistolam
2523 3874 2633 3914 ex-

395 3955 654 4013 ponenS,
713 3935 934 3998 deinde
992 3936 1362 4016 indignatus
1423 3958 1559 3999 sum
1618 3939 1679 3999 et
1734 3957 1832 3999 me
1889 3936 2091 4018 ipsum
2155 3937 2452 4018 increpui.
2544 3938 2633 4002 De

529 4101 556 4128 a
586 4085 780 4140 martir.
921 4090 949 4127 b
979 4085 1281 4154 diligentius
1319 4085 1467 4138 Tem.
1608 4100 1631 4126 c
1660 4085 1709 4137 ci
1743 4091 1803 4138 st.
1840 4086 1895 4138 ti.

533 4157 548 4186 ¹
586 4155 700 4209 Liv.
741 4155 977 4218 XXXII,
1015 4156 1097 4209 40.
1220 4157 1239 4188 ²
1274 4157 1388 4223 Dig.
1425 4154 1684 4209 XXXIV.
1722 4154 1770 4218 2,
1814 4155 1893 4209 25.
2014 4155 2035 4186 ³
2067 4155 2182 4207 Von
2220 4155 2319 4206 den
2355 4156 2633 4223 Predigten

390 4223 620 4289 UrbanS,
660 4225 746 4276 die
783 4241 840 4277 er
882 4225 952 4275 im
991 4225 1198 4277 Kloster
1235 4242 1300 4277 zu
1334 4225 1511 4278 halten
1550 4225 1709 4284 hatte,
1755 4225 1825 4276 ist
1867 4223 2136 4275 mehrfach
2174 4224 2257 4276 die
2293 4224 2449 4290 Rede,
2488 4241 2543 4277 so
2580 4227 2653 4277 in.

393 4293 479 4346 ΒΓ.
521 4293 601 4346 20.
645 4295 724 4347 36.
869 4295 888 4324 ⁴
923 4294 984 4345 In
1025 4294 1208 4359 Gotha,
1246 4311 1325 4346 wo
1362 4295 1454 4346 das
1489 4293 1698 4345 Klos‘ter
1734 4292 2077 4359 Georgenthal
2101 4291 2445 4361 Besitzungen
2474 4295 2629 4348 hatte.

466 4365 486 4394 5
525 4361 726 4414 Baldus
763 4363 826 4413 dc
862 4362 1084 4414 Ubaldis
1119 4365 1226 4414 und
1262 4363 1502 4416 Bartolus
1538 4363 1601 4414 de
1639 4361 1995 4427 SassoferratO,
2036 4361 2363 4415 barbarische
2411 4362 2631 4414 Rechts-

393 4431 670 4500 gelehrten
707 4432 798 4483 des
839 4434 916 4485 14.
954 4432 1058 4491 Jh.q
1097 4433 1271 4500 hiiufig
1305 4435 1602 4499 verspo‘ttet.

2138 4500 2225 4562 1*
