<?xml version="1.0" encoding="UTF-8"?>
<!DOCTYPE html PUBLIC "-//W3C//DTD XHTML 1.0 Transitional//EN"
    "http://www.w3.org/TR/xhtml1/DTD/xhtml1-transitional.dtd">
<html xmlns="http://www.w3.org/1999/xhtml" xml:lang="en" lang="en">
 <head>
  <title>
</title>
<meta http-equiv="Content-Type" content="text/html;charset=utf-8" />
  <meta name='ocr-system' content='tesseract 3.04.00' />
  <meta name='ocr-capabilities' content='ocr_page ocr_carea ocr_par ocr_line ocrx_word'/>
</head>
<body>
  <div class='ocr_page' id='page_1' title='image "./derbriefwechsel02kraugoog_0563.png"; bbox 0 0 3084 4895; ppageno 0'>
   <div class='ocr_carea' id='block_1_1' title="bbox 1287 418 2692 500">
    <p class='ocr_par' dir='ltr' id='par_1_1' title="bbox 1287 418 2692 500">
     <span class='ocr_line' id='line_1_1' title="bbox 1287 418 2692 500; baseline 0.014 -18"><span class='ocrx_word' id='word_1_1' title='bbox 1287 419 1499 483; x_wconf 81' lang='lat' dir='ltr'><strong>Mutian</strong></span> <span class='ocrx_word' id='word_1_2' title='bbox 1534 445 1600 482; x_wconf 85' lang='lat' dir='ltr'><strong>an</strong></span> <span class='ocrx_word' id='word_1_3' title='bbox 1639 418 1840 486; x_wconf 77' lang='lat' dir='ltr'><strong>Urban.</strong></span> <span class='ocrx_word' id='word_1_4' title='bbox 2565 433 2692 500; x_wconf 82' lang='lat'><strong>477</strong></span> 
     </span>
    </p>
   </div>
   <div class='ocr_carea' id='block_1_2' title="bbox 426 595 2694 1269">
    <p class='ocr_par' dir='ltr' id='par_1_2' title="bbox 426 595 2694 1269">
     <span class='ocr_line' id='line_1_2' title="bbox 432 595 2694 682; baseline 0.003 -17"><span class='ocrx_word' id='word_1_5' title='bbox 432 595 783 667; x_wconf 89' lang='lat' dir='ltr'><strong>Duronius¹</strong></span> <span class='ocrx_word' id='word_1_6' title='bbox 852 600 1198 664; x_wconf 75' lang='lat' dir='ltr'><strong>Vestalium</strong></span> <span class='ocrx_word' id='word_1_7' title='bbox 1260 601 1546 665; x_wconf 86' lang='lat' dir='ltr'><strong>rationes</strong></span> <span class='ocrx_word' id='word_1_8' title='bbox 1609 601 1697 666; x_wconf 84' lang='lat' dir='ltr'><strong>sit</strong></span> <span class='ocrx_word' id='word_1_9' title='bbox 1758 602 2114 682; x_wconf 74' lang='lat' dir='ltr'><strong>auditurus,</strong></span> <span class='ocrx_word' id='word_1_10' title='bbox 2180 605 2255 666; x_wconf 86' lang='lat' dir='ltr'><strong>ut</strong></span> <span class='ocrx_word' id='word_1_11' title='bbox 2316 606 2496 668; x_wconf 87' lang='lat' dir='ltr'><strong>tuam</strong></span> <span class='ocrx_word' id='word_1_12' title='bbox 2560 627 2694 670; x_wconf 90' lang='lat' dir='ltr'><strong>rem</strong></span> 
     </span>
     <span class='ocr_line' id='line_1_3' title="bbox 432 685 2689 770; baseline 0.001 -19"><span class='ocrx_word' id='word_1_13' title='bbox 432 709 737 770; x_wconf 88' lang='lat' dir='ltr'><strong>praesens</strong></span> <span class='ocrx_word' id='word_1_14' title='bbox 811 707 1018 768; x_wconf 83' lang='lat' dir='ltr'><strong>agam.</strong></span> <span class='ocrx_word' id='word_1_15' title='bbox 1111 685 1297 749; x_wconf 87' lang='lat' dir='ltr'><strong>Tueri</strong></span> <span class='ocrx_word' id='word_1_16' title='bbox 1366 687 1532 751; x_wconf 90' lang='lat' dir='ltr'><strong>enim</strong></span> <span class='ocrx_word' id='word_1_17' title='bbox 1603 690 1668 750; x_wconf 88' lang='lat' dir='ltr'><strong>et</strong></span> <span class='ocrx_word' id='word_1_18' title='bbox 1730 708 1956 752; x_wconf 87' lang='lat' dir='ltr'><strong>ornare</strong></span> <span class='ocrx_word' id='word_1_19' title='bbox 2015 691 2082 751; x_wconf 90' lang='lat' dir='ltr'><strong>te</strong></span> <span class='ocrx_word' id='word_1_20' title='bbox 2147 688 2348 753; x_wconf 83' lang='lat' dir='ltr'><strong>debeo</strong></span> <span class='ocrx_word' id='word_1_21' title='bbox 2408 693 2474 754; x_wconf 85' lang='lat' dir='ltr'><strong>et</strong></span> <span class='ocrx_word' id='word_1_22' title='bbox 2527 693 2689 756; x_wconf 86' lang='lat' dir='ltr'>v010.</span> 
     </span>
     <span class='ocr_line' id='line_1_4' title="bbox 430 772 2690 853; baseline 0.003 -18"><span class='ocrx_word' id='word_1_23' title='bbox 430 774 541 838; x_wconf 86' lang='lat' dir='ltr'><strong>Ait</strong></span> <span class='ocrx_word' id='word_1_24' title='bbox 586 773 855 836; x_wconf 87' lang='lat' dir='ltr'><strong>Publius</strong></span> <span class='ocrx_word' id='word_1_25' title='bbox 899 772 1193 853; x_wconf 85' lang='lat' dir='ltr'><strong>nupsisse</strong></span> <span class='ocrx_word' id='word_1_26' title='bbox 1238 775 1501 835; x_wconf 85' lang='lat' dir='ltr'><strong>matrem</strong></span> <span class='ocrx_word' id='word_1_27' title='bbox 1550 773 1826 836; x_wconf 86' lang='lat' dir='ltr'><strong>secundo</strong></span> <span class='ocrx_word' id='word_1_28' title='bbox 1868 773 2096 838; x_wconf 85' lang='lat' dir='ltr'><strong>marito</strong></span> <span class='ocrx_word' id='word_1_29' title='bbox 2129 778 2194 837; x_wconf 84' lang='lat' dir='ltr'><strong>et</strong></span> <span class='ocrx_word' id='word_1_30' title='bbox 2223 796 2360 838; x_wconf 88' lang='lat' dir='ltr'><strong>esse</strong></span> <span class='ocrx_word' id='word_1_31' title='bbox 2393 775 2690 841; x_wconf 82' lang='lat' dir='ltr'><strong>feminam</strong></span> 
     </span>
     <span class='ocr_line' id='line_1_5' title="bbox 428 857 2692 939; baseline 0.001 -17"><span class='ocrx_word' id='word_1_32' title='bbox 428 859 704 922; x_wconf 84' lang='lat' dir='ltr'><strong>salacem</strong></span> <span class='ocrx_word' id='word_1_33' title='bbox 768 863 833 920; x_wconf 85' lang='lat' dir='ltr'><strong>et</strong></span> <span class='ocrx_word' id='word_1_34' title='bbox 890 861 1304 939; x_wconf 81' lang='lat' dir='ltr'><strong>perastutam.</strong></span> <span class='ocrx_word' id='word_1_35' title='bbox 1402 857 1648 920; x_wconf 88' lang='lat' dir='ltr'><strong>Timere</strong></span> <span class='ocrx_word' id='word_1_36' title='bbox 1707 881 1794 936; x_wconf 65' lang='lat' dir='ltr'><strong>se.</strong></span> <span class='ocrx_word' id='word_1_37' title='bbox 1858 881 1937 921; x_wconf 90' lang='lat' dir='ltr'><strong>ne</strong></span> <span class='ocrx_word' id='word_1_38' title='bbox 1996 881 2144 923; x_wconf 85' lang='lat' dir='ltr'><strong>suas</strong></span> <span class='ocrx_word' id='word_1_39' title='bbox 2210 862 2451 924; x_wconf 87' lang='lat' dir='ltr'><strong>reculas</strong></span> <span class='ocrx_word' id='word_1_40' title='bbox 2497 863 2692 926; x_wconf 85' lang='lat' dir='ltr'><strong>inter-</strong></span> 
     </span>
     <span class='ocr_line' id='line_1_6' title="bbox 428 941 2691 1026; baseline 0.001 -18"><span class='ocrx_word' id='word_1_41' title='bbox 428 942 678 1026; x_wconf 85' lang='lat' dir='ltr'><strong>cipiat.²</strong></span> <span class='ocrx_word' id='word_1_42' title='bbox 769 941 944 1006; x_wconf 85' lang='lat' dir='ltr'><strong>Petit</strong></span> <span class='ocrx_word' id='word_1_43' title='bbox 986 942 1340 1006; x_wconf 86' lang='lat' dir='ltr'><strong>consilium.</strong></span> <span class='ocrx_word' id='word_1_44' title='bbox 1435 943 1619 1022; x_wconf 89' lang='lat' dir='ltr'><strong>Audi,</strong></span> <span class='ocrx_word' id='word_1_45' title='bbox 1683 948 1750 1007; x_wconf 83' lang='lat' dir='ltr'><strong>et</strong></span> <span class='ocrx_word' id='word_1_46' title='bbox 1804 945 1961 1024; x_wconf 86' lang='lat' dir='ltr'><strong>quid</strong></span> <span class='ocrx_word' id='word_1_47' title='bbox 2024 945 2144 1008; x_wconf 84' lang='lat' dir='ltr'><strong>tibi</strong></span> <span class='ocrx_word' id='word_1_48' title='bbox 2194 947 2482 1010; x_wconf 87' lang='lat' dir='ltr'><strong>videatur</strong></span> <span class='ocrx_word' id='word_1_49' title='bbox 2528 953 2591 1011; x_wconf 86' lang='lat' dir='ltr'><strong>et</strong></span> <span class='ocrx_word' id='word_1_50' title='bbox 2636 950 2691 1011; x_wconf 88' lang='lat' dir='ltr'><strong>si</strong></span> 
     </span>
     <span class='ocr_line' id='line_1_7' title="bbox 426 1028 2688 1112; baseline 0.002 -19"><span class='ocrx_word' id='word_1_51' title='bbox 426 1029 581 1112; x_wconf 87' lang='lat' dir='ltr'><strong>quid</strong></span> <span class='ocrx_word' id='word_1_52' title='bbox 629 1032 729 1094; x_wconf 83' lang='lat' dir='ltr'><strong>est</strong></span> <span class='ocrx_word' id='word_1_53' title='bbox 773 1028 947 1110; x_wconf 91' lang='lat' dir='ltr'><strong>quod</strong></span> <span class='ocrx_word' id='word_1_54' title='bbox 994 1032 1197 1110; x_wconf 82' lang='lat' dir='ltr'><strong>putas</strong></span> <span class='ocrx_word' id='word_1_55' title='bbox 1234 1049 1377 1092; x_wconf 75' lang='lat' dir='ltr'><strong>eum</strong></span> <span class='ocrx_word' id='word_1_56' title='bbox 1440 1030 1602 1092; x_wconf 89' lang='lat' dir='ltr'><strong>scire</strong></span> <span class='ocrx_word' id='word_1_57' title='bbox 1663 1038 1952 1112; x_wconf 79' lang='lat' dir='ltr'><strong>oportere</strong></span> <span class='ocrx_word' id='word_1_58' title='bbox 2013 1035 2127 1095; x_wconf 89' lang='lat' dir='ltr'><strong>aut</strong></span> <span class='ocrx_word' id='word_1_59' title='bbox 2185 1030 2409 1112; x_wconf 83' lang='lat' dir='ltr'><strong>facere,</strong></span> <span class='ocrx_word' id='word_1_60' title='bbox 2473 1034 2688 1098; x_wconf 81' lang='lat' dir='ltr'><strong>dicito.</strong></span> 
     </span>
     <span class='ocr_line' id='line_1_8' title="bbox 429 1115 923 1180; baseline -0.002 -2"><span class='ocrx_word' id='word_1_61' title='bbox 429 1116 579 1180; x_wconf 83' lang='lat' dir='ltr'><strong>Vale</strong></span> <span class='ocrx_word' id='word_1_62' title='bbox 623 1120 689 1180; x_wconf 90' lang='lat' dir='ltr'><strong>et</strong></span> <span class='ocrx_word' id='word_1_63' title='bbox 732 1115 923 1178; x_wconf 86' lang='lat' dir='ltr'><strong>salve.</strong></span> 
     </span>
     <span class='ocr_line' id='line_1_9' title="bbox 751 1210 1203 1269; baseline -0.002 -2"><span class='ocrx_word' id='word_1_64' title='bbox 751 1212 875 1268; x_wconf 81' lang='lat' dir='ltr'><strong>Cod.</strong></span> <span class='ocrx_word' id='word_1_65' title='bbox 912 1211 1046 1269; x_wconf 86' lang='lat' dir='ltr'><strong>Frcf.</strong></span> <span class='ocrx_word' id='word_1_66' title='bbox 1084 1210 1203 1266; x_wconf 88' lang='lat'><strong>383.</strong></span> 
     </span>
    </p>
   </div>
   <div class='ocr_carea' id='block_1_3' title="bbox 423 1385 2689 1475">
    <p class='ocr_par' dir='ltr' id='par_1_3' title="bbox 423 1385 2689 1475">
     <span class='ocr_line' id='line_1_10' title="bbox 423 1385 2689 1475; baseline 0.001 -19"><span class='ocrx_word' id='word_1_67' title='bbox 423 1401 656 1472; x_wconf 73' lang='lat' dir='ltr'><strong>(soffia.)</strong></span> <span class='ocrx_word' id='word_1_68' title='bbox 1483 1385 1632 1449; x_wconf 85' lang='lat'>409.</span> <span class='ocrx_word' id='word_1_69' title='bbox 2064 1401 2182 1472; x_wconf 84' lang='lat' dir='ltr'><strong>(vor</strong></span> <span class='ocrx_word' id='word_1_70' title='bbox 2216 1404 2299 1458; x_wconf 91' lang='lat'><strong>13.</strong></span> <span class='ocrx_word' id='word_1_71' title='bbox 2335 1403 2476 1474; x_wconf 79' lang='lat' dir='ltr'><strong>Sept.</strong></span> <span class='ocrx_word' id='word_1_72' title='bbox 2516 1406 2689 1475; x_wconf 86' lang='lat'>1514.)</span> 
     </span>
    </p>
   </div>
   <div class='ocr_carea' id='block_1_4' title="bbox 794 1509 2312 1815">
    <p class='ocr_par' dir='ltr' id='par_1_4' title="bbox 794 1509 2312 1815">
     <span class='ocr_line' id='line_1_11' title="bbox 1174 1509 2021 1582; baseline 0.001 -2"><span class='ocrx_word' id='word_1_73' title='bbox 1174 1510 1467 1582; x_wconf 83' lang='lat' dir='ltr'><strong>Mutian</strong></span> <span class='ocrx_word' id='word_1_74' title='bbox 1512 1531 1614 1581; x_wconf 82' lang='lat' dir='ltr'><strong>an</strong></span> <span class='ocrx_word' id='word_1_75' title='bbox 1657 1509 1938 1582; x_wconf 83' lang='lat' dir='ltr'><strong>Urban.</strong></span> <span class='ocrx_word' id='word_1_76' title='bbox 2016 1516 2021 1521; x_wconf 86' lang='lat'>&#39;</span> 
     </span>
     <span class='ocr_line' id='line_1_12' title="bbox 794 1638 2312 1710; baseline 0.001 -18"><span class='ocrx_word' id='word_1_77' title='bbox 794 1639 1047 1708; x_wconf 77' lang='lat' dir='ltr'><strong>(Publius</strong></span> <span class='ocrx_word' id='word_1_78' title='bbox 1081 1639 1187 1692; x_wconf 76' lang='lat' dir='ltr'><strong>mit</strong></span> <span class='ocrx_word' id='word_1_79' title='bbox 1220 1639 1391 1692; x_wconf 78' lang='lat' dir='ltr'><strong>einem</strong></span> <span class='ocrx_word' id='word_1_80' title='bbox 1426 1638 1688 1707; x_wconf 72' lang='lat' dir='ltr'><strong>Achtraye</strong></span> <span class='ocrx_word' id='word_1_81' title='bbox 1723 1657 1798 1693; x_wconf 80' lang='lat' dir='ltr'><strong>an</strong></span> <span class='ocrx_word' id='word_1_82' title='bbox 1844 1640 2026 1694; x_wconf 84' lang='lat' dir='ltr'><strong>Urban</strong></span> <span class='ocrx_word' id='word_1_83' title='bbox 2055 1642 2312 1710; x_wconf 75' lang='lat' dir='ltr'><strong>yesandt.)</strong></span> 
     </span>
     <span class='ocr_line' id='line_1_13' title="bbox 859 1752 2241 1815; baseline 0.001 -10"><span class='ocrx_word' id='word_1_84' title='bbox 859 1752 1177 1815; x_wconf 77' lang='lat' dir='ltr'><strong>Singulari</strong></span> <span class='ocrx_word' id='word_1_85' title='bbox 1211 1765 1323 1803; x_wconf 84' lang='lat' dir='ltr'><strong>suo</strong></span> <span class='ocrx_word' id='word_1_86' title='bbox 1358 1766 1566 1814; x_wconf 79' lang='lat' dir='ltr'><strong>papae</strong></span> <span class='ocrx_word' id='word_1_87' title='bbox 1601 1753 1859 1805; x_wconf 84' lang='lat' dir='ltr'><strong>Urbano</strong></span> <span class='ocrx_word' id='word_1_88' title='bbox 1895 1755 1984 1806; x_wconf 75' lang='lat' dir='ltr'><strong>M.</strong></span> <span class='ocrx_word' id='word_1_89' title='bbox 2019 1753 2241 1806; x_wconf 71' lang='lat' dir='ltr'><strong>Bume-</strong></span> 
     </span>
    </p>
   </div>
   <div class='ocr_carea' id='block_1_5' title="bbox 423 1864 2681 2016">
    <p class='ocr_par' dir='ltr' id='par_1_5' title="bbox 423 1864 2681 2016">
     <span class='ocr_line' id='line_1_14' title="bbox 633 1864 2681 1948; baseline 0.002 -19"><span class='ocrx_word' id='word_1_90' title='bbox 633 1864 843 1930; x_wconf 81' lang='lat' dir='ltr'><strong>SaluS.</strong></span> <span class='ocrx_word' id='word_1_91' title='bbox 941 1866 1117 1931; x_wconf 89' lang='lat' dir='ltr'><strong>Unus</strong></span> <span class='ocrx_word' id='word_1_92' title='bbox 1192 1865 1463 1930; x_wconf 89' lang='lat' dir='ltr'><strong>Publius</strong></span> <span class='ocrx_word' id='word_1_93' title='bbox 1537 1866 1625 1929; x_wconf 89' lang='lat' dir='ltr'><strong>sit</strong></span> <span class='ocrx_word' id='word_1_94' title='bbox 1698 1865 1817 1930; x_wconf 88' lang='lat' dir='ltr'><strong>tibi</strong></span> <span class='ocrx_word' id='word_1_95' title='bbox 1886 1889 1998 1948; x_wconf 88' lang='lat' dir='ltr'><strong>pro</strong></span> <span class='ocrx_word' id='word_1_96' title='bbox 2074 1872 2326 1932; x_wconf 88' lang='lat' dir='ltr'><strong>centum</strong></span> <span class='ocrx_word' id='word_1_97' title='bbox 2406 1869 2681 1935; x_wconf 81' lang='lat' dir='ltr'><strong>milibus,</strong></span> 
     </span>
     <span class='ocr_line' id='line_1_15' title="bbox 423 1947 1913 2016; baseline 0.001 -2"><span class='ocrx_word' id='word_1_98' title='bbox 423 1951 599 2016; x_wconf 86' lang='lat' dir='ltr'><strong>Adeo</strong></span> <span class='ocrx_word' id='word_1_99' title='bbox 644 1951 810 2015; x_wconf 88' lang='lat' dir='ltr'><strong>fidus</strong></span> <span class='ocrx_word' id='word_1_100' title='bbox 856 1956 922 2016; x_wconf 90' lang='lat' dir='ltr'><strong>et</strong></span> <span class='ocrx_word' id='word_1_101' title='bbox 964 1947 1316 2016; x_wconf 71' lang='lat' dir='ltr'><strong>verus&#39;est.</strong></span> <span class='ocrx_word' id='word_1_102' title='bbox 1408 1950 1562 2014; x_wconf 86' lang='lat' dir='ltr'><strong>Vale</strong></span> <span class='ocrx_word' id='word_1_103' title='bbox 1607 1955 1671 2015; x_wconf 89' lang='lat' dir='ltr'><strong>et</strong></span> <span class='ocrx_word' id='word_1_104' title='bbox 1715 1951 1913 2015; x_wconf 81' lang='lat' dir='ltr'><strong>audi.³</strong></span> 
     </span>
    </p>
   </div>
   <div class='ocr_carea' id='block_1_6' title="bbox 730 2049 1180 2107">
    <p class='ocr_par' dir='ltr' id='par_1_6' title="bbox 730 2049 1180 2107">
     <span class='ocr_line' id='line_1_16' title="bbox 730 2049 1180 2107; baseline -0.002 -2"><span class='ocrx_word' id='word_1_105' title='bbox 730 2051 855 2107; x_wconf 88' lang='lat' dir='ltr'><strong>Cod.</strong></span> <span class='ocrx_word' id='word_1_106' title='bbox 891 2049 1025 2106; x_wconf 86' lang='lat' dir='ltr'><strong>Frcf.</strong></span> <span class='ocrx_word' id='word_1_107' title='bbox 1063 2051 1180 2105; x_wconf 88' lang='grc'><strong>384.</strong></span> 
     </span>
    </p>
   </div>
   <div class='ocr_carea' id='block_1_7' title="bbox 418 2224 2680 2311">
    <p class='ocr_par' dir='ltr' id='par_1_7' title="bbox 418 2224 2680 2311">
     <span class='ocr_line' id='line_1_17' title="bbox 418 2224 2680 2311; baseline 0.002 -18"><span class='ocrx_word' id='word_1_108' title='bbox 418 2239 655 2309; x_wconf 77' lang='lat' dir='ltr'><strong>(Gotha.)</strong></span> <span class='ocrx_word' id='word_1_109' title='bbox 1474 2224 1622 2288; x_wconf 88' lang='lat'>410.</span> <span class='ocrx_word' id='word_1_110' title='bbox 2188 2242 2268 2298; x_wconf 89' lang='lat'><strong>13.</strong></span> <span class='ocrx_word' id='word_1_111' title='bbox 2305 2241 2446 2310; x_wconf 76' lang='lat' dir='ltr'><strong>Sept.</strong></span> <span class='ocrx_word' id='word_1_112' title='bbox 2486 2243 2680 2311; x_wconf 87' lang='lat'>(1514).</span> 
     </span>
    </p>
   </div>
   <div class='ocr_carea' id='block_1_8' title="bbox 1176 2347 1934 2421">
    <p class='ocr_par' dir='ltr' id='par_1_8' title="bbox 1176 2347 1934 2421">
     <span class='ocr_line' id='line_1_18' title="bbox 1176 2347 1934 2421; baseline 0 -3"><span class='ocrx_word' id='word_1_113' title='bbox 1176 2349 1468 2421; x_wconf 82' lang='lat' dir='ltr'><strong>Mutian</strong></span> <span class='ocrx_word' id='word_1_114' title='bbox 1514 2370 1615 2419; x_wconf 83' lang='lat' dir='ltr'><strong>an</strong></span> <span class='ocrx_word' id='word_1_115' title='bbox 1654 2347 1934 2418; x_wconf 84' lang='lat' dir='ltr'><strong>Urban.</strong></span> 
     </span>
    </p>
   </div>
   <div class='ocr_carea' id='block_1_9' title="bbox 417 2477 2680 2686">
    <p class='ocr_par' dir='ltr' id='par_1_9' title="bbox 417 2477 2680 2686">
     <span class='ocr_line' id='line_1_19' title="bbox 421 2477 2680 2546; baseline 0.002 -15"><span class='ocrx_word' id='word_1_116' title='bbox 421 2482 448 2546; x_wconf 93' lang='lat'><em>(</em></span> <span class='ocrx_word' id='word_1_117' title='bbox 457 2478 652 2531; x_wconf 70' lang='lat' dir='ltr'><strong>Wurde</strong></span> <span class='ocrx_word' id='word_1_118' title='bbox 685 2478 835 2532; x_wconf 76' lang='lat' dir='ltr'><strong>nicht</strong></span> <span class='ocrx_word' id='word_1_119' title='bbox 868 2496 971 2531; x_wconf 73' lang='lat' dir='ltr'><strong>von</strong></span> <span class='ocrx_word' id='word_1_120' title='bbox 1007 2480 1100 2532; x_wconf 81' lang='lat' dir='ltr'><strong>der</strong></span> <span class='ocrx_word' id='word_1_121' title='bbox 1133 2478 1495 2533; x_wconf 75' lang='lat' dir='ltr'><strong>Anwesenheit</strong></span> <span class='ocrx_word' id='word_1_122' title='bbox 1538 2479 1627 2532; x_wconf 78' lang='lat' dir='ltr'><strong>des</strong></span> <span class='ocrx_word' id='word_1_123' title='bbox 1672 2478 1830 2532; x_wconf 74' lang='lat' dir='ltr'><strong>Abtes</strong></span> <span class='ocrx_word' id='word_1_124' title='bbox 1875 2478 1958 2530; x_wconf 76' lang='lat' dir='ltr'><strong>im</strong></span> <span class='ocrx_word' id='word_1_125' title='bbox 2004 2477 2418 2533; x_wconf 75' lang='lat' dir='ltr'><strong>Nonnenlcloster</strong></span> <span class='ocrx_word' id='word_1_126' title='bbox 2462 2481 2680 2535; x_wconf 76' lang='lat' dir='ltr'><strong>benach-</strong></span> 
     </span>
     <span class='ocr_line' id='line_1_20' title="bbox 417 2546 2680 2615; baseline 0.001 -16"><span class='ocrx_word' id='word_1_127' title='bbox 417 2547 654 2615; x_wconf 68' lang='lat' dir='ltr'><strong>r‘e‘eht‘e&#39;qt,</strong></span> <span class='ocrx_word' id='word_1_128' title='bbox 690 2548 804 2600; x_wconf 75' lang='lat' dir='ltr'><strong>will</strong></span> <span class='ocrx_word' id='word_1_129' title='bbox 837 2548 963 2601; x_wconf 79' lang='lat' dir='ltr'><strong>aber</strong></span> <span class='ocrx_word' id='word_1_130' title='bbox 996 2549 1277 2602; x_wconf 73' lang='lat' dir='ltr'><strong>nc&#39;ichstms</strong></span> <span class='ocrx_word' id='word_1_131' title='bbox 1311 2565 1442 2601; x_wconf 69' lang='lat' dir='ltr'><strong>‘xum</strong></span> <span class='ocrx_word' id='word_1_132' title='bbox 1476 2547 1622 2611; x_wconf 77' lang='lat' dir='ltr'><strong><em>Abte,</em></strong></span> <span class='ocrx_word' id='word_1_133' title='bbox 1656 2548 1750 2599; x_wconf 79' lang='lat' dir='ltr'><strong>der</strong></span> <span class='ocrx_word' id='word_1_134' title='bbox 1785 2547 1901 2599; x_wconf 71' lang='lat' dir='ltr'><strong>ihm</strong></span> <span class='ocrx_word' id='word_1_135' title='bbox 1935 2546 2020 2599; x_wconf 72' lang='lat' dir='ltr'><strong>die</strong></span> <span class='ocrx_word' id='word_1_136' title='bbox 2053 2548 2369 2615; x_wconf 76' lang='lat' dir='ltr'><strong>sophisticae</strong></span> <span class='ocrx_word' id='word_1_137' title='bbox 2416 2550 2680 2604; x_wconf 72' lang='lat' dir='ltr'><strong>Entitates</strong></span> 
     </span>
     <span class='ocr_line' id='line_1_21' title="bbox 971 2616 2130 2686; baseline 0 -18"><span class='ocrx_word' id='word_1_138' title='bbox 971 2618 1263 2686; x_wconf 61' lang='lat' dir='ltr'><strong>qest-heum,</strong></span> <span class='ocrx_word' id='word_1_139' title='bbox 1301 2634 1397 2670; x_wconf 84' lang='lat' dir='ltr'><strong>um</strong></span> <span class='ocrx_word' id='word_1_140' title='bbox 1429 2616 1525 2685; x_wconf 72' lang='lat' dir='ltr'><strong>fiir</strong></span> <span class='ocrx_word' id='word_1_141' title='bbox 1574 2616 1757 2669; x_wconf 80' lang='lat' dir='ltr'><strong>Urban</strong></span> <span class='ocrx_word' id='word_1_142' title='bbox 1790 2632 1864 2668; x_wconf 69' lang='lat' dir='ltr'><strong>zu</strong></span> <span class='ocrx_word' id='word_1_143' title='bbox 1897 2616 2130 2683; x_wconf 72' lang='lat' dir='ltr'><strong>zm&#39;rlcen.)</strong></span> 
     </span>
    </p>
   </div>
   <div class='ocr_carea' id='block_1_10' title="bbox 847 2729 2238 2783">
    <p class='ocr_par' dir='ltr' id='par_1_10' title="bbox 847 2729 2238 2783">
     <span class='ocr_line' id='line_1_22' title="bbox 847 2729 2238 2783; baseline 0.001 -2"><span class='ocrx_word' id='word_1_144' title='bbox 847 2732 1294 2783; x_wconf 79' lang='lat' dir='ltr'><strong>Amantissimo</strong></span> <span class='ocrx_word' id='word_1_145' title='bbox 1332 2744 1443 2781; x_wconf 84' lang='lat' dir='ltr'><strong>suo</strong></span> <span class='ocrx_word' id='word_1_146' title='bbox 1480 2732 1565 2781; x_wconf 80' lang='lat' dir='ltr'><strong>H.</strong></span> <span class='ocrx_word' id='word_1_147' title='bbox 1601 2729 1858 2781; x_wconf 78' lang='lat' dir='ltr'><strong>Urbano</strong></span> <span class='ocrx_word' id='word_1_148' title='bbox 1893 2731 1982 2782; x_wconf 75' lang='lat' dir='ltr'><strong>M.</strong></span> <span class='ocrx_word' id='word_1_149' title='bbox 2016 2729 2238 2782; x_wconf 68' lang='lat' dir='ltr'><strong>Rufus.</strong></span> 
     </span>
    </p>
   </div>
   <div class='ocr_carea' id='block_1_11' title="bbox 407 2840 2681 3867">
    <p class='ocr_par' dir='ltr' id='par_1_11' title="bbox 407 2840 2681 3867">
     <span class='ocr_line' id='line_1_23' title="bbox 622 2840 2678 2926; baseline 0.001 -21"><span class='ocrx_word' id='word_1_150' title='bbox 622 2840 687 2905; x_wconf 84' lang='lat' dir='ltr'><strong>S.</strong></span> <span class='ocrx_word' id='word_1_151' title='bbox 780 2840 942 2906; x_wconf 85' lang='lat' dir='ltr'><strong>Fato</strong></span> <span class='ocrx_word' id='word_1_152' title='bbox 988 2843 1204 2906; x_wconf 88' lang='lat' dir='ltr'><strong>nescio</strong></span> <span class='ocrx_word' id='word_1_153' title='bbox 1252 2863 1377 2924; x_wconf 87' lang='lat' dir='ltr'><strong>quo</strong></span> <span class='ocrx_word' id='word_1_154' title='bbox 1441 2841 1788 2923; x_wconf 75' lang='lat' dir='ltr'><strong>contigisse</strong></span> <span class='ocrx_word' id='word_1_155' title='bbox 1849 2841 2143 2920; x_wconf 81' lang='lat' dir='ltr'><strong>arbitror,</strong></span> <span class='ocrx_word' id='word_1_156' title='bbox 2208 2845 2281 2906; x_wconf 85' lang='lat' dir='ltr'><strong>ut</strong></span> <span class='ocrx_word' id='word_1_157' title='bbox 2339 2846 2519 2926; x_wconf 84' lang='lat' dir='ltr'><strong>pater</strong></span> <span class='ocrx_word' id='word_1_158' title='bbox 2573 2844 2678 2908; x_wconf 91' lang='lat' dir='ltr'><strong>ille</strong></span> 
     </span>
     <span class='ocr_line' id='line_1_24' title="bbox 413 2924 2676 3011; baseline 0.002 -22"><span class='ocrx_word' id='word_1_159' title='bbox 413 2926 661 2990; x_wconf 69' lang='lat' dir='ltr'><strong>noster*</strong></span> <span class='ocrx_word' id='word_1_160' title='bbox 705 2924 931 2991; x_wconf 86' lang='lat' dir='ltr'><strong>Vestas</strong></span> <span class='ocrx_word' id='word_1_161' title='bbox 976 2928 1181 2992; x_wconf 86' lang='lat' dir='ltr'><strong>adiret</strong></span> <span class='ocrx_word' id='word_1_162' title='bbox 1228 2930 1365 2991; x_wconf 90' lang='lat' dir='ltr'><strong>sine</strong></span> <span class='ocrx_word' id='word_1_163' title='bbox 1410 2948 1552 2991; x_wconf 89' lang='lat' dir='ltr'><strong>meo</strong></span> <span class='ocrx_word' id='word_1_164' title='bbox 1600 2930 1985 2991; x_wconf 83' lang='lat' dir='ltr'><strong>interventu.</strong></span> <span class='ocrx_word' id='word_1_165' title='bbox 2077 2927 2238 2991; x_wconf 89' lang='lat' dir='ltr'><strong>Cum</strong></span> <span class='ocrx_word' id='word_1_166' title='bbox 2269 2928 2400 3006; x_wconf 87' lang='lat' dir='ltr'><strong>alii,</strong></span> <span class='ocrx_word' id='word_1_167' title='bbox 2443 2929 2676 3011; x_wconf 87' lang='lat' dir='ltr'><strong>quibus</strong></span> 
     </span>
     <span class='ocr_line' id='line_1_25' title="bbox 412 3012 2676 3096; baseline 0.002 -22"><span class='ocrx_word' id='word_1_168' title='bbox 412 3012 784 3077; x_wconf 86' lang='lat' dir='ltr'><strong>mandaram</strong></span> <span class='ocrx_word' id='word_1_169' title='bbox 846 3019 920 3077; x_wconf 87' lang='lat' dir='ltr'><strong>ut</strong></span> <span class='ocrx_word' id='word_1_170' title='bbox 977 3034 1094 3076; x_wconf 91' lang='lat' dir='ltr'><strong>nos</strong></span> <span class='ocrx_word' id='word_1_171' title='bbox 1148 3014 1431 3078; x_wconf 84' lang='lat' dir='ltr'><strong>facerent</strong></span> <span class='ocrx_word' id='word_1_172' title='bbox 1487 3014 1566 3077; x_wconf 86' lang='lat' dir='ltr'><strong>de</strong></span> <span class='ocrx_word' id='word_1_173' title='bbox 1622 3014 1984 3095; x_wconf 88' lang='lat' dir='ltr'><strong>praesentia</strong></span> <span class='ocrx_word' id='word_1_174' title='bbox 2037 3013 2304 3078; x_wconf 88' lang='lat' dir='ltr'><strong>Duronii</strong></span> <span class='ocrx_word' id='word_1_175' title='bbox 2357 3014 2676 3096; x_wconf 77' lang='lat' dir='ltr'><strong>certioreS‚</strong></span> 
     </span>
     <span class='ocr_line' id='line_1_26' title="bbox 412 3098 2681 3182; baseline 0.003 -23"><span class='ocrx_word' id='word_1_176' title='bbox 412 3119 514 3160; x_wconf 89' lang='lat' dir='ltr'><strong>me</strong></span> <span class='ocrx_word' id='word_1_177' title='bbox 559 3098 960 3182; x_wconf 86' lang='lat' dir='ltr'><strong>deceperunt,</strong></span> <span class='ocrx_word' id='word_1_178' title='bbox 1018 3102 1155 3162; x_wconf 83' lang='lat' dir='ltr'><strong>tum</strong></span> <span class='ocrx_word' id='word_1_179' title='bbox 1214 3098 1580 3163; x_wconf 84' lang='lat' dir='ltr'><strong>Musardus⁵</strong></span> <span class='ocrx_word' id='word_1_180' title='bbox 1642 3098 1994 3162; x_wconf 78' lang='lat' dir='ltr'><strong>mehercule</strong></span> <span class='ocrx_word' id='word_1_181' title='bbox 2051 3099 2360 3163; x_wconf 85' lang='lat' dir='ltr'><strong>Lotianae</strong></span> <span class='ocrx_word' id='word_1_182' title='bbox 2419 3100 2681 3165; x_wconf 81' lang='lat' dir='ltr'><strong>fraudu-</strong></span> 
     </span>
     <span class='ocr_line' id='line_1_27' title="bbox 412 3180 2678 3268; baseline 0.003 -23"><span class='ocrx_word' id='word_1_183' title='bbox 412 3182 649 3247; x_wconf 84' lang='lat' dir='ltr'><strong>lentiae</strong></span> <span class='ocrx_word' id='word_1_184' title='bbox 683 3234 695 3247; x_wconf 95' lang='lat'>.</span> <span class='ocrx_word' id='word_1_185' title='bbox 732 3235 743 3248; x_wconf 94' lang='lat'>.</span> <span class='ocrx_word' id='word_1_186' title='bbox 783 3195 854 3247; x_wconf 53' lang='grc' dir='ltr'><strong>,ὃ</strong></span> <span class='ocrx_word' id='word_1_187' title='bbox 912 3182 1069 3248; x_wconf 92' lang='lat' dir='ltr'><strong>nihil</strong></span> <span class='ocrx_word' id='word_1_188' title='bbox 1123 3185 1203 3248; x_wconf 86' lang='lat' dir='ltr'><strong>ad</strong></span> <span class='ocrx_word' id='word_1_189' title='bbox 1258 3180 1357 3249; x_wconf 78' lang='lat' dir='ltr'><strong>nie</strong></span> <span class='ocrx_word' id='word_1_190' title='bbox 1402 3184 1676 3267; x_wconf 76' lang='lat' dir='ltr'><strong>scripsit.</strong></span> <span class='ocrx_word' id='word_1_191' title='bbox 1764 3184 1836 3247; x_wconf 90' lang='lat' dir='ltr'><strong>In</strong></span> <span class='ocrx_word' id='word_1_192' title='bbox 1883 3205 2010 3265; x_wconf 88' lang='lat' dir='ltr'><strong>quo</strong></span> <span class='ocrx_word' id='word_1_193' title='bbox 2055 3184 2326 3248; x_wconf 88' lang='lat' dir='ltr'><strong>multum</strong></span> <span class='ocrx_word' id='word_1_194' title='bbox 2381 3206 2678 3268; x_wconf 86' lang='lat' dir='ltr'><strong>peccasse</strong></span> 
     </span>
     <span class='ocr_line' id='line_1_28' title="bbox 408 3268 2675 3353; baseline 0.001 -21"><span class='ocrx_word' id='word_1_195' title='bbox 408 3269 680 3333; x_wconf 86' lang='lat' dir='ltr'><strong>videtur.</strong></span> <span class='ocrx_word' id='word_1_196' title='bbox 770 3268 1109 3334; x_wconf 88' lang='lat' dir='ltr'><strong>Invidebat</strong></span> <span class='ocrx_word' id='word_1_197' title='bbox 1147 3275 1305 3353; x_wconf 86' lang='lat' dir='ltr'><strong>puto</strong></span> <span class='ocrx_word' id='word_1_198' title='bbox 1352 3270 1510 3334; x_wconf 84' lang='lat' dir='ltr'><strong>mihi</strong></span> <span class='ocrx_word' id='word_1_199' title='bbox 1554 3268 1803 3352; x_wconf 83' lang='lat' dir='ltr'><strong>tibique</strong></span> <span class='ocrx_word' id='word_1_200' title='bbox 1863 3269 2234 3334; x_wconf 89' lang='lat' dir='ltr'><strong>Duronium.</strong></span> <span class='ocrx_word' id='word_1_201' title='bbox 2330 3270 2454 3333; x_wconf 84' lang='lat' dir='ltr'><strong>Sed</strong></span> <span class='ocrx_word' id='word_1_202' title='bbox 2515 3272 2675 3336; x_wconf 88' lang='lat' dir='ltr'><strong>nihil</strong></span> 
     </span>
     <span class='ocr_line' id='line_1_29' title="bbox 410 3352 2676 3436; baseline 0.002 -19"><span class='ocrx_word' id='word_1_203' title='bbox 410 3358 616 3436; x_wconf 87' lang='lat' dir='ltr'><strong>agunt</strong></span> <span class='ocrx_word' id='word_1_204' title='bbox 644 3354 1006 3420; x_wconf 86' lang='lat' dir='ltr'><strong>adversarii.</strong></span> <span class='ocrx_word' id='word_1_205' title='bbox 1084 3355 1273 3421; x_wconf 86' lang='lat' dir='ltr'><strong>Pater</strong></span> <span class='ocrx_word' id='word_1_206' title='bbox 1310 3361 1428 3436; x_wconf 85' lang='lat' dir='ltr'><strong>est,</strong></span> <span class='ocrx_word' id='word_1_207' title='bbox 1460 3359 1535 3420; x_wconf 83' lang='lat' dir='ltr'><strong>ut</strong></span> <span class='ocrx_word' id='word_1_208' title='bbox 1578 3356 1771 3435; x_wconf 86' lang='lat' dir='ltr'><strong>nosti,</strong></span> <span class='ocrx_word' id='word_1_209' title='bbox 1818 3352 2330 3419; x_wconf 77' lang='lat' dir='ltr'><strong>Bartholiaster.⁸</strong></span> <span class='ocrx_word' id='word_1_210' title='bbox 2417 3355 2676 3421; x_wconf 86' lang='lat' dir='ltr'><strong>Lotiani</strong></span> 
     </span>
     <span class='ocr_line' id='line_1_30' title="bbox 410 3440 2670 3524; baseline 0.002 -21"><span class='ocrx_word' id='word_1_211' title='bbox 410 3445 477 3504; x_wconf 88' lang='lat' dir='ltr'><strong>et</strong></span> <span class='ocrx_word' id='word_1_212' title='bbox 544 3440 818 3506; x_wconf 87' lang='lat' dir='ltr'><strong>Moriani</strong></span> <span class='ocrx_word' id='word_1_213' title='bbox 884 3442 1177 3523; x_wconf 86' lang='lat' dir='ltr'><strong>quamvis</strong></span> <span class='ocrx_word' id='word_1_214' title='bbox 1245 3442 1480 3524; x_wconf 86' lang='lat' dir='ltr'><strong>magni,</strong></span> <span class='ocrx_word' id='word_1_215' title='bbox 1551 3446 1626 3505; x_wconf 80' lang='lat' dir='ltr'><strong>ut</strong></span> <span class='ocrx_word' id='word_1_216' title='bbox 1689 3442 1882 3523; x_wconf 89' lang='lat' dir='ltr'><strong>vulgo</strong></span> <span class='ocrx_word' id='word_1_217' title='bbox 1951 3440 2154 3522; x_wconf 86' lang='lat' dir='ltr'><strong>ajunt,</strong></span> <span class='ocrx_word' id='word_1_218' title='bbox 2232 3442 2670 3521; x_wconf 86' lang='lat' dir='ltr'><strong>devotionarii‚</strong></span> 
     </span>
     <span class='ocr_line' id='line_1_31' title="bbox 409 3526 2672 3609; baseline 0.001 -19"><span class='ocrx_word' id='word_1_219' title='bbox 409 3529 625 3591; x_wconf 85' lang='lat' dir='ltr'><strong>tamen</strong></span> <span class='ocrx_word' id='word_1_220' title='bbox 702 3526 891 3592; x_wconf 87' lang='lat' dir='ltr'><strong>nobis</strong></span> <span class='ocrx_word' id='word_1_221' title='bbox 964 3528 1255 3592; x_wconf 88' lang='lat' dir='ltr'><strong>insidiari</strong></span> <span class='ocrx_word' id='word_1_222' title='bbox 1324 3548 1453 3593; x_wconf 90' lang='lat' dir='ltr'><strong>non</strong></span> <span class='ocrx_word' id='word_1_223' title='bbox 1524 3527 1845 3591; x_wconf 84' lang='lat' dir='ltr'><strong>desinunt.</strong></span> <span class='ocrx_word' id='word_1_224' title='bbox 1937 3526 2274 3609; x_wconf 88' lang='lat' dir='ltr'><strong>Utcunque</strong></span> <span class='ocrx_word' id='word_1_225' title='bbox 2342 3528 2445 3606; x_wconf 83' lang='lat' dir='ltr'><strong>sit,</strong></span> <span class='ocrx_word' id='word_1_226' title='bbox 2513 3529 2672 3592; x_wconf 91' lang='lat' dir='ltr'><strong>nihil</strong></span> 
     </span>
     <span class='ocr_line' id='line_1_32' title="bbox 408 3612 2672 3693; baseline 0.001 -18"><span class='ocrx_word' id='word_1_227' title='bbox 408 3618 631 3693; x_wconf 80' lang='lat' dir='ltr'><strong>agunt,</strong></span> <span class='ocrx_word' id='word_1_228' title='bbox 698 3616 775 3677; x_wconf 86' lang='lat' dir='ltr'><strong>ut</strong></span> <span class='ocrx_word' id='word_1_229' title='bbox 847 3614 1001 3677; x_wconf 84' lang='lat' dir='ltr'><strong>dixi.</strong></span> <span class='ocrx_word' id='word_1_230' title='bbox 1118 3613 1281 3677; x_wconf 86' lang='lat' dir='ltr'><strong>Nam</strong></span> <span class='ocrx_word' id='word_1_231' title='bbox 1358 3614 1616 3677; x_wconf 84' lang='lat' dir='ltr'><strong>cenanti</strong></span> <span class='ocrx_word' id='word_1_232' title='bbox 1694 3612 1850 3675; x_wconf 89' lang='lat' dir='ltr'><strong>mihi</strong></span> <span class='ocrx_word' id='word_1_233' title='bbox 1927 3613 2276 3676; x_wconf 83' lang='lat' dir='ltr'><strong>destinavit</strong></span> <span class='ocrx_word' id='word_1_234' title='bbox 2348 3612 2672 3678; x_wconf 88' lang='lat' dir='ltr'><strong>Duronius</strong></span> 
     </span>
     <span class='ocr_line' id='line_1_33' title="bbox 407 3698 2665 3780; baseline 0.001 -19"><span class='ocrx_word' id='word_1_235' title='bbox 407 3699 790 3780; x_wconf 87' lang='lat' dir='ltr'><strong>sophisticas</strong></span> <span class='ocrx_word' id='word_1_236' title='bbox 836 3698 1208 3776; x_wconf 53' lang='lat' dir='ltr'><strong>limitatas}</strong></span> <span class='ocrx_word' id='word_1_237' title='bbox 1271 3722 1399 3763; x_wconf 91' lang='lat' dir='ltr'><strong>rem</strong></span> <span class='ocrx_word' id='word_1_238' title='bbox 1448 3700 1638 3762; x_wconf 82' lang='lat' dir='ltr'><strong>nauci</strong></span> <span class='ocrx_word' id='word_1_239' title='bbox 1681 3699 2075 3777; x_wconf 81' lang='lat' dir='ltr'><strong>faciundam3</strong></span> <span class='ocrx_word' id='word_1_240' title='bbox 2123 3719 2195 3762; x_wconf 94' lang='lat' dir='ltr'><strong>eo</strong></span> <span class='ocrx_word' id='word_1_241' title='bbox 2227 3703 2442 3762; x_wconf 87' lang='lat' dir='ltr'><strong>tamen</strong></span> <span class='ocrx_word' id='word_1_242' title='bbox 2476 3700 2665 3763; x_wconf 85' lang='lat' dir='ltr'><strong>desti-</strong></span> 
     </span>
     <span class='ocr_line' id='line_1_34' title="bbox 407 3784 2673 3867; baseline 0.001 -20"><span class='ocrx_word' id='word_1_243' title='bbox 407 3786 607 3863; x_wconf 85' lang='lat' dir='ltr'><strong>navit,</strong></span> <span class='ocrx_word' id='word_1_244' title='bbox 654 3791 728 3848; x_wconf 84' lang='lat' dir='ltr'><strong>ut</strong></span> <span class='ocrx_word' id='word_1_245' title='bbox 772 3806 917 3850; x_wconf 87' lang='lat' dir='ltr'><strong>caro</strong></span> <span class='ocrx_word' id='word_1_246' title='bbox 974 3806 1090 3850; x_wconf 89' lang='lat' dir='ltr'><strong>suo</strong></span> <span class='ocrx_word' id='word_1_247' title='bbox 1156 3784 1465 3863; x_wconf 85' lang='lat' dir='ltr'><strong>Mutiano,</strong></span> <span class='ocrx_word' id='word_1_248' title='bbox 1526 3785 1620 3847; x_wconf 86' lang='lat' dir='ltr'><strong>uti</strong></span> <span class='ocrx_word' id='word_1_249' title='bbox 1677 3805 1793 3865; x_wconf 87' lang='lat' dir='ltr'><strong>ego</strong></span> <span class='ocrx_word' id='word_1_250' title='bbox 1853 3786 2251 3867; x_wconf 86' lang='lat' dir='ltr'><strong>interpretor,</strong></span> <span class='ocrx_word' id='word_1_251' title='bbox 2319 3786 2673 3849; x_wconf 86' lang='lat' dir='ltr'><strong>insinuaret</strong></span> 
     </span>
    </p>
   </div>
   <div class='ocr_carea' id='block_1_12' title="bbox 403 3940 818 3949">
    <p class='ocr_par' dir='ltr' id='par_1_12' title="bbox 403 3940 818 3949">
     <span class='ocr_line' id='line_1_35' title="bbox 403 3940 818 3949; baseline 0 946"><span class='ocrx_word' id='word_1_252' title='bbox 403 3940 818 3949; x_wconf 95' lang='lat' dir='ltr'><strong> </strong></span> 
     </span>
    </p>
   </div>
   <div class='ocr_carea' id='block_1_13' title="bbox 402 4022 2671 4485">
    <p class='ocr_par' dir='ltr' id='par_1_13' title="bbox 543 4022 2133 4091">
     <span class='ocr_line' id='line_1_36' title="bbox 543 4022 2133 4091; baseline 0 -16"><span class='ocrx_word' id='word_1_253' title='bbox 543 4036 572 4065; x_wconf 59' lang='grc' dir='ltr'><strong>ο</strong></span> <span class='ocrx_word' id='word_1_254' title='bbox 599 4022 677 4075; x_wconf 77' lang='lat' dir='ltr'><strong>Es</strong></span> <span class='ocrx_word' id='word_1_255' title='bbox 710 4022 913 4076; x_wconf 74' lang='lat' dir='ltr'><strong>scheim</strong></span> <span class='ocrx_word' id='word_1_256' title='bbox 946 4023 1038 4076; x_wconf 64' lang='lat' dir='ltr'><strong>e‘bn</strong></span> <span class='ocrx_word' id='word_1_257' title='bbox 1086 4024 1248 4084; x_wconf 83' lang='lat' dir='ltr'><strong>Wort,</strong></span> <span class='ocrx_word' id='word_1_258' title='bbox 1284 4024 1417 4077; x_wconf 77' lang='lat' dir='ltr'><strong>etz&#39;ca</strong></span> <span class='ocrx_word' id='word_1_259' title='bbox 1449 4023 1761 4087; x_wconf 69' lang='lat' dir='ltr'><strong>inserviens,</strong></span> <span class='ocrx_word' id='word_1_260' title='bbox 1795 4022 2133 4091; x_wconf 70' lang='lat' dir='ltr'><strong>ausyefallen.</strong></span> 
     </span>
    </p>

    <p class='ocr_par' dir='ltr' id='par_1_14' title="bbox 402 4090 2671 4485">
     <span class='ocr_line' id='line_1_37' title="bbox 546 4090 2671 4159; baseline -0.001 -14"><span class='ocrx_word' id='word_1_261' title='bbox 546 4093 563 4123; x_wconf 87' lang='lat'><strong>¹</strong></span> <span class='ocrx_word' id='word_1_262' title='bbox 600 4092 709 4145; x_wconf 91' lang='lat' dir='ltr'><strong>Der</strong></span> <span class='ocrx_word' id='word_1_263' title='bbox 727 4092 849 4147; x_wconf 89' lang='lat' dir='ltr'><strong>Abt.</strong></span> <span class='ocrx_word' id='word_1_264' title='bbox 887 4092 938 4148; x_wconf 89' lang='lat' dir='ltr'><strong>S.</strong></span> <span class='ocrx_word' id='word_1_265' title='bbox 962 4092 1063 4147; x_wconf 91' lang='lat'><strong>108</strong></span> <span class='ocrx_word' id='word_1_266' title='bbox 1082 4096 1143 4147; x_wconf 90' lang='lat' dir='ltr'><strong>A.</strong></span> <span class='ocrx_word' id='word_1_267' title='bbox 1168 4096 1216 4146; x_wconf 94' lang='lat'><strong>1.</strong></span> <span class='ocrx_word' id='word_1_268' title='bbox 1306 4092 1514 4145; x_wconf 79' lang='lat' dir='ltr'><strong>Mutian</strong></span> <span class='ocrx_word' id='word_1_269' title='bbox 1532 4091 1644 4144; x_wconf 82' lang='lat' dir='ltr'><strong>will</strong></span> <span class='ocrx_word' id='word_1_270' title='bbox 1662 4092 1842 4155; x_wconf 80' lang='lat' dir='ltr'><strong>Urban</strong></span> <span class='ocrx_word' id='word_1_271' title='bbox 1878 4109 1972 4144; x_wconf 83' lang='lat' dir='ltr'><strong>zur</strong></span> <span class='ocrx_word' id='word_1_272' title='bbox 2005 4092 2347 4159; x_wconf 70' lang='lat' dir='ltr'><strong>Bestiitigung</strong></span> <span class='ocrx_word' id='word_1_273' title='bbox 2379 4091 2436 4143; x_wconf 88' lang='lat' dir='ltr'><strong>in</strong></span> <span class='ocrx_word' id='word_1_274' title='bbox 2470 4090 2671 4143; x_wconf 84' lang='lat' dir='ltr'><strong>seinem</strong></span> 
     </span>
     <span class='ocr_line' id='line_1_38' title="bbox 404 4159 2671 4228; baseline 0 -17"><span class='ocrx_word' id='word_1_275' title='bbox 404 4160 563 4211; x_wconf 85' lang='lat' dir='ltr'><strong>Amte</strong></span> <span class='ocrx_word' id='word_1_276' title='bbox 586 4160 666 4213; x_wconf 79' lang='lat' dir='ltr'><strong>als</strong></span> <span class='ocrx_word' id='word_1_277' title='bbox 685 4160 981 4214; x_wconf 79' lang='lat' dir='ltr'><strong>Verwalter</strong></span> <span class='ocrx_word' id='word_1_278' title='bbox 998 4162 1091 4214; x_wconf 82' lang='lat' dir='ltr'><strong>des</strong></span> <span class='ocrx_word' id='word_1_279' title='bbox 1121 4160 1530 4228; x_wconf 81' lang='lat' dir='ltr'><strong>Georgenthaler</strong></span> <span class='ocrx_word' id='word_1_280' title='bbox 1547 4160 1708 4213; x_wconf 85' lang='lat' dir='ltr'><strong>Hofes</strong></span> <span class='ocrx_word' id='word_1_281' title='bbox 1727 4160 2039 4228; x_wconf 83' lang='lat' dir='ltr'><strong>empfehlen.</strong></span> <span class='ocrx_word' id='word_1_282' title='bbox 2078 4159 2129 4213; x_wconf 85' lang='lat' dir='ltr'><strong>S.</strong></span> <span class='ocrx_word' id='word_1_283' title='bbox 2150 4160 2254 4213; x_wconf 85' lang='lat'><strong>462</strong></span> <span class='ocrx_word' id='word_1_284' title='bbox 2275 4164 2336 4213; x_wconf 84' lang='lat' dir='ltr'><strong>A.</strong></span> <span class='ocrx_word' id='word_1_285' title='bbox 2360 4162 2439 4212; x_wconf 91' lang='lat'><strong>11.</strong></span> <span class='ocrx_word' id='word_1_286' title='bbox 2513 4160 2534 4191; x_wconf 77' lang='lat'>²</span> <span class='ocrx_word' id='word_1_287' title='bbox 2552 4160 2671 4227; x_wconf 87' lang='lat' dir='ltr'><strong>Vgl.</strong></span> 
     </span>
     <span class='ocr_line' id='line_1_39' title="bbox 402 4226 2668 4297; baseline 0.003 -20"><span class='ocrx_word' id='word_1_288' title='bbox 402 4226 490 4281; x_wconf 91' lang='lat' dir='ltr'><strong>Br.</strong></span> <span class='ocrx_word' id='word_1_289' title='bbox 526 4228 646 4284; x_wconf 82' lang='lat'>419.</span> <span class='ocrx_word' id='word_1_290' title='bbox 790 4230 811 4261; x_wconf 79' lang='lat'><strong>⁸</strong></span> <span class='ocrx_word' id='word_1_291' title='bbox 844 4230 893 4281; x_wconf 82' lang='lat' dir='ltr'><strong>V</strong></span> <span class='ocrx_word' id='word_1_292' title='bbox 928 4230 962 4285; x_wconf 91' lang='lat'><strong>1.</strong></span> <span class='ocrx_word' id='word_1_293' title='bbox 1018 4231 1121 4283; x_wconf 86' lang='lat' dir='ltr'><strong>den</strong></span> <span class='ocrx_word' id='word_1_294' title='bbox 1176 4229 1396 4282; x_wconf 84' lang='lat' dir='ltr'><strong>Schluss</strong></span> <span class='ocrx_word' id='word_1_295' title='bbox 1448 4228 1542 4281; x_wconf 89' lang='lat' dir='ltr'><strong>des</strong></span> <span class='ocrx_word' id='word_1_296' title='bbox 1595 4245 1703 4283; x_wconf 78' lang='lat' dir='ltr'><strong>vor.</strong></span> <span class='ocrx_word' id='word_1_297' title='bbox 1743 4229 1828 4281; x_wconf 61' lang='grc' dir='ltr'><strong>ΒΥ.</strong></span> <span class='ocrx_word' id='word_1_298' title='bbox 1971 4231 1991 4260; x_wconf 88' lang='lat'><strong>⁴</strong></span> <span class='ocrx_word' id='word_1_299' title='bbox 2025 4228 2132 4281; x_wconf 87' lang='lat' dir='ltr'><strong>Der</strong></span> <span class='ocrx_word' id='word_1_300' title='bbox 2185 4229 2293 4281; x_wconf 87' lang='lat' dir='ltr'><strong>Abt</strong></span> <span class='ocrx_word' id='word_1_301' title='bbox 2344 4228 2668 4297; x_wconf 83' lang='lat' dir='ltr'><strong>(Duronius).</strong></span> 
     </span>
     <span class='ocr_line' id='line_1_40' title="bbox 402 4293 2671 4364; baseline 0.001 -17"><span class='ocrx_word' id='word_1_302' title='bbox 402 4293 521 4363; x_wconf 87' lang='lat' dir='ltr'><strong>Vgl.</strong></span> <span class='ocrx_word' id='word_1_303' title='bbox 543 4295 763 4350; x_wconf 81' lang='lat' dir='ltr'><strong>Schluss</strong></span> <span class='ocrx_word' id='word_1_304' title='bbox 782 4315 886 4351; x_wconf 74' lang='lat' dir='ltr'><strong>von</strong></span> <span class='ocrx_word' id='word_1_305' title='bbox 952 4316 991 4351; x_wconf 90' lang='lat' dir='ltr'><strong>r.</strong></span> <span class='ocrx_word' id='word_1_306' title='bbox 1012 4299 1129 4353; x_wconf 90' lang='lat'>408.</span> <span class='ocrx_word' id='word_1_307' title='bbox 1222 4300 1243 4331; x_wconf 77' lang='lat'>⁶</span> <span class='ocrx_word' id='word_1_308' title='bbox 1280 4297 1477 4350; x_wconf 83' lang='lat' dir='ltr'><strong>Lchrer</strong></span> <span class='ocrx_word' id='word_1_309' title='bbox 1499 4298 1554 4348; x_wconf 86' lang='lat' dir='ltr'><strong>in</strong></span> <span class='ocrx_word' id='word_1_310' title='bbox 1574 4297 1936 4364; x_wconf 82' lang='lat' dir='ltr'><strong>Georgenthal.</strong></span> <span class='ocrx_word' id='word_1_311' title='bbox 1974 4297 2025 4350; x_wconf 84' lang='lat' dir='ltr'><strong>S.</strong></span> <span class='ocrx_word' id='word_1_312' title='bbox 2045 4298 2148 4351; x_wconf 83' lang='lat'><strong>469</strong></span> <span class='ocrx_word' id='word_1_313' title='bbox 2169 4300 2228 4351; x_wconf 88' lang='lat' dir='ltr'><strong>A.</strong></span> <span class='ocrx_word' id='word_1_314' title='bbox 2254 4297 2332 4349; x_wconf 82' lang='lat'><strong>12.</strong></span> <span class='ocrx_word' id='word_1_315' title='bbox 2405 4298 2427 4329; x_wconf 79' lang='lat'>⁶</span> <span class='ocrx_word' id='word_1_316' title='bbox 2461 4296 2671 4349; x_wconf 81' lang='lat' dir='ltr'><strong>Freund</strong></span> 
     </span>
     <span class='ocr_line' id='line_1_41' title="bbox 403 4363 2665 4485; baseline -0.001 -67"><span class='ocrx_word' id='word_1_317' title='bbox 403 4363 817 4485; x_wconf 48' lang='lat' dir='ltr'><strong>ggzrggrtholus</strong></span> <span class='ocrx_word' id='word_1_318' title='bbox 852 4368 927 4419; x_wconf 88' lang='lat' dir='ltr'><strong>im</strong></span> <span class='ocrx_word' id='word_1_319' title='bbox 964 4366 1400 4421; x_wconf 83' lang='lat' dir='ltr'><strong>Nonnenklostor.</strong></span> <span class='ocrx_word' id='word_1_320' title='bbox 1472 4366 1594 4433; x_wconf 86' lang='lat' dir='ltr'><strong>Vgl.</strong></span> <span class='ocrx_word' id='word_1_321' title='bbox 1633 4366 1716 4420; x_wconf 69' lang='grc' dir='ltr'><strong>ΒΓ.</strong></span> <span class='ocrx_word' id='word_1_322' title='bbox 1757 4368 1871 4421; x_wconf 84' lang='grc'>369.</span> <span class='ocrx_word' id='word_1_323' title='bbox 2018 4368 2036 4399; x_wconf 80' lang='lat'>⁷</span> <span class='ocrx_word' id='word_1_324' title='bbox 2071 4366 2202 4419; x_wconf 85' lang='lat' dir='ltr'><strong>Eine</strong></span> <span class='ocrx_word' id='word_1_325' title='bbox 2237 4364 2665 4433; x_wconf 86' lang='lat' dir='ltr'><strong>philosophische</strong></span> 
     </span>
    </p>
   </div>
  </div>
 </body>
</html>
