<?xml version="1.0" encoding="UTF-8"?>
<!DOCTYPE html PUBLIC "-//W3C//DTD XHTML 1.0 Transitional//EN"
    "http://www.w3.org/TR/xhtml1/DTD/xhtml1-transitional.dtd">
<html xmlns="http://www.w3.org/1999/xhtml" xml:lang="en" lang="en">
 <head>
  <title>
</title>
<meta http-equiv="Content-Type" content="text/html;charset=utf-8" />
  <meta name='ocr-system' content='tesseract 3.04.00' />
  <meta name='ocr-capabilities' content='ocr_page ocr_carea ocr_par ocr_line ocrx_word'/>
</head>
<body>
  <div class='ocr_page' id='page_1' title='image "./derbriefwechsel02kraugoog_0379.png"; bbox 0 0 3084 4895; ppageno 0'>
   <div class='ocr_carea' id='block_1_1' title="bbox 1200 423 2596 490">
    <p class='ocr_par' dir='ltr' id='par_1_1' title="bbox 1200 423 2596 490">
     <span class='ocr_line' id='line_1_1' title="bbox 1200 423 2596 490; baseline 0.01 -14"><span class='ocrx_word' id='word_1_1' title='bbox 1200 424 1412 479; x_wconf 80' lang='lat' dir='ltr'><strong>Mutian</strong></span> <span class='ocrx_word' id='word_1_2' title='bbox 1449 440 1519 478; x_wconf 83' lang='lat' dir='ltr'><strong>an</strong></span> <span class='ocrx_word' id='word_1_3' title='bbox 1556 423 1754 479; x_wconf 84' lang='lat' dir='ltr'><strong>Urban.</strong></span> <span class='ocrx_word' id='word_1_4' title='bbox 2469 425 2596 490; x_wconf 82' lang='lat'><strong>293</strong></span> 
     </span>
    </p>
   </div>
   <div class='ocr_carea' id='block_1_2' title="bbox 343 595 2601 2494">
    <p class='ocr_par' dir='ltr' id='par_1_2' title="bbox 343 595 2601 2494">
     <span class='ocr_line' id='line_1_2' title="bbox 355 595 2597 679; baseline -0.001 -16"><span class='ocrx_word' id='word_1_5' title='bbox 355 596 690 663; x_wconf 81' lang='lat' dir='ltr'>amabilior</span> <span class='ocrx_word' id='word_1_6' title='bbox 738 600 802 659; x_wconf 87' lang='lat' dir='ltr'><strong>et</strong></span> <span class='ocrx_word' id='word_1_7' title='bbox 846 595 1195 679; x_wconf 78' lang='lat' dir='ltr'><strong>perfectior.</strong></span> <span class='ocrx_word' id='word_1_8' title='bbox 1298 595 1412 660; x_wconf 75' lang='lat' dir='ltr'><strong>Est</strong></span> <span class='ocrx_word' id='word_1_9' title='bbox 1471 598 1635 661; x_wconf 82' lang='lat' dir='ltr'><strong>enim</strong></span> <span class='ocrx_word' id='word_1_10' title='bbox 1697 598 1759 661; x_wconf 89' lang='lat' dir='ltr'><strong>in</strong></span> <span class='ocrx_word' id='word_1_11' title='bbox 1824 596 2094 661; x_wconf 82' lang='lat' dir='ltr'><strong>Matthia</strong></span> <span class='ocrx_word' id='word_1_12' title='bbox 2159 596 2597 679; x_wconf 73' lang='lat' dir='ltr'>ludimagistro</span> 
     </span>
     <span class='ocr_line' id='line_1_3' title="bbox 351 683 2601 765; baseline 0 -18"><span class='ocrx_word' id='word_1_13' title='bbox 351 685 606 765; x_wconf 85' lang='lat' dir='ltr'><strong>egregia</strong></span> <span class='ocrx_word' id='word_1_14' title='bbox 668 683 964 746; x_wconf 85' lang='lat' dir='ltr'><strong>voluntas</strong></span> <span class='ocrx_word' id='word_1_15' title='bbox 1021 683 1178 745; x_wconf 82' lang='lat' dir='ltr'><strong>bene</strong></span> <span class='ocrx_word' id='word_1_16' title='bbox 1237 686 1515 747; x_wconf 87' lang='lat' dir='ltr'><strong>merendi</strong></span> <span class='ocrx_word' id='word_1_17' title='bbox 1564 684 1639 747; x_wconf 91' lang='lat' dir='ltr'><strong>de</strong></span> <span class='ocrx_word' id='word_1_18' title='bbox 1684 683 1987 747; x_wconf 83' lang='lat' dir='ltr'><strong>studiosis</strong></span> <span class='ocrx_word' id='word_1_19' title='bbox 2051 684 2393 747; x_wconf 83' lang='lat' dir='ltr'><strong>literarum.</strong></span> <span class='ocrx_word' id='word_1_20' title='bbox 2486 683 2601 747; x_wconf 84' lang='lat' dir='ltr'><strong>Est</strong></span> 
     </span>
     <span class='ocr_line' id='line_1_4' title="bbox 353 768 2599 853; baseline 0 -19"><span class='ocrx_word' id='word_1_21' title='bbox 353 768 695 853; x_wconf 87' lang='lat' dir='ltr'><strong>singularis</strong></span> <span class='ocrx_word' id='word_1_22' title='bbox 759 791 909 833; x_wconf 88' lang='lat' dir='ltr'><strong>cura</strong></span> <span class='ocrx_word' id='word_1_23' title='bbox 973 775 1037 832; x_wconf 87' lang='lat' dir='ltr'><strong>et</strong></span> <span class='ocrx_word' id='word_1_24' title='bbox 1099 768 1461 834; x_wconf 89' lang='lat' dir='ltr'><strong>sollicitudo</strong></span> <span class='ocrx_word' id='word_1_25' title='bbox 1520 770 1743 835; x_wconf 85' lang='lat' dir='ltr'><strong>tuendi</strong></span> <span class='ocrx_word' id='word_1_26' title='bbox 1805 769 2060 852; x_wconf 89' lang='lat' dir='ltr'><strong>pudoris</strong></span> <span class='ocrx_word' id='word_1_27' title='bbox 2128 776 2191 833; x_wconf 86' lang='lat' dir='ltr'><strong>et</strong></span> <span class='ocrx_word' id='word_1_28' title='bbox 2255 770 2599 851; x_wconf 86' lang='lat' dir='ltr'><strong>pudicitiae</strong></span> 
     </span>
     <span class='ocr_line' id='line_1_5' title="bbox 351 854 2597 945; baseline -0.001 -24"><span class='ocrx_word' id='word_1_29' title='bbox 351 877 627 921; x_wconf 87' lang='lat' dir='ltr'><strong>suorum.</strong></span> <span class='ocrx_word' id='word_1_30' title='bbox 737 854 852 919; x_wconf 87' lang='lat' dir='ltr'><strong>Est</strong></span> <span class='ocrx_word' id='word_1_31' title='bbox 920 859 1240 939; x_wconf 86' lang='lat' dir='ltr'><strong>praeterea</strong></span> <span class='ocrx_word' id='word_1_32' title='bbox 1315 856 1572 945; x_wconf 77' lang='lat' dir='ltr'><strong>politior</strong></span> <span class='ocrx_word' id='word_1_33' title='bbox 1645 855 1754 919; x_wconf 88' lang='lat' dir='ltr'><strong>illa</strong></span> <span class='ocrx_word' id='word_1_34' title='bbox 1828 855 2116 920; x_wconf 89' lang='lat' dir='ltr'><strong>doctrina</strong></span> <span class='ocrx_word' id='word_1_35' title='bbox 2190 876 2315 919; x_wconf 88' lang='lat' dir='ltr'><strong>non</strong></span> <span class='ocrx_word' id='word_1_36' title='bbox 2390 854 2597 937; x_wconf 79' lang='lat' dir='ltr'><strong>solum</strong></span> 
     </span>
     <span class='ocr_line' id='line_1_6' title="bbox 351 938 2598 1029; baseline -0 -22"><span class='ocrx_word' id='word_1_37' title='bbox 351 942 805 1024; x_wconf 88' lang='lat' dir='ltr'><strong>copiosissima,</strong></span> <span class='ocrx_word' id='word_1_38' title='bbox 852 941 962 1005; x_wconf 87' lang='lat' dir='ltr'><strong>sed</strong></span> <span class='ocrx_word' id='word_1_39' title='bbox 1007 942 1200 1005; x_wconf 88' lang='lat' dir='ltr'><strong>etiam</strong></span> <span class='ocrx_word' id='word_1_40' title='bbox 1257 942 1681 1029; x_wconf 80' lang='lat' dir='ltr'><strong>sanctissima,</strong></span> <span class='ocrx_word' id='word_1_41' title='bbox 1727 945 1800 1007; x_wconf 87' lang='lat' dir='ltr'><strong>ut</strong></span> <span class='ocrx_word' id='word_1_42' title='bbox 1844 946 2032 1007; x_wconf 88' lang='lat' dir='ltr'><strong>natus</strong></span> <span class='ocrx_word' id='word_1_43' title='bbox 2091 938 2247 1006; x_wconf 86' lang='lat' dir='ltr'><strong>mihi</strong></span> <span class='ocrx_word' id='word_1_44' title='bbox 2310 941 2598 1006; x_wconf 86' lang='lat' dir='ltr'><strong>videatur</strong></span> 
     </span>
     <span class='ocr_line' id='line_1_7' title="bbox 348 1026 2593 1111; baseline -0.001 -17"><span class='ocrx_word' id='word_1_45' title='bbox 348 1030 430 1094; x_wconf 90' lang='lat' dir='ltr'><strong>ad</strong></span> <span class='ocrx_word' id='word_1_46' title='bbox 502 1027 880 1092; x_wconf 82' lang='lat' dir='ltr'><strong>tradendum</strong></span> <span class='ocrx_word' id='word_1_47' title='bbox 957 1026 1356 1091; x_wconf 80' lang='lat' dir='ltr'><strong>scholasticis</strong></span> <span class='ocrx_word' id='word_1_48' title='bbox 1429 1028 1671 1111; x_wconf 87' lang='lat' dir='ltr'><strong>ingenii</strong></span> <span class='ocrx_word' id='word_1_49' title='bbox 1746 1028 1987 1093; x_wconf 88' lang='lat' dir='ltr'><strong>cultum</strong></span> <span class='ocrx_word' id='word_1_50' title='bbox 2060 1033 2125 1091; x_wconf 88' lang='lat' dir='ltr'><strong>et</strong></span> <span class='ocrx_word' id='word_1_51' title='bbox 2197 1028 2593 1109; x_wconf 81' lang='lat' dir='ltr'><strong>splendorem</strong></span> 
     </span>
     <span class='ocr_line' id='line_1_8' title="bbox 349 1113 2597 1196; baseline 0 -17"><span class='ocrx_word' id='word_1_52' title='bbox 349 1116 625 1180; x_wconf 86' lang='lat' dir='ltr'><strong>virtutis.</strong></span> <span class='ocrx_word' id='word_1_53' title='bbox 717 1114 879 1177; x_wconf 86' lang='lat' dir='ltr'><strong>Huic</strong></span> <span class='ocrx_word' id='word_1_54' title='bbox 923 1117 996 1177; x_wconf 90' lang='lat' dir='ltr'><strong>tu</strong></span> <span class='ocrx_word' id='word_1_55' title='bbox 1040 1115 1281 1196; x_wconf 89' lang='lat' dir='ltr'><strong>optimo</strong></span> <span class='ocrx_word' id='word_1_56' title='bbox 1343 1113 1585 1179; x_wconf 89' lang='lat' dir='ltr'><strong>doctori</strong></span> <span class='ocrx_word' id='word_1_57' title='bbox 1629 1118 1796 1179; x_wconf 89' lang='lat' dir='ltr'><strong>recte</strong></span> <span class='ocrx_word' id='word_1_58' title='bbox 1840 1113 2379 1179; x_wconf 80' lang='lat' dir='ltr'><strong>commendaveris</strong></span> <span class='ocrx_word' id='word_1_59' title='bbox 2439 1114 2597 1179; x_wconf 83' lang='lat' dir='ltr'><strong>duo&#39;s</strong></span> 
     </span>
     <span class='ocr_line' id='line_1_9' title="bbox 349 1199 2593 1282; baseline 0 -18"><span class='ocrx_word' id='word_1_60' title='bbox 349 1201 630 1265; x_wconf 88' lang='lat' dir='ltr'><strong>Adamos</strong></span> <span class='ocrx_word' id='word_1_61' title='bbox 674 1199 1084 1282; x_wconf 85' lang='lat' dir='ltr'><strong>Asciburgios</strong></span> <span class='ocrx_word' id='word_1_62' title='bbox 1129 1204 1194 1264; x_wconf 86' lang='lat' dir='ltr'><strong>et</strong></span> <span class='ocrx_word' id='word_1_63' title='bbox 1237 1199 1437 1265; x_wconf 90' lang='lat' dir='ltr'><strong>filium</strong></span> <span class='ocrx_word' id='word_1_64' title='bbox 1485 1200 1717 1265; x_wconf 89' lang='lat' dir='ltr'><strong>sororis</strong></span> <span class='ocrx_word' id='word_1_65' title='bbox 1761 1200 1883 1265; x_wconf 90' lang='lat' dir='ltr'><strong>tibi</strong></span> <span class='ocrx_word' id='word_1_66' title='bbox 1927 1201 2151 1266; x_wconf 88' lang='lat' dir='ltr'><strong>merito</strong></span> <span class='ocrx_word' id='word_1_67' title='bbox 2217 1200 2593 1265; x_wconf 74' lang='lat' dir='ltr'><strong>carissimos</strong></span> 
     </span>
     <span class='ocr_line' id='line_1_10' title="bbox 347 1286 2595 1369; baseline -0 -17"><span class='ocrx_word' id='word_1_68' title='bbox 347 1287 690 1353; x_wconf 87' lang='lat' dir='ltr'><strong>Proficient</strong></span> <span class='ocrx_word' id='word_1_69' title='bbox 731 1290 844 1350; x_wconf 90' lang='lat' dir='ltr'><strong>tua</strong></span> <span class='ocrx_word' id='word_1_70' title='bbox 889 1286 1142 1369; x_wconf 88' lang='lat' dir='ltr'><strong>scripta,</strong></span> <span class='ocrx_word' id='word_1_71' title='bbox 1207 1307 1475 1369; x_wconf 90' lang='lat' dir='ltr'><strong>quorum</strong></span> <span class='ocrx_word' id='word_1_72' title='bbox 1521 1286 1867 1352; x_wconf 75' lang='lat' dir='ltr'><strong>subtilitati</strong></span> <span class='ocrx_word' id='word_1_73' title='bbox 1913 1287 2081 1352; x_wconf 82' lang='lat' dir='ltr'><strong>cedit</strong></span> <span class='ocrx_word' id='word_1_74' title='bbox 2126 1286 2595 1354; x_wconf 87' lang='lat' dir='ltr'><strong>literatissimus</strong></span> 
     </span>
     <span class='ocr_line' id='line_1_11' title="bbox 345 1371 2594 1459; baseline -0 -21"><span class='ocrx_word' id='word_1_75' title='bbox 345 1374 635 1459; x_wconf 89' lang='lat' dir='ltr'><strong>quisque,</strong></span> <span class='ocrx_word' id='word_1_76' title='bbox 703 1371 1034 1455; x_wconf 88' lang='lat' dir='ltr'><strong>proficient</strong></span> <span class='ocrx_word' id='word_1_77' title='bbox 1099 1373 1362 1453; x_wconf 88' lang='lat' dir='ltr'><strong>inquam</strong></span> <span class='ocrx_word' id='word_1_78' title='bbox 1419 1376 1484 1437; x_wconf 87' lang='lat' dir='ltr'><strong>et</strong></span> <span class='ocrx_word' id='word_1_79' title='bbox 1535 1373 1875 1456; x_wconf 88' lang='lat' dir='ltr'><strong>plurimum</strong></span> <span class='ocrx_word' id='word_1_80' title='bbox 1942 1372 2247 1439; x_wconf 91' lang='lat' dir='ltr'><strong>valebunt</strong></span> <span class='ocrx_word' id='word_1_81' title='bbox 2289 1374 2355 1437; x_wconf 88' lang='lat' dir='ltr'><strong>in</strong></span> <span class='ocrx_word' id='word_1_82' title='bbox 2404 1395 2594 1438; x_wconf 90' lang='lat' dir='ltr'><strong>causa</strong></span> 
     </span>
     <span class='ocr_line' id='line_1_12' title="bbox 345 1458 2591 1543; baseline -0 -19"><span class='ocrx_word' id='word_1_83' title='bbox 345 1460 537 1525; x_wconf 80' lang='lat' dir='ltr'><strong>trium</strong></span> <span class='ocrx_word' id='word_1_84' title='bbox 583 1480 935 1543; x_wconf 88' lang='lat' dir='ltr'><strong>puerorum,</strong></span> <span class='ocrx_word' id='word_1_85' title='bbox 983 1480 1125 1522; x_wconf 90' lang='lat' dir='ltr'><strong>cum</strong></span> <span class='ocrx_word' id='word_1_86' title='bbox 1169 1458 1267 1521; x_wconf 92' lang='lat' dir='ltr'><strong>tui</strong></span> <span class='ocrx_word' id='word_1_87' title='bbox 1315 1460 1400 1523; x_wconf 92' lang='lat' dir='ltr'><strong>sit</strong></span> <span class='ocrx_word' id='word_1_88' title='bbox 1444 1480 1666 1524; x_wconf 88' lang='lat' dir='ltr'><strong>amans</strong></span> <span class='ocrx_word' id='word_1_89' title='bbox 1710 1458 2034 1540; x_wconf 85' lang='lat' dir='ltr'><strong>Matthias,</strong></span> <span class='ocrx_word' id='word_1_90' title='bbox 2084 1459 2275 1523; x_wconf 85' lang='lat' dir='ltr'><strong>etiam</strong></span> <span class='ocrx_word' id='word_1_91' title='bbox 2320 1458 2591 1524; x_wconf 88' lang='lat' dir='ltr'><strong>Mutiani</strong></span> 
     </span>
     <span class='ocr_line' id='line_1_13' title="bbox 347 1543 2593 1628; baseline -0 -17"><span class='ocrx_word' id='word_1_92' title='bbox 347 1547 444 1611; x_wconf 88' lang='lat' dir='ltr'><strong>tui</strong></span> <span class='ocrx_word' id='word_1_93' title='bbox 490 1546 816 1611; x_wconf 87' lang='lat' dir='ltr'><strong>studiosus</strong></span> <span class='ocrx_word' id='word_1_94' title='bbox 858 1548 922 1608; x_wconf 90' lang='lat' dir='ltr'><strong>et</strong></span> <span class='ocrx_word' id='word_1_95' title='bbox 968 1545 1154 1628; x_wconf 87' lang='lat' dir='ltr'><strong>plane</strong></span> <span class='ocrx_word' id='word_1_96' title='bbox 1197 1543 1368 1623; x_wconf 86' lang='lat' dir='ltr'><strong>talis,</strong></span> <span class='ocrx_word' id='word_1_97' title='bbox 1415 1548 1488 1609; x_wconf 91' lang='lat' dir='ltr'><strong>ut</strong></span> <span class='ocrx_word' id='word_1_98' title='bbox 1531 1546 1736 1610; x_wconf 89' lang='lat' dir='ltr'><strong>ordini</strong></span> <span class='ocrx_word' id='word_1_99' title='bbox 1783 1551 1999 1611; x_wconf 88' lang='lat' dir='ltr'><strong>nostro</strong></span> <span class='ocrx_word' id='word_1_100' title='bbox 2061 1567 2307 1628; x_wconf 87' lang='lat' dir='ltr'><strong>semper</strong></span> <span class='ocrx_word' id='word_1_101' title='bbox 2351 1546 2436 1610; x_wconf 87' lang='lat' dir='ltr'><strong>sit</strong></span> <span class='ocrx_word' id='word_1_102' title='bbox 2480 1545 2593 1610; x_wconf 93' lang='lat' dir='ltr'><strong>ob-</strong></span> 
     </span>
     <span class='ocr_line' id='line_1_14' title="bbox 345 1630 2594 1714; baseline -0.001 -16"><span class='ocrx_word' id='word_1_103' title='bbox 345 1633 712 1699; x_wconf 87' lang='lat' dir='ltr'><strong>servandus.</strong></span> <span class='ocrx_word' id='word_1_104' title='bbox 800 1630 874 1695; x_wconf 92' lang='lat' dir='ltr'><strong>In</strong></span> <span class='ocrx_word' id='word_1_105' title='bbox 919 1632 1134 1695; x_wconf 89' lang='lat' dir='ltr'><strong>eadem</strong></span> <span class='ocrx_word' id='word_1_106' title='bbox 1183 1630 1441 1695; x_wconf 88' lang='lat' dir='ltr'><strong>civitate</strong></span> <span class='ocrx_word' id='word_1_107' title='bbox 1507 1652 1776 1714; x_wconf 86' lang='lat' dir='ltr'><strong>magnus</strong></span> <span class='ocrx_word' id='word_1_108' title='bbox 1820 1636 1884 1697; x_wconf 87' lang='lat' dir='ltr'><strong>et</strong></span> <span class='ocrx_word' id='word_1_109' title='bbox 1930 1633 2235 1697; x_wconf 86' lang='lat' dir='ltr'><strong>honestus</strong></span> <span class='ocrx_word' id='word_1_110' title='bbox 2280 1636 2378 1697; x_wconf 90' lang='lat' dir='ltr'><strong>est</strong></span> <span class='ocrx_word' id='word_1_111' title='bbox 2423 1654 2594 1696; x_wconf 90' lang='lat' dir='ltr'><strong>com-</strong></span> 
     </span>
     <span class='ocr_line' id='line_1_15' title="bbox 343 1717 2593 1801; baseline -0.001 -17"><span class='ocrx_word' id='word_1_112' title='bbox 343 1719 557 1784; x_wconf 91' lang='lat' dir='ltr'><strong>munis</strong></span> <span class='ocrx_word' id='word_1_113' title='bbox 618 1718 858 1783; x_wconf 90' lang='lat' dir='ltr'><strong>amicus</strong></span> <span class='ocrx_word' id='word_1_114' title='bbox 919 1717 1257 1800; x_wconf 84' lang='lat' dir='ltr'><strong>Gregorius</strong></span> <span class='ocrx_word' id='word_1_115' title='bbox 1327 1717 1671 1801; x_wconf 85' lang='lat' dir='ltr'><strong>Agricola,¹</strong></span> <span class='ocrx_word' id='word_1_116' title='bbox 1718 1719 1812 1783; x_wconf 90' lang='lat' dir='ltr'><strong>vir</strong></span> <span class='ocrx_word' id='word_1_117' title='bbox 1857 1740 2140 1784; x_wconf 90' lang='lat' dir='ltr'><strong>summus</strong></span> <span class='ocrx_word' id='word_1_118' title='bbox 2185 1722 2248 1783; x_wconf 88' lang='lat' dir='ltr'><strong>et</strong></span> <span class='ocrx_word' id='word_1_119' title='bbox 2294 1719 2593 1801; x_wconf 90' lang='lat' dir='ltr'><strong>eloquen-</strong></span> 
     </span>
     <span class='ocr_line' id='line_1_16' title="bbox 343 1804 2593 1888; baseline -0.001 -18"><span class='ocrx_word' id='word_1_120' title='bbox 343 1806 656 1883; x_wconf 84' lang='lat' dir='ltr'><strong>tissimuS,</strong></span> <span class='ocrx_word' id='word_1_121' title='bbox 701 1806 780 1869; x_wconf 95' lang='lat' dir='ltr'><strong>ad</strong></span> <span class='ocrx_word' id='word_1_122' title='bbox 825 1825 1013 1888; x_wconf 88' lang='lat' dir='ltr'><strong>quem</strong></span> <span class='ocrx_word' id='word_1_123' title='bbox 1071 1808 1420 1887; x_wconf 85' lang='lat' dir='ltr'><strong>occupatus</strong></span> <span class='ocrx_word' id='word_1_124' title='bbox 1480 1804 1753 1869; x_wconf 87' lang='lat' dir='ltr'><strong>scribere</strong></span> <span class='ocrx_word' id='word_1_125' title='bbox 1812 1827 1938 1869; x_wconf 90' lang='lat' dir='ltr'><strong>non</strong></span> <span class='ocrx_word' id='word_1_126' title='bbox 1995 1806 2215 1883; x_wconf 88' lang='lat' dir='ltr'><strong>aude0‚</strong></span> <span class='ocrx_word' id='word_1_127' title='bbox 2277 1828 2356 1868; x_wconf 94' lang='lat' dir='ltr'><strong>ne</strong></span> <span class='ocrx_word' id='word_1_128' title='bbox 2402 1804 2593 1869; x_wconf 88' lang='lat' dir='ltr'><strong>casti-</strong></span> 
     </span>
     <span class='ocr_line' id='line_1_17' title="bbox 345 1888 2593 1975; baseline -0 -20"><span class='ocrx_word' id='word_1_129' title='bbox 345 1893 713 1975; x_wconf 89' lang='lat' dir='ltr'><strong>gatissimas</strong></span> <span class='ocrx_word' id='word_1_130' title='bbox 743 1912 926 1955; x_wconf 89' lang='lat' dir='ltr'><strong>aures</strong></span> <span class='ocrx_word' id='word_1_131' title='bbox 958 1890 1131 1954; x_wconf 91' lang='lat' dir='ltr'><strong>rudis</strong></span> <span class='ocrx_word' id='word_1_132' title='bbox 1156 1888 1434 1954; x_wconf 82' lang='lat' dir='ltr'><strong>offendat</strong></span> <span class='ocrx_word' id='word_1_133' title='bbox 1461 1890 1745 1972; x_wconf 85' lang='lat' dir='ltr'><strong>epistola.</strong></span> <span class='ocrx_word' id='word_1_134' title='bbox 1814 1892 2092 1956; x_wconf 86' lang='lat' dir='ltr'><strong>Distinet</strong></span> <span class='ocrx_word' id='word_1_135' title='bbox 2118 1903 2147 1932; x_wconf 76' lang='lat'>⁸</span> <span class='ocrx_word' id='word_1_136' title='bbox 2178 1898 2275 1954; x_wconf 86' lang='lat' dir='ltr'><strong>me</strong></span> <span class='ocrx_word' id='word_1_137' title='bbox 2307 1890 2537 1955; x_wconf 88' lang='lat' dir='ltr'><strong>chorus</strong></span> <span class='ocrx_word' id='word_1_138' title='bbox 2564 1892 2593 1931; x_wconf 76' lang='lat'><strong>¹³</strong></span> 
     </span>
     <span class='ocr_line' id='line_1_18' title="bbox 346 1975 2589 2061; baseline -0.001 -19"><span class='ocrx_word' id='word_1_139' title='bbox 346 1984 410 2042; x_wconf 90' lang='lat' dir='ltr'><strong>et</strong></span> <span class='ocrx_word' id='word_1_140' title='bbox 471 1978 817 2042; x_wconf 87' lang='lat' dir='ltr'><strong>otiosorum</strong></span> <span class='ocrx_word' id='word_1_141' title='bbox 883 1998 1117 2061; x_wconf 79' lang='lat' dir='ltr'><strong>preces,</strong></span> <span class='ocrx_word' id='word_1_142' title='bbox 1205 1975 1400 2041; x_wconf 88' lang='lat' dir='ltr'><strong>Totos</strong></span> <span class='ocrx_word' id='word_1_143' title='bbox 1467 1976 1601 2041; x_wconf 91' lang='lat' dir='ltr'><strong>dies</strong></span> <span class='ocrx_word' id='word_1_144' title='bbox 1666 1978 2033 2061; x_wconf 84' lang='lat' dir='ltr'><strong>superstitio</strong></span> <span class='ocrx_word' id='word_1_145' title='bbox 2102 1977 2224 2041; x_wconf 90' lang='lat' dir='ltr'><strong>sibi</strong></span> <span class='ocrx_word' id='word_1_146' title='bbox 2292 1976 2589 2042; x_wconf 88' lang='lat' dir='ltr'><strong>vindicat.</strong></span> 
     </span>
     <span class='ocr_line' id='line_1_19' title="bbox 345 2062 2593 2128; baseline -0 0"><span class='ocrx_word' id='word_1_147' title='bbox 345 2064 588 2128; x_wconf 88' lang='lat' dir='ltr'><strong>Trahor</strong></span> <span class='ocrx_word' id='word_1_148' title='bbox 631 2064 709 2127; x_wconf 89' lang='lat' dir='ltr'><strong>ad</strong></span> <span class='ocrx_word' id='word_1_149' title='bbox 756 2085 897 2127; x_wconf 89' lang='lat' dir='ltr'><strong>aras</strong></span> <span class='ocrx_word' id='word_1_150' title='bbox 943 2062 1138 2127; x_wconf 84' lang='lat' dir='ltr'><strong>veluti</strong></span> <span class='ocrx_word' id='word_1_151' title='bbox 1203 2062 1462 2127; x_wconf 89' lang='lat' dir='ltr'><strong>victima</strong></span> <span class='ocrx_word' id='word_1_152' title='bbox 1519 2063 1921 2128; x_wconf 89' lang='lat' dir='ltr'><strong>immolanda.</strong></span> <span class='ocrx_word' id='word_1_153' title='bbox 2012 2062 2156 2127; x_wconf 83' lang='lat' dir='ltr'><strong>&#39;l‘ibi</strong></span> <span class='ocrx_word' id='word_1_154' title='bbox 2216 2063 2433 2127; x_wconf 87' lang='lat' dir='ltr'><strong>datum</strong></span> <span class='ocrx_word' id='word_1_155' title='bbox 2496 2069 2593 2128; x_wconf 87' lang='lat' dir='ltr'><strong>est</strong></span> 
     </span>
     <span class='ocr_line' id='line_1_20' title="bbox 350 2150 2590 2234; baseline -0 -19"><span class='ocrx_word' id='word_1_156' title='bbox 350 2152 490 2234; x_wconf 90' lang='lat' dir='ltr'><strong>plus</strong></span> <span class='ocrx_word' id='word_1_157' title='bbox 536 2150 670 2215; x_wconf 90' lang='lat' dir='ltr'><strong>otii.</strong></span> <span class='ocrx_word' id='word_1_158' title='bbox 761 2150 874 2213; x_wconf 90' lang='lat' dir='ltr'><strong>Dic</strong></span> <span class='ocrx_word' id='word_1_159' title='bbox 919 2154 990 2213; x_wconf 91' lang='lat' dir='ltr'><strong>tu</strong></span> <span class='ocrx_word' id='word_1_160' title='bbox 1037 2150 1306 2214; x_wconf 88' lang='lat' dir='ltr'><strong>salutem</strong></span> <span class='ocrx_word' id='word_1_161' title='bbox 1351 2154 1416 2213; x_wconf 88' lang='lat' dir='ltr'><strong>et</strong></span> <span class='ocrx_word' id='word_1_162' title='bbox 1459 2151 1766 2233; x_wconf 84' lang='lat' dir='ltr'><strong>persuade</strong></span> <span class='ocrx_word' id='word_1_163' title='bbox 1810 2150 2049 2215; x_wconf 88' lang='lat' dir='ltr'><strong>homini</strong></span> <span class='ocrx_word' id='word_1_164' title='bbox 2112 2150 2590 2229; x_wconf 80' lang='lat' dir='ltr'><strong>humanissimo,</strong></span> 
     </span>
     <span class='ocr_line' id='line_1_21' title="bbox 348 2235 2588 2319; baseline -0 -18"><span class='ocrx_word' id='word_1_165' title='bbox 348 2242 421 2301; x_wconf 87' lang='lat' dir='ltr'><strong>ut</strong></span> <span class='ocrx_word' id='word_1_166' title='bbox 487 2236 897 2319; x_wconf 87' lang='lat' dir='ltr'><strong>Thuringiam</strong></span> <span class='ocrx_word' id='word_1_167' title='bbox 967 2235 1308 2319; x_wconf 86' lang='lat' dir='ltr'><strong>aliquando</strong></span> <span class='ocrx_word' id='word_1_168' title='bbox 1377 2235 1631 2315; x_wconf 87' lang='lat' dir='ltr'><strong>invisat,</strong></span> <span class='ocrx_word' id='word_1_169' title='bbox 1700 2240 1772 2301; x_wconf 87' lang='lat' dir='ltr'><strong>ut</strong></span> <span class='ocrx_word' id='word_1_170' title='bbox 1833 2236 2020 2301; x_wconf 82' lang='lat' dir='ltr'><strong>aedes</strong></span> <span class='ocrx_word' id='word_1_171' title='bbox 2087 2239 2339 2302; x_wconf 85' lang='lat' dir='ltr'><strong>nostrae</strong></span> <span class='ocrx_word' id='word_1_172' title='bbox 2406 2240 2588 2301; x_wconf 81' lang='lat' dir='ltr'><strong>tanto</strong></span> 
     </span>
     <span class='ocr_line' id='line_1_22' title="bbox 345 2322 2589 2407; baseline -0 -19"><span class='ocrx_word' id='word_1_173' title='bbox 345 2324 600 2407; x_wconf 84' lang='lat' dir='ltr'><strong>hospite</strong></span> <span class='ocrx_word' id='word_1_174' title='bbox 674 2324 1078 2387; x_wconf 87' lang='lat' dir='ltr'><strong>adornentur.</strong></span> <span class='ocrx_word' id='word_1_175' title='bbox 1179 2322 1272 2387; x_wconf 87' lang='lat' dir='ltr'><strong>Da</strong></span> <span class='ocrx_word' id='word_1_176' title='bbox 1345 2343 1620 2404; x_wconf 88' lang='lat' dir='ltr'><strong>operam,</strong></span> <span class='ocrx_word' id='word_1_177' title='bbox 1696 2329 1770 2388; x_wconf 91' lang='lat' dir='ltr'><strong>ut</strong></span> <span class='ocrx_word' id='word_1_178' title='bbox 1842 2322 2070 2387; x_wconf 88' lang='lat' dir='ltr'><strong>valeas.</strong></span> <span class='ocrx_word' id='word_1_179' title='bbox 2171 2322 2327 2386; x_wconf 88' lang='lat' dir='ltr'>VIII.</span> <span class='ocrx_word' id='word_1_180' title='bbox 2404 2322 2533 2387; x_wconf 85' lang='lat' dir='ltr'><strong>Cal.</strong></span> <span class='ocrx_word' id='word_1_181' title='bbox 2564 2335 2589 2363; x_wconf 83' lang='lat'><strong>⁰</strong></span> 
     </span>
     <span class='ocr_line' id='line_1_23' title="bbox 349 2408 2589 2494; baseline 0 -19"><span class='ocrx_word' id='word_1_182' title='bbox 349 2410 604 2494; x_wconf 78' lang='lat' dir='ltr'><strong>Aprilis,</strong></span> <span class='ocrx_word' id='word_1_183' title='bbox 652 2432 778 2494; x_wconf 90' lang='lat' dir='ltr'><strong>quo</strong></span> <span class='ocrx_word' id='word_1_184' title='bbox 824 2410 924 2474; x_wconf 91' lang='lat' dir='ltr'><strong>die</strong></span> <span class='ocrx_word' id='word_1_185' title='bbox 971 2408 1260 2475; x_wconf 90' lang='lat' dir='ltr'><strong>Christus</strong></span> <span class='ocrx_word' id='word_1_186' title='bbox 1299 2408 1447 2474; x_wconf 91' lang='lat' dir='ltr'><strong>olim</strong></span> <span class='ocrx_word' id='word_1_187' title='bbox 1495 2410 1615 2474; x_wconf 90' lang='lat' dir='ltr'><strong>sub</strong></span> <span class='ocrx_word' id='word_1_188' title='bbox 1662 2408 1928 2477; x_wconf 83' lang='lat' dir='ltr'><strong>Caesare</strong></span> <span class='ocrx_word' id='word_1_189' title='bbox 1960 2408 2212 2475; x_wconf 88' lang='lat' dir='ltr'><strong>Tiberio</strong></span> <span class='ocrx_word' id='word_1_190' title='bbox 2246 2408 2307 2474; x_wconf 91' lang='lat' dir='ltr'><strong>in</strong></span> <span class='ocrx_word' id='word_1_191' title='bbox 2344 2431 2589 2476; x_wconf 88' lang='lat' dir='ltr'><strong>crucem</strong></span> 
     </span>
    </p>
   </div>
   <div class='ocr_carea' id='block_1_3' title="bbox 253 2483 1733 2563">
    <p class='ocr_par' dir='ltr' id='par_1_3' title="bbox 253 2483 1733 2563">
     <span class='ocr_line' id='line_1_24' title="bbox 253 2483 1733 2563; baseline 0 -1"><span class='ocrx_word' id='word_1_192' title='bbox 253 2483 268 2496; x_wconf 68' lang='grc'><strong><em>’</em></strong></span> <span class='ocrx_word' id='word_1_193' title='bbox 353 2499 648 2563; x_wconf 87' lang='lat' dir='ltr'><strong>sublatus</strong></span> <span class='ocrx_word' id='word_1_194' title='bbox 694 2497 936 2562; x_wconf 86' lang='lat' dir='ltr'><strong>efflavit</strong></span> <span class='ocrx_word' id='word_1_195' title='bbox 979 2497 1273 2562; x_wconf 87' lang='lat' dir='ltr'><strong>animam.</strong></span> <span class='ocrx_word' id='word_1_196' title='bbox 1363 2495 1733 2562; x_wconf 89' lang='lat' dir='ltr'>MDVIIXX.</span> 
     </span>
    </p>
   </div>
   <div class='ocr_carea' id='block_1_4' title="bbox 551 2597 997 2654">
    <p class='ocr_par' dir='ltr' id='par_1_4' title="bbox 551 2597 997 2654">
     <span class='ocr_line' id='line_1_25' title="bbox 551 2597 997 2654; baseline -0.009 0"><span class='ocrx_word' id='word_1_197' title='bbox 551 2597 676 2654; x_wconf 89' lang='lat' dir='ltr'><strong>Cod.</strong></span> <span class='ocrx_word' id='word_1_198' title='bbox 710 2597 843 2652; x_wconf 86' lang='lat' dir='ltr'><strong>Frcf.</strong></span> <span class='ocrx_word' id='word_1_199' title='bbox 881 2597 997 2651; x_wconf 80' lang='lat'><strong>277.</strong></span> 
     </span>
    </p>
   </div>
   <div class='ocr_carea' id='block_1_5' title="bbox 347 2769 2585 2857">
    <p class='ocr_par' dir='ltr' id='par_1_5' title="bbox 347 2769 2585 2857">
     <span class='ocr_line' id='line_1_26' title="bbox 347 2769 2585 2857; baseline -0.001 -16"><span class='ocrx_word' id='word_1_200' title='bbox 347 2786 578 2857; x_wconf 76' lang='lat' dir='ltr'><strong>(Gotha.)</strong></span> <span class='ocrx_word' id='word_1_201' title='bbox 1391 2769 1536 2836; x_wconf 84' lang='lat'><strong>236.</strong></span> <span class='ocrx_word' id='word_1_202' title='bbox 2122 2785 2199 2853; x_wconf 78' lang='lat' dir='ltr'><strong>(E.</strong></span> <span class='ocrx_word' id='word_1_203' title='bbox 2236 2785 2377 2840; x_wconf 64' lang='grc'>111117.</span> <span class='ocrx_word' id='word_1_204' title='bbox 2417 2787 2585 2854; x_wconf 80' lang='grc'>1513.)</span> 
     </span>
    </p>
   </div>
   <div class='ocr_carea' id='block_1_6' title="bbox 1107 2895 1859 2966">
    <p class='ocr_par' dir='ltr' id='par_1_6' title="bbox 1107 2895 1859 2966">
     <span class='ocr_line' id='line_1_27' title="bbox 1107 2895 1859 2966; baseline -0.001 0"><span class='ocrx_word' id='word_1_205' title='bbox 1107 2895 1397 2966; x_wconf 82' lang='lat' dir='ltr'><strong>Mutian</strong></span> <span class='ocrx_word' id='word_1_206' title='bbox 1440 2917 1538 2966; x_wconf 87' lang='lat' dir='ltr'><strong>an</strong></span> <span class='ocrx_word' id='word_1_207' title='bbox 1581 2895 1859 2966; x_wconf 85' lang='lat' dir='ltr'><strong>Urban.</strong></span> 
     </span>
    </p>
   </div>
   <div class='ocr_carea' id='block_1_7' title="bbox 341 3024 2590 3232">
    <p class='ocr_par' dir='ltr' id='par_1_7' title="bbox 341 3024 2590 3232">
     <span class='ocr_line' id='line_1_28' title="bbox 344 3024 2588 3095; baseline -0.001 -14"><span class='ocrx_word' id='word_1_208' title='bbox 344 3027 438 3095; x_wconf 90' lang='lat' dir='ltr'><strong>(U.</strong></span> <span class='ocrx_word' id='word_1_209' title='bbox 474 3028 574 3080; x_wconf 82' lang='lat' dir='ltr'><strong>soll</strong></span> <span class='ocrx_word' id='word_1_210' title='bbox 605 3043 681 3080; x_wconf 80' lang='lat' dir='ltr'><strong>an</strong></span> <span class='ocrx_word' id='word_1_211' title='bbox 714 3025 968 3094; x_wconf 76' lang='lat' dir='ltr'><strong>Ayricola</strong></span> <span class='ocrx_word' id='word_1_212' title='bbox 999 3025 1166 3078; x_wconf 77' lang='lat' dir='ltr'><strong>durch</strong></span> <span class='ocrx_word' id='word_1_213' title='bbox 1199 3025 1339 3094; x_wconf 69' lang='lat' dir='ltr'><strong>May.</strong></span> <span class='ocrx_word' id='word_1_214' title='bbox 1388 3024 1659 3088; x_wconf 76' lang='lat' dir='ltr'><strong>Kaumler,</strong></span> <span class='ocrx_word' id='word_1_215' title='bbox 1696 3025 1787 3078; x_wconf 83' lang='lat' dir='ltr'><strong>der</strong></span> <span class='ocrx_word' id='word_1_216' title='bbox 1820 3024 2133 3093; x_wconf 79' lang='lat' dir='ltr'><strong>Kalolcappa</strong></span> <span class='ocrx_word' id='word_1_217' title='bbox 2178 3025 2383 3078; x_wconf 72' lang='lat' dir='ltr'><strong>heis-sen</strong></span> <span class='ocrx_word' id='word_1_218' title='bbox 2426 3025 2588 3089; x_wconf 56' lang='lat' dir='ltr'><strong>lemn,</strong></span> 
     </span>
     <span class='ocr_line' id='line_1_29' title="bbox 341 3093 2590 3164; baseline -0.001 -14"><span class='ocrx_word' id='word_1_219' title='bbox 341 3097 498 3150; x_wconf 76' lang='lat' dir='ltr'><strong>einen</strong></span> <span class='ocrx_word' id='word_1_220' title='bbox 548 3096 710 3164; x_wconf 74' lang='lat' dir='ltr'><strong>Brief</strong></span> <span class='ocrx_word' id='word_1_221' title='bbox 745 3095 914 3164; x_wconf 74' lang='lat' dir='ltr'><strong>ychen.</strong></span> <span class='ocrx_word' id='word_1_222' title='bbox 997 3093 1222 3163; x_wconf 62' lang='lat' dir='ltr'><strong>Amriff</strong></span> <span class='ocrx_word' id='word_1_223' title='bbox 1263 3095 1404 3148; x_wconf 74' lang='lat' dir='ltr'><strong>eines</strong></span> <span class='ocrx_word' id='word_1_224' title='bbox 1456 3093 1654 3148; x_wconf 73' lang='lat' dir='ltr'><strong>Hessen</strong></span> <span class='ocrx_word' id='word_1_225' title='bbox 1716 3094 1917 3148; x_wconf 76' lang='lat' dir='ltr'><strong>Gordus</strong></span> <span class='ocrx_word' id='word_1_226' title='bbox 1968 3111 2128 3162; x_wconf 75' lang='lat' dir='ltr'><strong>yeqen</strong></span> <span class='ocrx_word' id='word_1_227' title='bbox 2189 3094 2417 3148; x_wconf 74' lang='lat' dir='ltr'><strong>Pilonin.</strong></span> <span class='ocrx_word' id='word_1_228' title='bbox 2488 3094 2590 3147; x_wconf 74' lang='lat' dir='ltr'><strong>Die</strong></span> 
     </span>
     <span class='ocr_line' id='line_1_30' title="bbox 343 3161 2586 3232; baseline -0.002 -12"><span class='ocrx_word' id='word_1_229' title='bbox 343 3165 719 3220; x_wconf 71' lang='lat' dir='ltr'><strong>barbari-when</strong></span> <span class='ocrx_word' id='word_1_230' title='bbox 740 3163 1089 3232; x_wconf 62' lang='lat' dir='ltr'><strong>Philo-sophera</strong></span> <span class='ocrx_word' id='word_1_231' title='bbox 1121 3163 1259 3228; x_wconf 79' lang='lat' dir='ltr'><strong>sind,</strong></span> <span class='ocrx_word' id='word_1_232' title='bbox 1285 3163 1356 3217; x_wconf 82' lang='lat' dir='ltr'><strong>da</strong></span> <span class='ocrx_word' id='word_1_233' title='bbox 1388 3162 1465 3216; x_wconf 66' lang='lat'><strong>3223</strong></span> <span class='ocrx_word' id='word_1_234' title='bbox 1499 3179 1603 3216; x_wconf 64' lang='lat' dir='ltr'><strong>ates</strong></span> <span class='ocrx_word' id='word_1_235' title='bbox 1638 3161 2017 3218; x_wconf 75' lang='lat' dir='ltr'><strong>Unwissenkeit</strong></span> <span class='ocrx_word' id='word_1_236' title='bbox 2040 3163 2203 3228; x_wconf 75' lang='lat' dir='ltr'><strong>irren,</strong></span> <span class='ocrx_word' id='word_1_237' title='bbox 2227 3181 2301 3218; x_wconf 65' lang='lat' dir='ltr'><strong>zu</strong></span> <span class='ocrx_word' id='word_1_238' title='bbox 2325 3164 2586 3230; x_wconf 69' lang='lat' dir='ltr'><strong>schovwn.)</strong></span> 
     </span>
    </p>
   </div>
   <div class='ocr_carea' id='block_1_8' title="bbox 1091 3276 1842 3330">
    <p class='ocr_par' dir='ltr' id='par_1_8' title="bbox 1091 3276 1842 3330">
     <span class='ocr_line' id='line_1_31' title="bbox 1091 3276 1842 3330; baseline 0.003 -2"><span class='ocrx_word' id='word_1_239' title='bbox 1091 3277 1173 3328; x_wconf 86' lang='lat' dir='ltr'><strong>H.</strong></span> <span class='ocrx_word' id='word_1_240' title='bbox 1208 3277 1463 3328; x_wconf 83' lang='lat' dir='ltr'><strong>Urbano</strong></span> <span class='ocrx_word' id='word_1_241' title='bbox 1499 3277 1588 3328; x_wconf 74' lang='lat' dir='ltr'><strong>M.</strong></span> <span class='ocrx_word' id='word_1_242' title='bbox 1623 3276 1842 3330; x_wconf 75' lang='lat' dir='ltr'><strong>Rufus,</strong></span> 
     </span>
    </p>
   </div>
   <div class='ocr_carea' id='block_1_9' title="bbox 347 3387 2589 3645">
    <p class='ocr_par' dir='ltr' id='par_1_9' title="bbox 347 3387 2589 3645">
     <span class='ocr_line' id='line_1_32' title="bbox 555 3387 2586 3472; baseline -0.002 -16"><span class='ocrx_word' id='word_1_243' title='bbox 555 3390 619 3456; x_wconf 89' lang='lat' dir='ltr'><strong>S.</strong></span> <span class='ocrx_word' id='word_1_244' title='bbox 710 3389 931 3456; x_wconf 87' lang='lat' dir='ltr'><strong>Scribe</strong></span> <span class='ocrx_word' id='word_1_245' title='bbox 995 3390 1074 3454; x_wconf 92' lang='lat' dir='ltr'><strong>ad</strong></span> <span class='ocrx_word' id='word_1_246' title='bbox 1122 3387 1528 3472; x_wconf 82' lang='lat' dir='ltr'><strong>Agricolam,²</strong></span> <span class='ocrx_word' id='word_1_247' title='bbox 1597 3389 1798 3454; x_wconf 90' lang='lat' dir='ltr'><strong>virum</strong></span> <span class='ocrx_word' id='word_1_248' title='bbox 1869 3390 2187 3472; x_wconf 89' lang='lat' dir='ltr'><strong>egregium</strong></span> <span class='ocrx_word' id='word_1_249' title='bbox 2256 3394 2319 3453; x_wconf 88' lang='lat' dir='ltr'><strong>et</strong></span> <span class='ocrx_word' id='word_1_250' title='bbox 2385 3389 2586 3452; x_wconf 86' lang='lat' dir='ltr'><strong>nostri</strong></span> 
     </span>
     <span class='ocr_line' id='line_1_33' title="bbox 347 3474 2588 3558; baseline -0.001 -18"><span class='ocrx_word' id='word_1_251' title='bbox 347 3477 863 3542; x_wconf 84' lang='lat' dir='ltr'><strong>amantissimum</strong></span> <span class='ocrx_word' id='word_1_252' title='bbox 939 3498 1013 3541; x_wconf 87' lang='lat' dir='ltr'><strong>ac</strong></span> <span class='ocrx_word' id='word_1_253' title='bbox 1087 3478 1258 3540; x_wconf 91' lang='lat' dir='ltr'><strong>omni</strong></span> <span class='ocrx_word' id='word_1_254' title='bbox 1301 3477 1684 3540; x_wconf 74' lang='lat' dir='ltr'><strong>reverentia</strong></span> <span class='ocrx_word' id='word_1_255' title='bbox 1756 3477 2218 3558; x_wconf 86' lang='lat' dir='ltr'><strong>dignissimum.</strong></span> <span class='ocrx_word' id='word_1_256' title='bbox 2342 3474 2588 3539; x_wconf 87' lang='lat' dir='ltr'><strong>Probus</strong></span> 
     </span>
     <span class='ocr_line' id='line_1_34' title="bbox 348 3561 2589 3645; baseline -0.001 -18"><span class='ocrx_word' id='word_1_257' title='bbox 348 3568 448 3627; x_wconf 89' lang='lat' dir='ltr'><strong>est</strong></span> <span class='ocrx_word' id='word_1_258' title='bbox 495 3568 559 3626; x_wconf 88' lang='lat' dir='ltr'><strong>et</strong></span> <span class='ocrx_word' id='word_1_259' title='bbox 603 3562 826 3629; x_wconf 88' lang='lat' dir='ltr'><strong>doctus</strong></span> <span class='ocrx_word' id='word_1_260' title='bbox 874 3568 938 3627; x_wconf 88' lang='lat' dir='ltr'><strong>et</strong></span> <span class='ocrx_word' id='word_1_261' title='bbox 980 3562 1251 3626; x_wconf 89' lang='lat' dir='ltr'><strong>disertus</strong></span> <span class='ocrx_word' id='word_1_262' title='bbox 1295 3561 1598 3645; x_wconf 87' lang='lat' dir='ltr'><strong>Magister</strong></span> <span class='ocrx_word' id='word_1_263' title='bbox 1641 3561 1939 3626; x_wconf 83' lang='lat' dir='ltr'><strong>Kaumler</strong></span> <span class='ocrx_word' id='word_1_264' title='bbox 1965 3563 1995 3602; x_wconf 79' lang='lat'><strong>‘¹</strong></span> <span class='ocrx_word' id='word_1_265' title='bbox 2054 3561 2589 3626; x_wconf 86' lang='lat' dir='ltr'><strong>Wratislaviensis</strong></span> 
     </span>
    </p>
   </div>
   <div class='ocr_carea' id='block_1_10' title="bbox 347 3670 756 3679">
    <p class='ocr_par' dir='ltr' id='par_1_10' title="bbox 347 3670 756 3679">
     <span class='ocr_line' id='line_1_35' title="bbox 347 3670 756 3679; baseline 0 0"><span class='ocrx_word' id='word_1_266' title='bbox 347 3670 756 3679; x_wconf 95' lang='lat' dir='ltr'><strong> </strong></span> 
     </span>
    </p>
   </div>
   <div class='ocr_carea' id='block_1_11' title="bbox 480 3697 2301 3753">
    <p class='ocr_par' dir='ltr' id='par_1_11' title="bbox 480 3697 2301 3753">
     <span class='ocr_line' id='line_1_36' title="bbox 480 3697 2301 3753; baseline -0.002 -1"><span class='ocrx_word' id='word_1_267' title='bbox 480 3715 508 3744; x_wconf 76' lang='lat' dir='ltr'><strong>a</strong></span> <span class='ocrx_word' id='word_1_268' title='bbox 533 3699 785 3753; x_wconf 87' lang='lat' dir='ltr'><strong>Destinet.</strong></span> <span class='ocrx_word' id='word_1_269' title='bbox 924 3703 952 3741; x_wconf 87' lang='lat' dir='ltr'><strong>b</strong></span> <span class='ocrx_word' id='word_1_270' title='bbox 979 3700 1116 3752; x_wconf 85' lang='lat' dir='ltr'><strong>foras</strong></span> <span class='ocrx_word' id='word_1_271' title='bbox 1154 3698 1301 3752; x_wconf 71' lang='lat' dir='ltr'><strong>Tem.</strong></span> <span class='ocrx_word' id='word_1_272' title='bbox 1440 3713 1465 3741; x_wconf 71' lang='grc' dir='ltr'>ο</span> <span class='ocrx_word' id='word_1_273' title='bbox 1493 3698 1711 3753; x_wconf 90' lang='lat' dir='ltr'><strong>decimo.</strong></span> <span class='ocrx_word' id='word_1_274' title='bbox 1749 3698 1857 3752; x_wconf 86' lang='lat' dir='ltr'><strong>Cal.</strong></span> <span class='ocrx_word' id='word_1_275' title='bbox 1996 3702 2027 3740; x_wconf 81' lang='lat' dir='ltr'><strong>d</strong></span> <span class='ocrx_word' id='word_1_276' title='bbox 2053 3697 2301 3751; x_wconf 89' lang='lat' dir='ltr'><strong>Kaunler.</strong></span> 
     </span>
    </p>
   </div>
   <div class='ocr_carea' id='block_1_12' title="bbox 343 3781 2587 4546">
    <p class='ocr_par' dir='ltr' id='par_1_12' title="bbox 343 3781 2587 4546">
     <span class='ocr_line' id='line_1_37' title="bbox 349 3781 2587 3854; baseline -0.001 -15"><span class='ocrx_word' id='word_1_277' title='bbox 349 3786 555 3840; x_wconf 81' lang='lat' dir='ltr'><strong>Mutian</strong></span> <span class='ocrx_word' id='word_1_278' title='bbox 589 3785 740 3838; x_wconf 87' lang='lat' dir='ltr'><strong>einen</strong></span> <span class='ocrx_word' id='word_1_279' title='bbox 773 3785 921 3838; x_wconf 84' lang='lat' dir='ltr'><strong>Brief</strong></span> <span class='ocrx_word' id='word_1_280' title='bbox 947 3801 1013 3838; x_wconf 87' lang='lat' dir='ltr'><strong>an</strong></span> <span class='ocrx_word' id='word_1_281' title='bbox 1047 3784 1290 3854; x_wconf 87' lang='lat' dir='ltr'><strong>Agricola</strong></span> <span class='ocrx_word' id='word_1_282' title='bbox 1323 3785 1536 3854; x_wconf 87' lang='lat' dir='ltr'><strong>mitgab.</strong></span> <span class='ocrx_word' id='word_1_283' title='bbox 1610 3785 1745 3837; x_wconf 86' lang='lat' dir='ltr'><strong>Dass</strong></span> <span class='ocrx_word' id='word_1_284' title='bbox 1792 3784 2042 3838; x_wconf 87' lang='lat' dir='ltr'><strong>Kaumler</strong></span> <span class='ocrx_word' id='word_1_285' title='bbox 2087 3783 2287 3836; x_wconf 87' lang='lat' dir='ltr'><strong>damals</strong></span> <span class='ocrx_word' id='word_1_286' title='bbox 2322 3781 2377 3834; x_wconf 88' lang='lat' dir='ltr'><strong>in</strong></span> <span class='ocrx_word' id='word_1_287' title='bbox 2411 3783 2587 3836; x_wconf 72' lang='lat' dir='ltr'><strong>Effmt</strong></span> 
     </span>
     <span class='ocr_line' id='line_1_38' title="bbox 348 3851 2582 3922; baseline -0.001 -15"><span class='ocrx_word' id='word_1_288' title='bbox 348 3872 472 3921; x_wconf 81' lang='lat' dir='ltr'><strong>war,</strong></span> <span class='ocrx_word' id='word_1_289' title='bbox 513 3853 726 3908; x_wconf 85' lang='lat' dir='ltr'><strong>beweist</strong></span> <span class='ocrx_word' id='word_1_290' title='bbox 742 3853 828 3907; x_wconf 90' lang='lat' dir='ltr'><strong>Br.</strong></span> <span class='ocrx_word' id='word_1_291' title='bbox 851 3854 966 3922; x_wconf 84' lang='lat'><strong>328,</strong></span> <span class='ocrx_word' id='word_1_292' title='bbox 1003 3854 1220 3906; x_wconf 87' lang='lat' dir='ltr'><strong>wonach</strong></span> <span class='ocrx_word' id='word_1_293' title='bbox 1256 3869 1312 3907; x_wconf 88' lang='grc'><strong>91·</strong></span> <span class='ocrx_word' id='word_1_294' title='bbox 1345 3855 1497 3907; x_wconf 88' lang='lat' dir='ltr'><strong>nebst</strong></span> <span class='ocrx_word' id='word_1_295' title='bbox 1530 3853 1823 3922; x_wconf 86' lang='lat' dir='ltr'><strong>Kirchberg</strong></span> <span class='ocrx_word' id='word_1_296' title='bbox 1858 3855 1964 3907; x_wconf 89' lang='lat' dir='ltr'><strong>und</strong></span> <span class='ocrx_word' id='word_1_297' title='bbox 1989 3853 2228 3906; x_wconf 85' lang='lat' dir='ltr'><strong>Irlebach</strong></span> <span class='ocrx_word' id='word_1_298' title='bbox 2251 3868 2416 3920; x_wconf 82' lang='lat' dir='ltr'><strong>gegen</strong></span> <span class='ocrx_word' id='word_1_299' title='bbox 2436 3851 2582 3904; x_wconf 85' lang='lat' dir='ltr'><strong>Ende</strong></span> 
     </span>
     <span class='ocr_line' id='line_1_39' title="bbox 348 3920 2585 3990; baseline -0.001 -13"><span class='ocrx_word' id='word_1_300' title='bbox 348 3925 480 3978; x_wconf 86' lang='lat'>1513</span> <span class='ocrx_word' id='word_1_301' title='bbox 517 3924 597 3977; x_wconf 89' lang='lat' dir='ltr'><strong>od.</strong></span> <span class='ocrx_word' id='word_1_302' title='bbox 635 3924 753 3976; x_wconf 85' lang='lat' dir='ltr'><strong>Anf.</strong></span> <span class='ocrx_word' id='word_1_303' title='bbox 794 3923 928 3977; x_wconf 80' lang='lat'>1514</span> <span class='ocrx_word' id='word_1_304' title='bbox 964 3922 1042 3976; x_wconf 88' lang='lat' dir='ltr'><strong>als</strong></span> <span class='ocrx_word' id='word_1_305' title='bbox 1077 3923 1436 3990; x_wconf 86' lang='lat' dir='ltr'><strong>Abgesandter</strong></span> <span class='ocrx_word' id='word_1_306' title='bbox 1469 3924 1561 3976; x_wconf 89' lang='lat' dir='ltr'><strong>der</strong></span> <span class='ocrx_word' id='word_1_307' title='bbox 1594 3923 1829 3975; x_wconf 74' lang='lat' dir='ltr'><strong>Erfurter</strong></span> <span class='ocrx_word' id='word_1_308' title='bbox 1875 3922 2227 3990; x_wconf 86' lang='lat' dir='ltr'><strong>Philosophen</strong></span> <span class='ocrx_word' id='word_1_309' title='bbox 2263 3921 2347 3974; x_wconf 89' lang='lat' dir='ltr'><strong>bei</strong></span> <span class='ocrx_word' id='word_1_310' title='bbox 2383 3920 2585 3974; x_wconf 84' lang='lat' dir='ltr'><strong>Mutian</strong></span> 
     </span>
     <span class='ocr_line' id='line_1_40' title="bbox 343 3989 2584 4128; baseline -0.003 -12"><span class='ocrx_word' id='word_1_311' title='bbox 343 3991 1074 4116; x_wconf 55' lang='lat' dir='ltr'><strong>ff‡&#39;&#39;{‘1&#39;3{¹i{³0¹f{¹&#39;213{³1⁷·m1223</strong></span> <span class='ocrx_word' id='word_1_312' title='bbox 1075 3991 1663 4128; x_wconf 49' lang='lat' dir='ltr'><strong>gssssffffissifffetqgf</strong></span> <span class='ocrx_word' id='word_1_313' title='bbox 1666 4034 1677 4046; x_wconf 83' lang='lat'><strong>·</strong></span> <span class='ocrx_word' id='word_1_314' title='bbox 1700 3989 2584 4126; x_wconf 54' lang='lat' dir='ltr'><strong>b⁵t¹t⁷0AliZffiJffl³kffiiz¹3{2³⁶3}ssss</strong></span> 
     </span>
     <span class='ocr_line' id='line_1_41' title="bbox 343 4101 2582 4198; baseline -0.002 -14"><span class='ocrx_word' id='word_1_315' title='bbox 343 4130 554 4184; x_wconf 87' lang='lat' dir='ltr'><strong>Vratisl.</strong></span> <span class='ocrx_word' id='word_1_316' title='bbox 625 4130 842 4183; x_wconf 84' lang='lat' dir='ltr'><strong>Vratisl.·</strong></span> <span class='ocrx_word' id='word_1_317' title='bbox 879 4129 1025 4196; x_wconf 83' lang='lat'><strong>1865,</strong></span> <span class='ocrx_word' id='word_1_318' title='bbox 1063 4146 1110 4197; x_wconf 87' lang='lat' dir='ltr'><strong>p.</strong></span> <span class='ocrx_word' id='word_1_319' title='bbox 1150 4131 1228 4181; x_wconf 88' lang='lat'><strong>14.</strong></span> <span class='ocrx_word' id='word_1_320' title='bbox 1299 4131 1496 4182; x_wconf 88' lang='lat' dir='ltr'><strong>Ausser</strong></span> <span class='ocrx_word' id='word_1_321' title='bbox 1528 4129 1584 4181; x_wconf 91' lang='lat' dir='ltr'><strong>in</strong></span> <span class='ocrx_word' id='word_1_322' title='bbox 1621 4130 1720 4182; x_wconf 86' lang='lat' dir='ltr'><strong>den</strong></span> <span class='ocrx_word' id='word_1_323' title='bbox 1768 4101 1885 4198; x_wconf 59' lang='lat' dir='ltr'><strong>tolbi.</strong></span> <span class='ocrx_word' id='word_1_324' title='bbox 1935 4128 2143 4181; x_wconf 85' lang='lat' dir='ltr'><strong>Briefen</strong></span> <span class='ocrx_word' id='word_1_325' title='bbox 2192 4129 2447 4196; x_wconf 85' lang='lat' dir='ltr'><strong>begegnet</strong></span> <span class='ocrx_word' id='word_1_326' title='bbox 2484 4145 2582 4180; x_wconf 82' lang='lat' dir='ltr'><strong>uns</strong></span> 
     </span>
     <span class='ocr_line' id='line_1_42' title="bbox 344 4196 2585 4268; baseline -0.003 -14"><span class='ocrx_word' id='word_1_327' title='bbox 344 4199 588 4268; x_wconf 84' lang='lat' dir='ltr'><strong>Agricola</strong></span> <span class='ocrx_word' id='word_1_328' title='bbox 631 4199 765 4252; x_wconf 86' lang='lat' dir='ltr'><strong>noch</strong></span> <span class='ocrx_word' id='word_1_329' title='bbox 800 4199 854 4250; x_wconf 90' lang='lat' dir='ltr'><strong>in</strong></span> <span class='ocrx_word' id='word_1_330' title='bbox 890 4199 991 4251; x_wconf 87' lang='lat' dir='ltr'><strong>den</strong></span> <span class='ocrx_word' id='word_1_331' title='bbox 1023 4198 1110 4253; x_wconf 87' lang='lat' dir='ltr'><strong>Br.</strong></span> <span class='ocrx_word' id='word_1_332' title='bbox 1149 4199 1262 4252; x_wconf 86' lang='grc'>291.</span> <span class='ocrx_word' id='word_1_333' title='bbox 1301 4200 1415 4252; x_wconf 79' lang='lat'><strong>315.</strong></span> <span class='ocrx_word' id='word_1_334' title='bbox 1453 4199 1555 4251; x_wconf 84' lang='lat'><strong>334</strong></span> <span class='ocrx_word' id='word_1_335' title='bbox 1590 4199 1681 4251; x_wconf 88' lang='lat' dir='ltr'><strong>des</strong></span> <span class='ocrx_word' id='word_1_336' title='bbox 1718 4197 1839 4252; x_wconf 78' lang='lat' dir='ltr'><strong>Ood.</strong></span> <span class='ocrx_word' id='word_1_337' title='bbox 1888 4214 1984 4251; x_wconf 83' lang='lat' dir='ltr'><strong>aus</strong></span> <span class='ocrx_word' id='word_1_338' title='bbox 2031 4198 2150 4250; x_wconf 87' lang='lat' dir='ltr'><strong>dem</strong></span> <span class='ocrx_word' id='word_1_339' title='bbox 2202 4197 2249 4249; x_wconf 86' lang='lat' dir='ltr'><strong>J.</strong></span> <span class='ocrx_word' id='word_1_340' title='bbox 2305 4196 2451 4249; x_wconf 85' lang='lat'><strong>1514.</strong></span> <span class='ocrx_word' id='word_1_341' title='bbox 2522 4196 2585 4248; x_wconf 93' lang='lat' dir='ltr'><strong>In</strong></span> 
     </span>
     <span class='ocr_line' id='line_1_43' title="bbox 347 4264 2584 4332; baseline -0.003 -10"><span class='ocrx_word' id='word_1_342' title='bbox 347 4270 464 4322; x_wconf 77' lang='lat' dir='ltr'><strong>(lem</strong></span> <span class='ocrx_word' id='word_1_343' title='bbox 520 4269 767 4321; x_wconf 85' lang='lat' dir='ltr'><strong>letzteren</strong></span> <span class='ocrx_word' id='word_1_344' title='bbox 819 4267 985 4320; x_wconf 85' lang='lat' dir='ltr'><strong>heisst</strong></span> <span class='ocrx_word' id='word_1_345' title='bbox 1030 4283 1086 4320; x_wconf 86' lang='lat' dir='ltr'><strong>or</strong></span> <span class='ocrx_word' id='word_1_346' title='bbox 1129 4267 1213 4320; x_wconf 89' lang='lat' dir='ltr'><strong>ein</strong></span> <span class='ocrx_word' id='word_1_347' title='bbox 1258 4265 1479 4320; x_wconf 80' lang='lat' dir='ltr'><strong>Schiiler</strong></span> <span class='ocrx_word' id='word_1_348' title='bbox 1531 4267 1781 4332; x_wconf 83' lang='lat' dir='ltr'><strong>MutianS,</strong></span> <span class='ocrx_word' id='word_1_349' title='bbox 1831 4268 1897 4320; x_wconf 86' lang='lat' dir='ltr'><strong>da</strong></span> <span class='ocrx_word' id='word_1_350' title='bbox 1944 4283 1999 4318; x_wconf 91' lang='lat' dir='ltr'><strong>er</strong></span> <span class='ocrx_word' id='word_1_351' title='bbox 2044 4266 2097 4318; x_wconf 90' lang='lat' dir='ltr'><strong>in</strong></span> <span class='ocrx_word' id='word_1_352' title='bbox 2134 4266 2310 4318; x_wconf 85' lang='lat' dir='ltr'><strong>Erfurt</strong></span> <span class='ocrx_word' id='word_1_353' title='bbox 2362 4264 2584 4317; x_wconf 85' lang='lat' dir='ltr'><strong>studiert</strong></span> 
     </span>
     <span class='ocr_line' id='line_1_44' title="bbox 348 4332 2584 4404; baseline -0.003 -14"><span class='ocrx_word' id='word_1_354' title='bbox 348 4339 517 4404; x_wconf 85' lang='lat' dir='ltr'><strong>hatte3</strong></span> <span class='ocrx_word' id='word_1_355' title='bbox 569 4339 706 4391; x_wconf 88' lang='lat' dir='ltr'><strong>denn</strong></span> <span class='ocrx_word' id='word_1_356' title='bbox 746 4337 801 4389; x_wconf 89' lang='lat' dir='ltr'><strong>in</strong></span> <span class='ocrx_word' id='word_1_357' title='bbox 846 4338 938 4389; x_wconf 88' lang='lat' dir='ltr'><strong>der</strong></span> <span class='ocrx_word' id='word_1_358' title='bbox 983 4336 1126 4389; x_wconf 87' lang='lat' dir='ltr'><strong>Liste</strong></span> <span class='ocrx_word' id='word_1_359' title='bbox 1169 4338 1262 4389; x_wconf 89' lang='lat' dir='ltr'><strong>der</strong></span> <span class='ocrx_word' id='word_1_360' title='bbox 1305 4336 1623 4390; x_wconf 86' lang='lat' dir='ltr'><strong>Bakularien</strong></span> <span class='ocrx_word' id='word_1_361' title='bbox 1674 4337 1816 4388; x_wconf 84' lang='lat' dir='ltr'><strong>steht</strong></span> <span class='ocrx_word' id='word_1_362' title='bbox 1850 4352 1907 4387; x_wconf 91' lang='lat' dir='ltr'><strong>er</strong></span> <span class='ocrx_word' id='word_1_363' title='bbox 1941 4352 1986 4388; x_wconf 83' lang='lat' dir='ltr'><strong>a.</strong></span> <span class='ocrx_word' id='word_1_364' title='bbox 2028 4335 2158 4386; x_wconf 76' lang='lat'>1485</span> <span class='ocrx_word' id='word_1_365' title='bbox 2194 4334 2271 4386; x_wconf 82' lang='lat' dir='ltr'><strong>als</strong></span> <span class='ocrx_word' id='word_1_366' title='bbox 2306 4332 2584 4402; x_wconf 71' lang='lat' dir='ltr'><strong>Gregorius</strong></span> 
     </span>
     <span class='ocr_line' id='line_1_45' title="bbox 347 4403 2581 4475; baseline -0.002 -16"><span class='ocrx_word' id='word_1_367' title='bbox 347 4406 612 4475; x_wconf 86' lang='lat' dir='ltr'><strong>Lengefelt</strong></span> <span class='ocrx_word' id='word_1_368' title='bbox 646 4407 711 4459; x_wconf 85' lang='grc'><strong>(19</strong></span> <span class='ocrx_word' id='word_1_369' title='bbox 747 4405 1100 4458; x_wconf 81' lang='lat' dir='ltr'><strong>Wratislavia.</strong></span> <span class='ocrx_word' id='word_1_370' title='bbox 1243 4407 1262 4437; x_wconf 78' lang='lat'>²</span> <span class='ocrx_word' id='word_1_371' title='bbox 1298 4405 1414 4475; x_wconf 87' lang='lat' dir='ltr'><strong>Vgl.</strong></span> <span class='ocrx_word' id='word_1_372' title='bbox 1450 4421 1560 4460; x_wconf 78' lang='lat' dir='ltr'><strong>vor.</strong></span> <span class='ocrx_word' id='word_1_373' title='bbox 1596 4405 1682 4458; x_wconf 89' lang='lat' dir='ltr'><strong>Br.</strong></span> <span class='ocrx_word' id='word_1_374' title='bbox 1754 4405 1888 4473; x_wconf 78' lang='lat' dir='ltr'><strong>Mag.</strong></span> <span class='ocrx_word' id='word_1_375' title='bbox 1926 4404 2182 4458; x_wconf 83' lang='lat' dir='ltr'><strong>Kaumler</strong></span> <span class='ocrx_word' id='word_1_376' title='bbox 2216 4405 2285 4456; x_wconf 84' lang='lat' dir='ltr'><strong>ist</strong></span> <span class='ocrx_word' id='word_1_377' title='bbox 2320 4404 2412 4455; x_wconf 81' lang='lat' dir='ltr'><strong>der</strong></span> <span class='ocrx_word' id='word_1_378' title='bbox 2445 4403 2581 4455; x_wconf 88' lang='lat' dir='ltr'><strong>ludi-</strong></span> 
     </span>
     <span class='ocr_line' id='line_1_46' title="bbox 349 4473 1268 4546; baseline -0.003 -18"><span class='ocrx_word' id='word_1_379' title='bbox 349 4477 593 4546; x_wconf 81' lang='lat' dir='ltr'><strong>magister</strong></span> <span class='ocrx_word' id='word_1_380' title='bbox 627 4475 876 4530; x_wconf 83' lang='lat' dir='ltr'><strong>Matthias</strong></span> <span class='ocrx_word' id='word_1_381' title='bbox 912 4476 1004 4529; x_wconf 85' lang='lat' dir='ltr'><strong>‹les</strong></span> <span class='ocrx_word' id='word_1_382' title='bbox 1039 4491 1146 4528; x_wconf 81' lang='lat' dir='ltr'><strong>vor.</strong></span> <span class='ocrx_word' id='word_1_383' title='bbox 1161 4533 1166 4536; x_wconf 59' lang='grc'><strong>,</strong></span> <span class='ocrx_word' id='word_1_384' title='bbox 1183 4473 1268 4526; x_wconf 92' lang='lat' dir='ltr'><strong>Br.</strong></span> 
     </span>
    </p>
   </div>
  </div>
 </body>
</html>
