3084 4895
507 368 634 441 512
1353 371 1528 433 Briefe
1566 375 1662 434 des
1698 381 1747 435 s.
1790 377 1941 437 1515.

511 549 902 615 Commendo
946 547 1066 612 tibi
1118 548 1358 612 Ritium
1407 547 1681 613 Codrum
1716 553 1932 633 potius
1964 572 2154 634 quam
2189 554 2485 621 Cordum.
2564 560 2789 625 Habet

508 636 770 717 probam
824 654 1084 697 uxorem
1133 636 1199 697 et
1242 633 1497 712 liberos,
1546 639 1609 698 et
1654 637 1822 699 unde
1868 639 2064 715 vivat,
2124 660 2251 704 non
2314 641 2529 707 habet.
2622 645 2785 711 Esto

508 720 808 785 liberalis.
900 718 1114 782 Habes
1182 719 1355 783 domi
1423 721 1907 786 Romanensem.
2002 723 2188 789 Cave.
2280 726 2507 792 Solent
2571 752 2784 795 errare

509 807 746 888 ubique
776 804 1059 868 locorum
1097 805 1548 887 exploratores
1629 806 1949 890 Propheta
1979 810 2069 873 fui
2102 810 2414 876 Eobano.¹
2487 812 2777 880 Tandem

508 893 774 971 videbis,
822 891 976 972 quid
1023 891 1398 972 scripserim.
1491 892 1689 955 Verus
1734 900 1799 955 et
1837 894 2053 975 justus
2099 895 2210 975 fui,
2273 899 2379 961 sed
2441 922 2569 963 non
2636 924 2778 984 per-

505 979 697 1041 suasi.
790 975 998 1038 'l'anta
1061 983 1156 1039 est
1218 977 1493 1040 caecitas
1560 980 1855 1042 amantis.
1969 980 2376 1046 Phorcensis²
2449 985 2638 1049 dabit
2696 990 2777 1051 ad

506 1086 608 1127 me
651 1061 933 1126 libellum
984 1060 1385 1141 Stapulensis
1431 1061 1747 1125 ΒΓ6116111.3
1836 1064 1963 1128 Fac
2010 1072 2082 1130 ut
2127 1072 2378 1131 tuorum
2428 1071 2669 1153 aliquis
2712 1080 2779 1137 te

509 1150 773 1212 absente
819 1147 895 1209 ad
946 1168 1046 1209 me
1090 1147 1270 1209 ferat.
1362 1148 1431 1209 ln
1480 1147 1767 1212 Vallibus
1814 1150 2025 1214 saluta
2070 1152 2439 1219 Musardum
2486 1164 2556 1220 et
2600 1180 2776 1236 cura,

506 1240 581 1298 ut
625 1234 770 1297 libri
824 1232 1066 1295 Alberti
1117 1231 1511 1314 Spicenassi⁴
1545 1235 1622 1296 ad
1660 1239 1805 1298 tuos
1850 1237 2248 1319 perferantur
2292 1240 2547 1305 favente
2594 1249 2778 1325 patre

507 1328 745 1385 nostro.
837 1318 1006 1381 Haec
1051 1340 1088 1380 a
1137 1318 1420 1399 prandio.
1513 1318 1853 1401 Concerpe.

809 1418 931 1471 Cod.
976 1416 1108 1471 Frcf.
1145 1417 1264 1469 433.

497 1572 730 1642 (coma)
1563 1556 1710 1619 449.
2410 1578 2575 1647 (Jan.)
2615 1581 2769 1634 1515.

1249 1671 1537 1742 Mutian
1584 1693 1684 1742 an
1728 1672 2007 1744 Urban.

503 1794 627 1861 (Die
692 1794 886 1849 Vilcare
939 1794 1126 1862 lala-qen
1179 1792 1291 1860 auf
1335 1792 1675 1861 Beseitiyuny
1728 1793 1821 1845 der
1872 1793 2291 1848 Hamtric‘mmer
2335 1814 2439 1849 aus
2472 1798 2567 1850 der
2608 1800 2765 1854 Geta.

498 1862 746 1916 Dietm-ar
791 1863 892 1914 soll
937 1863 1081 1915 daxu
1123 1862 1859 1997 awyehalteggzzerzzn'holgg)
1886 1862 2114 1916 Publius
2150 1865 2282 1917 noch
2315 1865 2379 1917 in
2414 1865 2630 1928 Hes-sen,
2669 1886 2767 1921 um

1246 2044 1324 2097 H.
1363 2044 1621 2096 Urbano
1658 2045 1741 2097 M.
1782 2044 2002 2099 Rufus·
2056 2050 2065 2057 “

703 2156 768 2222 S.
859 2156 1018 2221 Ecce
1064 2157 1457 2239 inopinatam
1503 2158 1775 2236 ruinam,
1837 2180 1979 2223 ecce
2040 2158 2409 2240 inopinatas
2470 2162 2765 2240 querelas

498 2242 929 2308 vicariorum.⁸
1041 2243 1176 2325 Ego
1249 2243 1468 2307 literas
1531 2243 1679 2307 dare
1753 2246 1831 2307 ad
1910 2243 2251 2324 collegium
2329 2244 2487 2308 illud
2564 2248 2761 2310 nolui.

499 2328 858 2411 Captantur
905 2328 1069 2391 enim
1117 2329 1182 2391 in
1231 2328 1405 2392 omni
1452 2329 1644 2392 verbo
1692 2352 1887 2395 ansae
1919 2329 2403 2393 calumniarum.
2477 2330 2575 2395 Tu
2607 2354 2763 2413 rogo

498 2417 696 2480 vadas
741 2416 805 2479 in
857 2414 1114 2478 comitia
1161 2416 1225 2478 et
1269 2434 1516 2496 expone
1563 2417 1874 2480 rationem
1934 2414 2184 2478 consilii
2247 2416 2401 2480 mei:
2462 2417 2762 2482 videlicet

493 2501 765 2565 locatam
816 2502 1073 2564 domum
1123 2499 1452 2564 Dithmaro
1500 2501 1639 2566 sine
1703 2502 1831 2565 ulla
1891 2503 2215 2584 pensione,
2261 2503 2344 2564 ob
2390 2502 2456 2564 id
2502 2507 2761 2568 tantum

493 2591 568 2652 ut
634 2588 980 2651 instrueret
1030 2590 1095 2649 et
1151 2585 1404 2649 fulciret
1464 2587 1723 2651 ruinosa
1779 2593 1840 2652 et
1896 2587 2211 2652 nutantia.
2304 2587 2464 2650 Nam
2526 2609 2604 2652 ea
2659 2612 2763 2654 1116

493 2695 631 2737 6666
697 2673 955 2756 pietate,
1017 2675 1092 2734 ut
1147 2671 1488 2735 fraternam
1560 2673 1861 2752 pietatem
1928 2674 1991 2735 in
2055 2676 2440 2736 testamento
2508 2696 2762 2740 servare

493 2759 802 2823 studeam.
918 2756 1042 2820 Sed
1120 2779 1304 2821 casus
1371 2757 1477 2820 1116
1542 2756 1847 2822 fortuitus
1920 2763 2034 2822 est.
2147 2757 2233 2820 Et
2295 2780 2515 2822 verum
2591 2760 2761 2824 dixit

500 2840 937 2926 coquinaria-5⁸
985 2863 1092 2906 eos
1139 2847 1460 2925 praestare
1505 2843 1734 2908 debere
1780 2845 2078 2908 damnum
2147 2843 2414 2908 viciniae
2459 2849 2523 2907 et
2570 2845 2759 2910 molis

491 2931 774 3013 aquariis
840 2930 1078 2992 datum.
1170 2929 1309 2992 Non
1381 2932 1596 2993 tamen
1665 2930 1911 2993 inficias
1956 2951 2028 2994 eo
2074 2930 2262 2992 licere
2332 2931 2586 2994 vicariis
2654 2953 2757 2996 me

491 3016 828 3080 convenire
902 3018 976 3077 ut
1052 3015 1396 3078 usuarium.
1520 3012 1683 3090 Quid
1779 3015 1987 3079 verbis
2074 3014 2283 3097 opus‘?
2399 3015 2755 3097 Postquam

494 3102 857 3166 humaniter
911 3101 1180 3164 vicarios
1233 3100 1628 3178 salutaveris,
1688 3122 1882 3164 evoca
1944 3102 2163 3165 statim
2233 3100 2635 3165 Dithmarum
2690 3106 2759 3166 et

495 3189 726 3252 dicito:
779 3185 1004 3268 „Cura,
1050 3189 1123 3249 ut
1169 3186 1396 3248 rudera
1440 3185 1755 3250 tollantur
1800 3192 1863 3250 et
1909 3191 2155 3251 meatus
2202 3186 2479 3250 Gherrae
2536 3209 2757 3269 repur-

489 3278 694 3357 getur,
756 3273 852 3336 vel
899 3271 1001 3334 exi
1049 3273 1337 3335 cessante
1405 3271 1771 3335 conditione
1837 3269 2350 3355 quinquennii.“⁷
2439 3271 2512 3336 Si
2556 3273 2756 3337 demi-

491 3359 788 3441 graverit,
845 3356 997 3420 tolle
1057 3361 1456 3420 caementum
1508 3361 1573 3420 et
1616 3357 1861 3438 lapides
1915 3379 2053 3421 meo
2117 3362 2397 3438 sumptu.
2487 3357 2560 3422 Si
2612 3379 2756 3440 per-

491 3445 817 3520 manserit,
864 3441 1051 3506 tollat
1093 3444 1230 3523 ipse
1273 3443 1339 3505 in
1384 3443 1641 3506 nomine
1687 3443 1945 3506 diaboli.
2042 3442 2132 3525 „O
2180 3447 2492 3524 quantum
2538 3451 2640 3507 est
2683 3445 2749 3507 in

633 3581 648 3611 ¹
684 3579 746 3632 In
794 3577 966 3631 6611161
1020 3575 1647 3644 Heiratsangelegenheit.
1792 3577 1812 3608 ²
1846 3576 1897 3631 S.
1934 3577 2038 3630 479
2072 3579 2134 3630 A.
2172 3577 2220 3630 3.
2293 3576 2593 3642 Vielleicht‚
2649 3578 2749 3630 wie

491 3648 580 3700 ich
604 3648 724 3700 hier
757 3647 1059 3712 nachtrage,
1096 3646 1190 3697 der
1226 3643 1334 3697 Ost.
1366 3645 1498 3697 1513
1521 3645 1805 3698 immatrik.
1827 3644 2109 3697 »Martinus
2130 3645 2369 3712 Wyrach
2390 3645 2457 3697 (16
2476 3644 2749 3698 For-zoen«.

490 3715 873 3769 Weissenb.
913 3715 1030 3768 Akt.
1069 3712 1136 3780 ΙΙ,
1175 3711 1291 3765 280.
1435 3713 1455 3745 ⁸
1487 3713 1652 3766 Wohl
1688 3714 1781 3766 das
1820 3712 2149 3781 Opusculum
2193 3713 2447 3766 Bernonis
2484 3713 2551 3766 de
2584 3715 2749 3766 sacri-

489 3785 608 3837 ficio
651 3786 862 3841 missae,
915 3783 1010 3835 das
1054 3782 1164 3835 Jac.
1212 3780 1382 3833 Faber
1424 3780 1575 3834 Paris
1615 3781 1748 3834 1510
1781 3781 2090 3850 herausgab.
2232 3783 2254 3813 ⁴
2286 3780 2573 3848 Spitznase.
2646 3782 2749 3834 Ein

487 3853 736 3907 Albertus
790 3851 1086 3918 Spicznasse
1144 3851 1210 3901 de
1263 3848 1708 3917 Bischoffguttern
1756 3850 1828 3902 ist
1874 3848 1984 3904 Ost.
2033 3849 2167 3902 1465
2210 3849 2265 3901 in
2308 3849 2411 3903 Erf.
2460 3849 2745 3906 immatrik.

487 3921 866 3975 Weissenb.
920 3919 1042 3971 Akt.
1089 3919 1132 3986 Ι,
1186 3917 1302 3972 308.
1376 3919 1488 3969 Von
1540 3917 1839 3970 »Buchern«
1890 3917 2180 3982 desselben,
2240 3917 2325 3970 die
2376 3918 2511 3970 nach
2568 3919 2747 3988 obiger

487 3989 650 4044 Stelle
671 3991 726 4043 in
747 3987 1098 4056 Georgenthal
1121 3985 1450 4040 ausbewahrt
1483 3987 1717 4053 wurden,
1753 3987 1823 4039 ist
1855 3987 2031 4038 nichts
2066 3987 2306 4038 bekannt.
2364 3986 2743 4040 Wahrschein-

485 4060 597 4113 11611
634 4057 953 4127 geschenkte
989 4055 1200 4108 Biicher
1235 4056 1360 4107 oder
1393 4054 1773 4107 hintcrlassene
1808 4055 2231 4107 Handschriften.
2358 4057 2379 4088 ⁶
2412 4055 2511 4107 Die
2548 4055 2743 4110 Vikare

486 4130 580 4182 der
612 4125 997 4181 Marienkirche
1033 4124 1216 4176 hatten
1251 4123 1475 4192 geklagt‚
1513 4124 1635 4175 dass
1669 4124 2096 4192 herabgestiirzte
2142 4123 2417 4176 Triimmer
2452 4123 2547 4176 des
2580 4123 2741 4178 Muti-

486 4197 737 4250 anischen
790 4194 999 4246 Hauses
1034 4192 1089 4244 in
1123 4191 1300 4245 Erlurt
1345 4191 1446 4243 den
1493 4191 1825 4244 Wasserlauf
1856 4192 1949 4244 der
1982 4191 2120 4244 Gera
2170 4193 2443 4244 hemmten
2492 4193 2605 4245 und
2658 4194 2743 4246 die

485 4265 872 4320 benachbarten
908 4260 1130 4314 Miihlen
1165 4260 1484 4327 schfidigten.
1560 4260 1799 4313 Dietmar
1834 4260 1959 4312 aber
1993 4260 2238 4326 weigerte
2274 4260 2389 4313 sich
2426 4260 2609 4314 diesen
2644 4279 2741 4314 un—

485 4332 972 4401 vorhergesehenen
1030 4330 1269 4382 Schaden
1331 4328 1725 4382 auszubessern.
1796 4328 1913 4395 Vgl.
1964 4327 2015 4382 S.
2054 4330 2156 4382 503
2206 4331 2265 4382 A.
2307 4331 2350 4383 1.
2494 4330 2517 4361 θ
2552 4329 2741 4398 Eugei-

485 4419 660 4456 mann.
733 4400 784 4454 S.
823 4400 924 4452 206
959 4402 1023 4450 A.
1060 4398 1107 4450 2.
1250 4399 1268 4430 ⁷
1305 4396 1356 4450 S.
1397 4396 1496 4448 277
1533 4400 1597 4450 A.
1636 4398 1687 4450 3.

1195 4890 1205 4895 -
1239 4888 1713 4895 7771-——-
1778 4725 3013 4895 ᾈ-ᾲ--Ἦῄ-ῄ-ε-ἊᾸ
