3084 4895
440 433 523 496 96
1227 422 1400 476 Briefe
1439 437 1538 476 von
1586 419 1937 474 1505—1508.

449 604 722 668 fuerunt.
802 599 1080 664 Castella
1111 603 1297 682 capta
1328 599 1564 664 nostris
1594 599 1979 662 ademerunt.
2053 596 2366 662 Inclinata
2398 600 2497 660 est
2534 595 2703 660 acies

452 680 757 755 Caesaris,
851 688 1100 764 Errant,
1147 688 1254 768 qui
1302 686 1594 750 fortunae
1641 686 1933 749 tribuunt
1964 689 2256 748 eventum
2291 684 2457 747 belli.
2533 682 2703 746 Deus

451 785 565 852 est,
615 776 892 859 profecto
939 775 1110 849 deuS‚
1181 774 1287 856 qui
1337 776 1665 854 corruptos
1712 772 2034 834 hominum
2086 793 2307 848 moreS,
2370 775 2445 833 ut
2492 771 2705 851 Augu-

452 865 662 926 stinus
693 863 900 937 refert,
955 861 1134 922 bellis
1167 861 1476 923 emendat.
1544 859 1765 922 Gallus
1798 859 2103 940 superbit,
2138 857 2308 919 volat
2339 857 2403 919 in
2440 857 2703 931 coelum,

449 951 559 1012 sed
622 950 832 1031 aquila
891 949 1054 1028 repit
1117 947 1307 1012 humi.
1369 947 1500 1009 alas
1564 947 1638 1006 acl
1702 951 1929 1007 terram
1989 945 2258 1006 demisit..
2352 943 2506 1019 Quis
2550 942 2706 1006 talia

453 1037 636 1099 siccis
683 1035 902 1098 audiat
947 1033 1194 1096 oculis?
1286 1033 1357 1095 N.
1407 1056 1484 1094 ex
1535 1031 1788 1094 vulnere
1821 1032 2022 1113 periit.
2116 1029 2493 1093 Ceciderunt
2525 1029 2705 1092 belli-

453 1123 764 1186 cosissimi
813 1121 1288 1184 Germanorum.
1343 1117 1527 1198 „Mali
1565 1118 1795 1180 culices
1828 1139 2144 1198 ranaeque
2176 1115 2553 1199 palustres“¹
2593 1116 2706 1177 t'ri-

452 1207 783 1292 umphant.
897 1207 1050 1282 Quis
1115 1206 1545 1268 moderabitur
1608 1203 1787 1267 irae‘?
1882 1204 2197 1284 „Demitto
2265 1203 2580 1266 auriculas
2634 1205 2707 1264 ut

455 1296 709 1378 iniquae
732 1294 964 1358 mentis
1001 1293 1250 1362 asellus,
1287 1290 1440 1355 Cum
1467 1290 1724 1370 gravius
1757 1291 1940 1351 dorso
1974 1291 2172 1353 subiit.
2204 1287 2455 1352 onuS.“²
2505 1287 2701 1350 Oran-

457 1384 575 1446 dus
639 1387 736 1444 est
803 1379 1112 1454 ChristuS,
1183 1382 1255 1440 ut
1321 1377 1569 1440 indulta
1642 1376 1823 1439 nobis
1887 1379 2069 1440 venia
2114 1379 2370 1441 domitis
2416 1376 2707 1439 hostibus

457 1490 671 1550 pacem
719 1470 1010 1530 inserat⁸
1057 1465 1446 1528 Germaniae.

768 1568 888 1620 Cod.
927 1567 1060 1619 Frof.
1100 1566 1180 1618 78.

463 1757 645 1812 Gotha.
1532 1741 1632 1803 88.
2563 1755 2705 1810 1508.

1154 1867 1442 1936 Mutian
1489 1887 1587 1936 an
1634 1867 1991 1954 spalatin.

460 1997 717 2064 (Herbo-rd
776 1997 890 2048 will
949 1997 1280 2050 Bacularius
1347 1997 1434 2048 des
1501 1995 1687 2048 Rechts
1741 1997 1955 2049 werden.
2046 1997 2285 2048 Medixc'n
2336 2013 2407 2049 an
2462 1997 2710 2064 Hobyart.

803 2066 1050 2133 *Petrejzts
1087 2067 1321 2133 verlanyt
1354 2066 1663 2118 Beroaldus’
1702 2064 1877 2117 Motus
1914 2071 2081 2118 terrae
2115 2067 2353 2133 writola.)

460 2181 728 2242 Georgio
778 2179 1100 2241 spalatino
1153 2182 1429 2241 impense
1478 2180 1681 2239 doct0‚
1728 2181 1923 2241 probe
1976 2180 2223 2230 docenti
2260 2183 2323 2230 et
2357 2183 2527 2230 recte
2591 2179 2712 2229 dis-

585 2268 754 2317 centi
790 2267 958 2326 apud
994 2268 1357 2317 coenobium
1396 2266 1747 2317 sodalitatis
1782 2266 2207 2316 Cistercieneis
2242 2268 2329 2316 M.
2365 2264 2589 2316 Rufus.

667 2377 732 2442 S.
823 2379 985 2456 Quid
1053 2380 1188 2462 agit
1255 2378 1624 2462 Spalatinus
1690 2380 1931 2443 amicus
1999 2379 2291 2461 integer?
2389 2377 2537 2441 Sive
2599 2378 2714 2440 deo

464 2466 779 2549 supplicat
826 2472 898 2531 ut
947 2488 1149 2549 saepe,
1197 2471 1520 2548 tamquam
1572 2468 1829 2548 pietatis
1876 2468 2189 2544 alumnuS‚
2238 2468 2368 2529 sive
2404 2464 2716 2548 professor

465 2558 789 2615 monastas
835 2554 1043 2616 erudit
1089 2562 1159 2616 ut
1207 2555 1475 2635 saepius»,
1524 2554 1657 2616 sive
1704 2555 1922 2617 studet
1968 2558 2036 2615 ut
2070 2574 2341 2633 semper:
2390 2550 2717 2615 Mutianus

461 2662 600 2702 eum
661 2640 917 2702 salutat.
1037 2640 1432 2703 Herebordus
1500 2646 1715 2702 noster
1775 2641 2023 2702 triviale
2078 2639 2236 2719 juris
2295 2636 2716 2701 tirociniumb

463 2726 774 2807 deponere
829 2728 1058 2790 statuit
1109 2728 1289 2809 jussu
1351 2728 1551 2808 patris
1613 2732 1675 2789 et
1734 2728 1891 2789 inire
1937 2747 2171 2789 novum
2225 2720 2717 2806 magist1·atum.³

465 2811 625 2886 Quid
685 2812 842 2874 fiet?
944 2812 1549 2877 Jurisconsultorum
1615 2813 1913 2893 auspiciis
1958 2816 2021 2875 et
2068 2813 2261 2874 ductu
2312 2810 2601 2875 baculum
2650 2809 2714 2871 in

468 2905 752 2979 apertum
787 2898 1030 2962 referet.
1123 2900 1284 2975 Quid
1319 2899 1439 2961 hoc
1462 2898 1607 2961 est?
1694 2899 1959 2962 Juvenis
1992 2899 2307 2961 humanus
2340 2904 2402 2960 et
2433 2898 2717 2960 eruditus

465 2991 530 3047 et
573 2985 849 3065 optimae
915 2985 1145 3049 indolis
1212 3008 1289 3048 ex
1359 2986 1559 3048 latina
1618 2986 1874 3067 specula
1928 2985 2267 3047 descendet
2311 2985 2373 3046 in
2424 2982 2718 3045 tenebras

463 3069 881 3134 Cimmerias.0
980 3072 1200 3135 Adhuc
1262 3094 1385 3136 non
1435 3072 1787 3152 intelligis?
1880 3070 2138 3133 Deserta
2184 3070 2379 3133 sterili
2428 3069 2718 3151 quamvis

463 3157 824 3219 honestiore
884 3158 1139 3220 officina
1198 3157 1536 3223 transferet
1593 3180 1658 3220 se
1726 3158 1807 3221 ad
1863 3163 2217 3237 quaestum.
2346 3155 2545 3238 „Quid
2606 3155 2717 3227 aiS‚

467 3243 798 3307 Mutiane‘?
886 3244 1129 3326 Expedi
1177 3268 1303 3309 rem
1352 3265 1477 3308 uno
1525 3244 1775 3308 verbo.“
1870 3243 2143 3307 Faciam.
2246 3244 2409 3323 Aget
2468 3245 2611 3305 acta
2659 3248 2721 3302 et

469 3331 853 3393 enumeratis
896 3332 1064 3394 mille
1097 3332 1304 3412 legum
1341 3332 1657 3412 capitibus
1685 3330 1843 3412 juris
1881 3331 2238 3393 bacularius
2279 3327 2718 3411 appellabitur.

469 3416 765 3479 Feliciter
829 3418 1134 3497 proficiat,
1200 3418 1514 3499 quandod
1574 3418 1739 3499 patri
1799 3422 1879 3479 et'
1922 3418 2054 3479 suis
2109 3416 2229 3478 hac
2283 3417 2346 3478 in
2410 3438 2474 3477 re
2529 3413 2726 3495 grati-

467 3502 711 3573 ficatur,
761 3505 879 3566 etsi
928 3526 1052 3566 rem
1102 3503 1296 3568 faciat
1341 3526 1378 3566 a
1423 3525 1538 3568 suo
1585 3504 1771 3585 genio
1818 3503 2108 3565 alienam.
2211 3502 2351 3565 Non
2412 3501 2578 3562 enirn
2628 3503 2724 3561 est

469 3590 729 3669 ingenii,
801 3590 1170 3671 elegantiae,
1237 3590 1612 3655 eruditionis
1682 3591 1807 3652 ista
1876 3591 2050 3653 scire.
2162 3587 2287 3651 Sed
2352 3589 2441 3650 ita
2522 3606 2723 3647 mores

471 3675 702 3750 ferunt,
757 3681 832 3738 ut
890 3678 1076 3740 etiam
1127 3678 1191 3740 in
1238 3678 1587 3741 meridiana
1635 3677 1772 3739 luce
1821 3698 1961 3739 cum
2010 3676 2306 3756 Euripide
2353 3695 2595 3753 semper
2641 3672 2726 3732 sit

475 3762 894 3824 dubitandum
974 3769 1038 3826 et
1111 3786 1248 3826 cum
1331 3764 1681 3846 Chrysippo
1751 3764 1809 3824 iu
1885 3764 2054 3826 omni
2124 3762 2315 3825 verbo
2384 3759 2725 3823 scrutanda

471 3847 860 3928 ambiguitas
935 3856 1000 3910 et
1080 3873 1216 3913 curn
1296 3854 1526 3932 populo
1596 3848 1949 3911 errandum.
2064 3850 2299 3911 Damus
2371 3842 2723 3925 Hobgarto⁸

473 3935 824 4015 portionem
885 3936 1292 4000 salutiferam.
1389 3937 1629 4000 Neri-’os
1691 3938 2017 4015 restringit
2078 3942 2138 3997 et
2194 3958 2268 3996 ex
2336 3932 2509 3995 labili
2572 3931 2726 3993 facit

469 4021 782 4085 stabilem.
898 4023 1129 4086 Gustet
1198 4024 1490 4104 pocillum
1564 4021 1831 4103 singulis
1900 4023 2253 4085 matutinis
2372 4018 2617 4081 Valebit
2663 4028 2727 4077 et

610 4241 637 4268 a
667 4227 750 4290 So,
786 4228 934 4280 nicht
969 4227 1167 4281 inferat.
1241 4232 1268 4269 b
1296 4228 1628 4295 tyrocinium.
1704 4242 1727 4268 0
1756 4226 2093 4293 CymmeriaS.
2169 4229 2198 4267 d
2226 4240 2389 4291 quum
2429 4222 2575 4276 Tem.

617 4299 630 4327 ¹
667 4296 790 4350 Hor.
829 4297 932 4351 Sat.
973 4297 1012 4353 1.
1050 4300 1098 4361 5,
1142 4298 1219 4351 14.
1363 4300 1382 4328 ²
1417 4298 1541 4349 Hor.
1580 4298 1685 4349 Sat.
1724 4297 1765 4361 Ι,
1803 4297 1850 4361 9,
1889 4296 1955 4349 20
1990 4312 2065 4362 sq.
2225 4297 2244 4324 ³
2280 4294 2385 4346 Das
2414 4291 2585 4358 jurist.
2624 4290 2726 4342 Ba-

471 4364 709 4418 kulariat.
748 4366 797 4418 S.
839 4369 902 4418 75
931 4370 990 4420 A.
1024 4370 1066 4417 ].
1211 4368 1230 4397 ⁴
1265 4367 1363 4419 Ein
1388 4366 1686 4418 Fridericus
1709 4365 2064 4433 Hopfgartenn
2090 4361 2470 4430 (Hophgarten)
2496 4360 2725 4412 immatr.

472 4434 524 4484 in
563 4434 664 4489 Erf.
705 4434 812 4489 Ost.
857 4437 987 4488 1504
1024 4436 1115 4503 (W
1131 4435 1437 4502 eissenb.‚
1475 4436 1542 4502 Π,
1582 4436 1720 4504 235),
1758 4435 1997 4487 Bakular.
2040 4432 2399 4501 (Hopfgarten)
2442 4428 2585 4482 1507.
