3084 4895
1242 419 1453 476 Mutian
1492 436 1563 476 an
1601 418 1800 474 Urban.
2513 419 2640 486 443

374 593 511 658 Tuo
574 591 888 656 arbit-ratu
952 591 1085 655 fiat..
1175 591 1273 654 Ita
1335 591 1566 667 vivam,
1624 593 1696 652 ut
1758 587 2066 654 molestus
2121 587 2242 652 tibi
2289 612 2424 652 esse
2469 589 2638 654 nolo.

376 679 550 758 Vale,
595 679 807 741 fautor
852 681 916 742 et
960 681 1183 741 auctor
1229 676 1565 759 dignitatis
1599 697 1774 740 meae
1809 673 2062 740 Urbane
2094 676 2180 738 mi
2217 675 2638 757 optatissime.

379 767 569 842 Haec,
618 785 758 828 cum
810 785 1011 828 essem
1060 766 1421 838 cenaturu8‚
1472 761 1746 826 exaravi.

688 865 811 919 God.
851 863 984 919 Frcf.
1023 863 1141 920 304.

376 1054 613 1124 (Gotha.)
1434 1036 1579 1102 373.
1823 1051 1938 1120 (zw.
1978 1051 2060 1105 21.
2097 1068 2149 1104 u.
2188 1053 2270 1106 30.
2307 1050 2433 1104 Juni
2473 1051 2645 1121 1514.)

1114 1165 1401 1236 Mutian
1449 1186 1566 1235 an·
1594 1163 1870 1234 Urban.
1884 1167 1899 1198 ¹

380 1293 529 1360 (Auf
566 1293 775 1346 Urbans
821 1293 1285 1361 Entsaknlriiqwnq,
1323 1295 1449 1346 dass
1484 1294 1576 1346 der
1599 1293 1702 1346 ΑΜ
1725 1293 1824 1344 ihn
1845 1309 1939 1344 am
1961 1289 2325 1358 Bviclqerlcaufe
2342 1291 2644 1356 ychindert:

410 1363 594 1416 Urban
627 1363 765 1414 hatte
799 1362 918 1414 dem
952 1362 1211 1415 Heuchler
1232 1363 1380 1416 nieht
1411 1379 1487 1416 zu
1519 1362 1692 1431 folyen
1713 1361 1992 1414 brmwhcn.
2065 1359 2200 1412 Uber
2221 1359 2307 1411 die
2330 1359 2648 1428 Bewerbuny

392 1449 491 1484 um
526 1431 872 1484 Damnabaehs
924 1430 1178 1498 Pfric‘nde.
1258 1431 1517 1484 Gesehenlc
1568 1430 1664 1499 fiir
1715 1429 1968 1495 Hersfeld.
2053 1427 2222 1482 Urteic
2270 1428 2398 1483 iiber
2449 1428 2646 1482 Fabers

388 1501 601 1554 Psalter
621 1517 675 1552 u.
705 1499 1008 1567 sl‘mtfetters
1022 1499 1217 1570 philos,
1241 1499 1584 1553 Lehrbiwlwr.
1647 1497 1834 1551 Trium
1871 1498 1972 1550 hus
2011 1496 2306 1566 Gapniomls
2329 1514 2374 1550 v.
2397 1497 2646 1551 Neobs‘us,

652 1567 808 1634 Bate,
846 1567 945 1622 den
981 1568 1351 1623 Dama-scenas
1384 1585 1439 1622 u.
1489 1567 1674 1622 Valla-3
1708 1567 1778 1620 N.
1855 1571 1943 1620 est.
1979 1583 2055 1620 κα
2087 1565 2365 1632 schir-ken.)

1007 1683 1283 1734 Hernico
1320 1683 1579 1734 Urbano
1619 1681 1728 1750 (M.
1767 1677 2013 1750 Rufus).

588 1792 659 1857 Si
703 1794 895 1871 valeS‚
945 1794 1103 1858 bene
1150 1798 1264 1858 est.
1354 1795 1459 1860 XI.
1510 1793 1770 1858 Calend.
1819 1793 2136 1870 Quintiles
2181 1791 2460 1858 reddidit
2488 1788 2646 1854 mihi

382 1877 604 1941 literas
648 1883 797 1943 tuas
842 1900 997 1961 puer
1043 1881 1329 1962 bigarius
1375 1881 1594 1964 plenas
1639 1879 1985 1945 suavitatis
2031 1883 2096 1942 et
2140 1879 2373 1942 summi
2417 1876 2650 1942 amoris

380 1985 532 2043 erga
596 1987 696 2028 me
760 1967 875 2029 tui.
983 1966 1055 2029 In
1131 1966 1367 2049 quibus
1439 1967 1561 2030 hoc
1634 1966 1858 2044 inerat,
1931 1964 2385 2049 impedimento
2458 1962 2656 2027 fuisse

380 2048 789 2127 Duroniu1n‚²
837 2054 1179 2135 quominus
1240 2053 1467 2116 emeris
1512 2052 1612 2117 vel
1656 2052 1854 2116 libros
1909 2051 2140 2115 studiis
2203 2050 2438 2114 nostris
2501 2071 2650 2115 con-

381 2141 683 2216 gruentes
729 2137 827 2200 vel
876 2143 1062 2222 aptos
1118 2137 1546 2204 bibliothecae
1591 2160 1785 2203 meae.
1878 2137 2040 2202 Novi
2071 2137 2310 2220 optime
2355 2141 2418 2201 et
2463 2157 2650 2219 saepe

382 2223 655 2304 cognovi
702 2227 878 2287 tuam
929 2225 1323 2289 voluntatem
1373 2230 1438 2289 et
1480 2225 1756 2308 gratiam
1804 2228 1867 2288 et
1911 2222 2260 2288 fraternum
2317 2222 2648 2301 auxilium,

383 2308 559 2391 quod
627 2309 785 2374 nisi·
828 2309 984 2375 mihi
1056 2311 1523 2393 proposuissem
1587 2315 1660 2375 ut
1718 2311 1970 2374 firmum
2027 2313 2092 2373 et
2144 2313 2406 2384 certum,
2476 2309 2650 2373 nullo

386 2394 577 2461 modo
622 2400 686 2461 et
729 2396 1026 2479 precibus
1057 2396 1357 2462 adiissem
1389 2402 1566 2463 tuam
1603 2396 2050 2481 paternitatem
2085 2399 2152 2461 et
2181 2401 2311 2461 tam
2347 2395 2653 2461 molestus

386 2480 509 2545 tibi
578 2481 859 2547 fuissem.
952 2483 1053 2548 Sit
1118 2484 1318 2567 igitur
1380 2484 1570 2567 culpa
1635 2484 1901 2549 Duronii
1969 2482 2455 2569 interpellantia,
2523 2504 2651 2547 non

384 2570 529 2646 tua3
592 2568 854 2633 Duronii
915 2570 1197 2652 inquam,
1254 2570 1435 2653 cujus
1494 2573 1682 2634 tauta
1726 2574 1829 2633 est
1873 2592 2000 2634 non
2061 2568 2246 2633 modo
2309 2568 2654 2633 insolentia

389 2657 565 2727 (nam
612 2654 675 2717 id
724 2654 981 2736 quidem
1045 2656 1394 2721 abbatibus
1438 2656 1630 2738 hujus
1674 2656 1812 2719 aevi
1860 2655 2189 2733 familiare,
2254 2655 2406 2737 quia
2467 2655 2654 2737 panis

391 2737 636 2803 Christi
695 2740 969 2805 lascivos
1014 2742 1192 2824 facit)
1240 2743 1349 2806 sed
1397 2744 1673 2806 caecitas
1719 2747 1782 2805 et-
1824 2742 2123 2818 stultitia,
2168 2743 2242 2804 ut
2289 2740 2505 2805 credat
2554 2740 2656 2818 iis,

387 2825 627 2907 quibus
694 2848 881 2891 nemo
946 2829 1164 2907 credit,
1235 2828 1429 2892 moris
1494 2828 1742 2892 scilicet
1785 2832 1849 2892 et
1895 2828 2129 2910 fungis,
2195 2826 2318 2892 hoc
2378 2831 2476 2892 est
2535 2826 2654 2891 im-

386 2912 777 2977 manissimis
841 2914 1079 2977 bestiis
1193 2914 1311 2978 Vix
1370 2914 1528 2978 mihi
1581 2936 1839 2997 possum
1897 2919 2248 2997 temperare
2307 2914 2390 2976 ab
2451 2914 2656 2977 incre-

386 2997 669 3079 patione.
764 2998 973 3063 Unum
1020 3003 1277 3064 tantum
1324 3001 1510 3081 qnasi
1557 3000 1769 3065 ebrius
1815 3001 2060 3083 (potavi
2120 2999 2288 3063 enim
2345 2996 2654 3081 egregie⁸)

391 3082 809 3164 profundam:
889 3086 1048 3149 nihil
1120 3108 1259 3149 esse
1332 3086 1824 3150 sanctimoniam
1900 3085 2358 3161 coenobialem,
2434 3086 2530 3148 vel
2601 3084 2657 3148 si

390 3168 636 3249 aliquid
686 3174 803 3247 est,
851 3170 1008 3234 nihil
1054 3172 1227 3235 aliud
1286 3193 1442 3247 esse,
1500 3194 1690 3254 quam
1752 3172 2298 3255 importunitatem
2349 3174 2412 3233 et
2457 3170 2657 3254 hypo-

390 3254 605 3317 crisim
650 3261 715 3320 et
760 3256 1234 3321 simulat-ionem
1289 3262 1354 3320 et
1413 3257 1646 3321 fucum.
1739 3256 1927 3321 Mitto
1997 3258 2354 3321 vecordiam
2411 3259 2476 3319 et
2535 3258 2655 3319 im-

394 3340 739 3420 puritatem
790 3347 855 3406 et
900 3344 1368 3408 ostentationes
1426 3342 1832 3427 multiplices.
1922 3341 2110 3407 Nunc
2165 3342 2331 3406 enim
2388 3363 2657 3423 pauper-

388 3428 589 3489 tatem
635 3448 787 3510 prae
832 3449 899 3491 se
946 3428 1160 3492 ferunt
1204 3431 1558 3507 monastae,
1609 3450 1776 3493 nunc
1821 3428 2010 3493 aliam
2080 3428 2354 3512 speciem
2421 3426 2656 3509 plausi-

388 3510 601 3575 bilem.
692 3511 812 3576 Est
864 3514 1057 3577 etiam
1129 3514 1195 3578 in
1264 3514 1562 3579 sordibus
1627 3514 1945 3596 rebusque
2007 3513 2277 3597 abjectis
2343 3512 2655 3595 quaedam

388 3598 765 3673 ostentati0‚
813 3620 939 3663 non
990 3597 1195 3664 solum
1241 3601 1307 3663 in
1355 3600 1695 3681 praeclaris
1741 3604 1805 3663 et
1851 3600 2086 3664 arduis.
2179 3599 2355 3676 Quis,
2415 3620 2526 3663 oro
2569 3601 2654 3677 te,

390 3686 601 3745 ratum
650 3682 914 3748 haberet
960 3684 1196 3749 factum
1256 3686 1576 3749 Duronii‘?
1666 3686 1800 3765 Ego
1859 3706 1986 3749 non
2044 3685 2305 3761 nocebo,
2369 3705 2496 3747 non
2552 3706 2657 3748 ac-

391 3768 650 3831 cusab0.
762 3769 1009 3833 Bonum
1086 3771 1289 3834 virum
1366 3793 1556 3835 nosse
1625 3770 1818 3834 debes
1885 3778 1948 3834 et
2012 3771 2156 3835 volo
2225 3772 2432 3835 bonus
2497 3792 2654 3846 esse,

390 3854 602 3917 miror·
643 3857 881 3932 tamen,
945 3877 1073 3937 qua
1129 3858 1375 3921 ratione
1421 3861 1492 3919 tu
1550 3861 1756 3920 ratum
1821 3855 2057 3921 habeas
2104 3857 2167 3919 in
2214 3860 2413 3938 patre,
2484 3856 2656 3937 quod

391 3937 549 4001 mihi
601 3962 718 4002 nec
762 3945 975 4004 ratum
1025 3964 1141 4005 nec
1184 3948 1437 4023 gratum
1486 3948 1602 4005 est.
1696 3942 1818 4006 Sed
1867 3942 2041 4021 haec,
2075 3944 2129 4006 si
2162 3943 2282 4006 tibi
2317 3941 2655 4020 videbitur,

390 4044 504 4105 pro
540 4044 668 4088 non
706 4026 894 4089 dictis
920 4026 1294 4091 habeantur.
1372 4027 1556 4105 Quod
1587 4033 1803 4091 autem
1836 4027 2163 4091 Nithardi⁴
2201 4028 2656 4109 promissorum

393 4110 1072 4191 mentionemfacias,
1139 4113 1321 4176 valde
1386 4112 1545 4176 mihi
1613 4118 1865 4195 gratum
1945 4116 2075 4193 est3
2147 4118 2342 4194 atque
2406 4114 2654 4176 utinam

536 4316 553 4347 ¹
589 4316 797 4384 Anfang
831 4317 939 4368 und
986 4315 1205 4371 Schluss
1242 4317 1335 4369 des
1370 4316 1456 4369 ΒΥ.
1495 4317 1636 4370 auch
1671 4317 1724 4370 in
1762 4318 2076 4385 Bbcking,
2129 4318 2258 4385 Opp.
2305 4316 2454 4369 Hutt.
2492 4315 2535 4378 Ι,
2572 4316 2653 4371 31.

463 4384 483 4415 ²
518 4383 627 4437 Der
658 4384 780 4439 Abt.
852 4384 970 4454 Vgl.
1008 4384 1059 4438 S.
1096 4385 1199 4439 438
1235 4387 1300 4439 A.
1336 4386 1382 4440 7.
1528 4387 1552 4418 ³
1585 4386 1838 4440 Dasselbe
1875 4385 2189 4440 Gestandnis
2223 4386 2281 4439 in
2315 4384 2405 4439 Br.
2442 4383 2560 4448 348,

464 4452 486 4484 ⁴
518 4452 755 4506 Erfurter
786 4452 1106 4522 Prapositus.
1178 4453 1229 4508 S.
1269 4454 1371 4509 268
1402 4455 1467 4507 A.
1504 4455 1553 4509 3.
