3084 4895
525 343 647 416 110
1281 341 1456 402 Briefe
1492 363 1595 402 von
1633 341 1991 404 1508-1509.

522 525 680 590 feret.
723 524 946 600 amicO,
994 525 1114 588 etsi
1161 523 1360 588 serius
1405 524 1703 606 opinione
1747 545 1904 603 mea,
1950 524 2141 588 citius
2173 527 2385 590 tamen
2418 526 2547 605 fiet,
2580 547 2769 607 quam

524 632 840 675 sacrorum
907 611 1065 674 ratio
1126 631 1312 692 passa
1368 616 1482 673 est.
1584 611 1738 674 Nam
1800 611 1855 674 is
1912 610 2085 673 abire
2148 611 2370 677 debuit
2416 614 2494 676 ad
2538 613 2771 676 festum

523 699 686 762 diem
733 695 1056 760 Michaelis
1103 700 1403 760 evocatus
1448 697 1617 760 binis
1662 698 1861 760 literis
1908 697 2209 761 Birmosti
2256 699 2425 762 mei.¹
2520 699 2642 762 Sed
2692 722 2773 762 ne

525 785 839 861 videretur
870 781 1186 846 hominem
1219 783 1657 865 praeposuisse
1680 783 1844 860 Jovi,
1878 783 2113 846 obtulit
2146 785 2261 848 cleo
2295 790 2766 848 sacrosanctam

526 870 818 934 hostiam.
908 868 1126 951 Neque
1158 891 1284 932 uno
1316 873 1657 932 contentus
1688 890 1855 950 agno
1889 870 2153 950 triginta
2187 872 2509 935 continuis
2543 871 2771 934 diebus

525 955 846 1020 immolare
911 955 1204 1032 decrevit,
1275 960 1343 1018 ut
1410 954 1660 1036 plenius
1727 954 1936 1018 officio
2006 957 2235 1020 mentis
2295 963 2359 1020 et
2415 957 2769 1020 ministerio

521 1043 800 1124 corporis
847 1045 1163 1122 parentem
1214 1043 1461 1122 generis
1505 1041 1767 1105 humani
1814 1041 2047 1104 coleret
2093 1047 2157 1104 et.
2211 1044 2765 1126 contemplaretur.

521 1129 750 1210 Negari
809 1149 934 1190 non
997 1130 1224 1208 potest,
1281 1128 1433 1207 quin
1492 1127 1680 1190 homo
1738 1126 1883 1210 pius
1943 1132 2007 1190 et
2050 1129 2352 1211 simplicis
2398 1153 2471 1192 ac
2516 1131 2772 1212 quietae

523 1215 694 1278 vitae
740 1214 1054 1295 sapienter
1099 1213 1448 1276 instituerit
1495 1214 1900 1276 constitutori
1950 1236 2153 1277 rerum
2202 1217 2481 1279 omnium
2531 1217 2773 1297 gratias

522 1323 724 1382 agere,
781 1305 844 1362 et
897 1321 1081 1380 quem
1139 1298 1339 1362 oculis
1393 1321 1575 1362 nemo
1660 1300 1848 1376 videt,
1914 1300 2126 1363 animo
2181 1302 2384 1365 metiri
2431 1307 2773 1383 menteque

525 1409 794 1463 cernere,
842 1387 966 1448 imo
1014 1389 1287 1448 tractare
1319 1385 1614 1448 manibus
1648 1390 1711 1448 et
1742 1386 1806 1448 in
1842 1385 2080 1449 viscera
2113 1388 2464 1450 recondere.
2541 1387 2770 1450 Verum

519 1475 646 1538 ista
706 1473 1010 1536 securitas
1065 1477 1128 1534 et
1191 1471 1372 1553 quasi
1431 1471 1674 1534 desidia
1720 1473 1854 1534 visa
1900 1478 1996 1535 est
2043 1473 2196 1536 mihi
2242 1473 2603 1554 expeditum
2656 1475 2773 1536 im-

524 1559 734 1641 pedire
787 1562 850 1620 et
911 1581 947 1620 a
1009 1557 1175 1620 bona
1235 1557 1490 1620 fortuna
1552 1559 1884 1620 retrahere.
1986 1558 2158 1621 Jussi
2220 1561 2414 1640 igitur
2475 1565 2537 1623 et
2595 1561 2767 1624 oravi

522 1645 1007 1726 obtestatusque
1053 1666 1188 1706 sum
1237 1665 1348 1724 pro
1393 1649 1603 1706 vetere
1649 1649 1865 1708 nostra
1897 1645 2345 1726 conjunctione
2390 1669 2465 1708 ac
2496 1647 2769 1710 necessi-

521 1733 760 1806 tudine,
811 1735 880 1793 ut
911 1737 1040 1793 tam
1084 1730 1371 1792 idoneam
1405 1731 1799 1793 occasionem
1859 1752 1983 1793 non
2030 1736 2349 1812 pateretur
2382 1732 2543 1795 elabi
2576 1753 2771 1813 seque

519 1819 818 1881 alienaea
885 1816 1111 1879 ditioni
1171 1815 1540 1896 subjugaret
1599 1815 1677 1878 ad
1740 1819 2162 1898 comparanda
2223 1819 2389 1880 vitae
2461 1819 2765 1882 subsidia.

519 1905 752 1967 Addidi
797 1925 919 1965 non
957 1902 1278 1965 defuturas
1310 1902 1594 1982 gloriam,
1632 1909 2029 1983 potestatem,
2065 1904 2424 1966 memoriam
2472 1905 2765 1968 nominis,

522 1991 682 2066 Quid
729 2011 876 2070 ergo
923 1987 1258 2070 superest?
1345 1987 1517 2050 Petit
1572 1985 1888 2069 Dorgam²
1959 2011 2053 2051 me
2123 1991 2479 2072 impulsore,
2547 1991 2765 2053 relicta

519 2077 930 2159 perversitate
977 2086 1040 2137 et
1085 2073 1424 2137 insolentia
1471 2073 1685 2136 calvae
1736 2097 1978 2150 manus,
2046 2098 2303 2157 sperans
2361 2075 2491 2139 fore
2539 2082 2611 2139 ut
2652 2099 2763 2158 pro

520 2185 728 2244 opera,
774 2162 1005 2230 studio,
1051 2161 1264 2224 labore
1296 2161 1563 2240 gratiam
1598 2161 1625 2199 b
1658 2165 1721 2223 et
1752 2163 2191 2224 auctoritatem
2235 2164 2400 2244 apud
2454 2163 2763 2244 principes

519 2251 686 2313 v-iros
731 2244 1069 2330 acquirat.³
1179 2246 1247 2308 Id
1312 2248 1516 2327 ipsum
1579 2248 1817 2329 poteris
1875 2246 1995 2310 tibi
2051 2249 2349 2330 polliceri,
2414 2250 2467 2310 si
2512 2249 2763 2312 divinus

655 2470 682 2497 a
711 2453 880 2507 alieni.
986 2456 1014 2493 b
1041 2452 1283 2517 graciam.

662 2528 678 2556 ¹
715 2522 996 2589 Kursachs.
1043 2520 1157 2573 Rat.
1231 2520 1282 2573 S.
1320 2519 1387 2573 68
1423 2522 1482 2573 A.
1525 2522 1568 2573 1.
1730 2522 1750 2553 ²
1784 2520 2000 2587 Torgau,
2047 2520 2131 2572 die
2179 2521 2436 2573 Residenz
2484 2522 2576 2574 des
2624 2521 2761 2573 Kur-

521 2595 735 2646 fiirsten.
879 2592 898 2623 ³
931 2590 1077 2642 Uber
1121 2590 1264 2641 seine
1309 2589 1711 2658 Vorstellungen
1760 2590 1843 2641 bei
1880 2590 2129 2656 Spalatin,
2168 2591 2288 2642 dem
2322 2590 2455 2643 Rufe
2493 2607 2559 2642 zu
2593 2590 2759 2658 folgen

521 2662 624 2731 vgl.
662 2664 760 2714 den
797 2660 942 2712 Brief
974 2658 1043 2710 M.
1083 2674 1147 2711 an
1185 2658 1436 2711 Herbord.
1476 2657 1674 2712 Camer.
1713 2658 1895 2712 Libell.
1922 2674 2040 2711 nov.
2067 2658 2213 2711 Gssa
2250 2659 2533 2727 (N1·.576):
2570 2659 2760 2712 »Casti-

521 2732 643 2799 gavi
678 2730 864 2783 falsam
900 2727 1042 2779 illius
1077 2727 1371 2794 opinionem
1407 2728 1472 2779 de
1507 2743 1585 2794 eo,
1624 2728 1760 2795 quod
1798 2727 1973 2780 aulam
2009 2728 2183 2791 exili0,
2220 2732 2489 2797 tamquam
2516 2732 2607 2781 aut
2628 2728 2759 2780 rele-

521 2804 672 2869 gatus
723 2802 815 2851 aut
864 2798 1165 2863 deportatus
1201 2801 1354 2863 esset,
1391 2799 1589 2848 temere
1626 2798 2031 2864 comparaverat.
2105 2796 2315 2851 Salsum
2351 2802 2431 2851 est
2466 2814 2674 2850 carmen
2710 2800 2763 2847 et

522 2869 734 2937 plenum
770 2865 1107 2920 urbanitatis:

863 2934 1006 2987 Valle
1043 2933 1191 3001 cupis
1225 2934 1377 2985 vasta
1410 2950 1631 3003 semper,
1668 2932 1947 3001 Spalatine,
1977 2934 2167 3002 jacere,

961 3002 1081 3055 aula
1115 3002 1212 3055 tibi
1245 3001 1409 3055 foedis
1446 3004 1621 3055 durior
1656 3006 1737 3055 est
1772 3004 1973 3071 GyariS,

857 3073 996 3140 quod
1031 3072 1276 3125 miseram
1311 3070 1503 3139 Torgae
1538 3072 1767 3139 praefers
1800 3072 1855 3124 in
1891 3073 2084 3127 honore
2120 3072 2416 3140 Seriphum,

958 3141 1102 3193 exilii
1139 3140 1330 3193 sterilis
1365 3141 1537 3209 pergis
1573 3141 1715 3194 obire
1744 3144 1885 3210 juga.

859 3209 900 3261 O
938 3210 1190 3278 Corydon,
1229 3209 1482 3277 Corydon,
1516 3211 1692 3263 foveat
1724 3213 1777 3263 te
1812 3226 1994 3264 mensa
2028 3210 2245 3275 ducalis,

959 3279 1164 3333 Momus
1199 3278 1252 3331 in
1288 3279 1545 3332 obscoena
1578 3279 1717 3332 valle
1755 3283 1983 3333 moretur
2016 3280 2170 3332 iners.

519 3352 682 3405 Credo
730 3348 1002 3417 resipiscet
1043 3348 1270 3415 perlecto
1319 3352 1429 3401 tam
1476 3348 1647 3415 lepido
1698 3350 2111 3417 epigrammata«
2182 3348 2277 3401 Die
2312 3346 2577 3415 Berufung
2613 3362 2758 3397 muss

519 3425 627 3475 erst
661 3422 732 3473 im
771 3418 1076 3487 September
1111 3417 1294 3485 erfolgt
1328 3418 1456 3483 sein,
1495 3418 1630 3469 denn
1668 3434 1753 3470 am
1790 3420 1869 3473 26.
1909 3422 1992 3471 Au
2031 3421 2117 3471 ust
2139 3417 2362 3469 bewirbt
2386 3416 2501 3468 sich
2524 3415 2757 3482 Spalatin

517 3492 655 3544 noch
721 3489 803 3541 bei
855 3487 1182 3551 Pirkheimer
1233 3502 1325 3539 um
1379 3486 1473 3539 das
1528 3486 1777 3539 Rektorat
1829 3488 1921 3540 der
2024 3487 2307 3554 iirnberger
2361 3484 2755 3537 Poetenschule.

519 3560 752 3627 Spalatin
789 3575 855 3611 an
889 3556 1218 3609 Pirkheimer
1255 3555 1307 3608 in
1342 3554 1544 3607 Heum
1564 3556 1711 3608 anni
1746 3558 1963 3609 Docum.
2002 3555 2133 3608 liter.
2172 3557 2275 3607 Alt.
2316 3555 2450 3607 1768
2485 3570 2533 3621 p.
2561 3553 2661 3605 233
2680 3569 2755 3619 sq.

518 3631 600 3682 Da
644 3628 877 3696 Spalatin
931 3626 1091 3679 schon
1141 3624 1414 3677 Michaelis
1463 3625 1633 3677 durch
1679 3624 1940 3679 Biermost
1982 3640 2047 3677 an
2098 3626 2198 3676 den
2244 3624 2351 3676 Hof
2392 3624 2604 3675 berufen
2650 3638 2760 3673 war

520 3694 981 3765 (wahrscheinlich
1016 3712 1110 3747 zur
1144 3698 1315 3746 ersten
1349 3693 1712 3761 pers'onlichen
1752 3696 1787 3744 V
1796 3693 2115 3761 orstellung),
2152 3709 2208 3745 so
2244 3692 2449 3745 schoint
2487 3708 2543 3743 er
2570 3692 2758 3743 boreits

518 3768 664 3820 Ende
703 3765 836 3819 1508
873 3764 1186 3831 eingetreten
1225 3780 1291 3815 zu
1327 3762 1453 3815 sein.
1525 3763 1675 3815 Dazu
1709 3764 1916 3816 stimmt
1949 3763 2084 3815 auch
2134 3763 2275 3814 seine
2328 3762 2507 3828 eigene
2543 3760 2757 3827 Angabe

519 3838 573 3888 in
611 3836 782 3888 einem
819 3834 992 3887 Briefe
1029 3849 1093 3885 an
1129 3831 1296 3884 Aldus
1331 3831 1601 3883 Manutius
1636 3847 1758 3883 vom
1794 3832 1873 3885 25.
1914 3831 2052 3883 Marz
2080 3830 2211 3883 1512
2248 3831 2519 3898 (Weimar.
2558 3828 2757 3881 Staa-ts-

520 3904 752 3974 archiv):
790 3920 846 3956 er
881 3903 1030 3954 dieue
1066 3901 1326 3953 nunmehr
1359 3901 1639 3953 triennium
1672 3901 1781 3967 jam
1812 3901 2037 3968 amplius
2076 3901 2193 3951 dem
2220 3900 2546 3972 Kurfi'ilsten.
2604 3898 2757 3950 Auch

519 3976 572 4026 in
600 3974 770 4026 eincm
790 3973 960 4025 Briefe
997 3970 1226 4022 Mutians
1262 3986 1326 4021 an
1364 3970 1549 4022 Crotus
1585 3986 1705 4022 vom
1747 3972 1824 4021 17.
1861 3970 2057 4021 Januar
2095 3969 2285 4037 (1509,
2336 3972 2533 4021 Camer.
2572 3966 2755 4021 Libell.

521 4061 636 4097 nov.
677 4043 724 4094 K
764 4045 788 4093 1
813 4043 844 4093 b
883 4041 993 4106 (ΝΥ.
1032 4039 1170 4106 580),
1225 4039 1356 4090 wird
1409 4038 1671 4105 Spalatins
1708 4039 1924 4106 Abgang
1976 4054 2040 4091 an
2077 4039 2177 4090 den
2266 4037 2318 4089 of
2349 4040 2753 4103 vorausgesetzt.

514 4114 613 4165 Die
653 4112 1093 4164 Abschiedsvorse
1129 4108 1358 4161 Mutians
1395 4109 1445 4159 in
1483 4108 1665 4159 Libell.
1703 4123 1820 4159 nov.
1860 4108 1903 4158 G·
1940 4107 1971 4158 2
1994 4108 2021 4160 b
2060 4108 2172 4175 (Nr.
2211 4108 2360 4173 577);

853 4182 955 4231 »lto
995 4178 1138 4231 bonis
1175 4178 1360 4229 avibus
1397 4178 1579 4229 dextro
1616 4178 1745 4244 pede
1781 4177 1950 4229 sidere
1988 4177 2173 4236 faustO,

956 4247 1082 4299 felix
1119 4250 1351 4313 optatum
1389 4262 1541 4313 carpe
1578 4248 1746 4299 viator
1780 4246 1891 4300 iter.

857 4317 994 4369 Aula
1028 4320 1185 4383 patet,
1223 4314 1502 4382 Spalatine,
1539 4316 1649 4380 tibi,
1686 4314 1980 4367 tribuentur
2014 4314 2247 4367 honorrs

956 4386 996 4453 1,
1032 4390 1084 4436 te
1120 4387 1458 4451 praetereant,
1497 4400 1631 4451 quae
1668 4384 1904 4437 nocitura
1938 4386 2131 4450 putas«
