3084 4895
1233 413 1443 471 Mutian
1479 435 1549 471 an
1586 413 1785 475 Urban.
2502 415 2631 484 445

363 588 694 654 ostentet?
737 609 818 652 an
867 589 1158 653 vafritias
1203 611 1284 653 an
1333 589 1667 672 argutias?
1757 589 2015 665 Quaerit
2075 588 2343 664 lucrum,
2390 589 2639 670 quaerit

359 672 650 754 gloriam.
743 674 884 738 Non
951 675 1148 738 decet.
1239 675 1606 740 postuletur
1676 680 1813 738 tum
1880 675 2185 738 avaritiae
2252 679 2393 737 tum
2458 697 2632 738 arro-

362 760 643 839 gantiae.
747 760 1053 841 Legimus
1118 761 1516 826 Aristotelem
1576 765 1641 824 et
1697 760 2053 836 Platonem,
2101 765 2165 823 et
2208 759 2329 822 hoc
2376 759 2635 824 sufficit.

368 844 462 906 Ad
513 843 839 909 Christum
909 847 1201 909 conversi
1260 845 1581 910 Christum
1647 847 2087 926 imaginemur.
2178 844 2639 928 Relinquamus

363 929 787 998 entelechiam
844 932 1226 1012 Arist-oteliS,
1258 932 1433 995 ideas
1463 932 1770 995 Platonis,
1862 931 2031 994 Deus
2062 953 2141 994 ex
2176 930 2374 994 nihilo
2409 934 2639 995 cuncta

363 1016 652 1086 creavitz
718 1016 888 1079 dixit
946 1021 1011 1079 et
1056 1016 1226 1080 facta
1283 1024 1450 1081 sunt.
1542 1015 1615 1080 Si
1669 1038 1817 1098 ergo
1880 1016 2323 1097 compendium
2398 1016 2641 1098 logicae

363 1101 520 1182 edit,
589 1101 773 1165 affert
843 1101 1116 1183 lapidem
1182 1103 1262 1166 ad
1325 1103 1595 1178 celtem‚¹
1666 1102 1837 1184 quod
1896 1108 1997 1164 est
2055 1101 2412 1165 ridiculum.
2525 1101 2637 1167 Sin

365 1190 585 1257 autem
634 1185 938 1267 physicae
983 1191 1329 1252 tractatum
1379 1186 1668 1264 emittit,²
1716 1192 1899 1270 parat
1944 1208 2075 1250 rem
2124 1188 2453 1264 insulsam,
2489 1189 2642 1269 quia

366 1272 688 1340 credimus
761 1272 880 1336 deo
948 1275 1136 1354 patri,
1203 1274 1306 1337 cui
1379 1272 1695 1337 modestia
1769 1277 1833 1336 et
1906 1273 2173 1336 caritate
2250 1273 2637 1354 copulamur.

365 1356 450 1422 Et
505 1357 743 1425 scimus
814 1361 1108 1422 naturam
1181 1358 1338 1422 nihil
1401 1381 1538 1422 esse
1601 1359 1745 1436 nisi,
1806 1362 1879 1421 ut
1922 1359 2135 1438 inquit
2204 1357 2637 1440 Empedocles,

369 1443 752 1510 mixtionem
787 1444 1269 1508 elementorum.
1359 1445 1596 1508 Eodem
1632 1449 1851 1507 tenore
1882 1443 2299 1525 Anaxagoras
2345 1448 2638 1508 naturam

367 1527 534 1592 dixit
597 1531 1072 1594 concretionem
1137 1530 1711 1610 discretionemque
1772 1550 1931 1606 esse,
1996 1528 2118 1592 hoc
2178 1535 2276 1593 est
2320 1534 2530 1593 ortum
2578 1534 2644 1592 et

366 1634 687 1693 occasum,
735 1621 808 1677 ut
855 1620 1024 1679 recte
1060 1615 1298 1680 dixisse
1346 1616 1637 1679 videatur
1684 1619 1873 1695 poeta
1918 1614 2187 1677 nobilis:
2252 1615 2642 1696 „Nascentes

365 1699 675 1765 morimur
719 1699 994 1782 finisque
1041 1701 1125 1764 ab
1171 1701 1416 1782 origine
1462 1697 1791 1783 pendet.“⁸
1884 1700 2102 1768 Valeat
2148 1698 2643 1783 ergo'compen-

369 1785 546 1850 dium
593 1785 690 1848 vel
741 1787 956 1867 potius
1016 1786 1418 1868 dispendium
1479 1785 1873 1866 Trutfetteri,
1936 1785 2031 1848 vel
2080 1785 2133 1849 si
2180 1786 2439 1850 omnino
2505 1808 2642 1849 car-

366 1871 540 1935 mine
615 1871 1035 1948 delectantur,
1128 1871 1296 1934 dabo
1372 1870 1790 1952 Triumphum
1867 1871 2215 1952 Capnionis
2289 1870 2371 1935 ab
2448 1871 2639 1934 Accio

367 1955 613 2020 ‘Neobio
703 1957 1162 2020 concinnatum
1240 1958 1306 2020 in
1383 1956 1797 2020 Colonienses
1884 1955 2357 2037 theologistaS‚‘
2448 1979 2637 2040 quem

367 2040 697 2126 sophistae
765 2047 1099 2124 apponant
1165 2043 1340 2124 operi
1408 2063 1524 2105 suo
1594 2047 1725 2105 tam
1798 2040 2132 2123 pulchello.
2224 2041 2453 2105 Verum
2524 2043 2643 2106 hac

367 2127 506 2206 lege
553 2127 652 2202 do,
703 2132 776 2191 ut
820 2129 885 2190 in
937 2148 1130 2190 manu
1191 2128 1510 2208 mancipio
1566 2127 1651 2190 sit
1708 2134 1838 2191 tuo.
1931 2126 2090 2191 Nam
2153 2129 2209 2190 si
2267 2127 2639 2192 theobardis

369 2211 723 2290 exhibereS,
795 2212 1010 2276 damni
1080 2214 1349 2276 multum
1424 2212 1682 2289 face-rea,
1746 2218 1810 2276 et
1854 2216 1925 2274 tu
1973 2235 2039 2276 es
2085 2213 2364 2296 optimus
2435 2214 2639 2290 testiS,

369 2319 562 2378 quam
609 2299 848 2380 iniquis
894 2297 1158 2362 auribus
1204 2300 1581 2381 acciperent.
1676 2298 1845 2362 Haec
1908 2299 2133 2381 scripsi
2187 2297 2347 2361 bene
2408 2299 2639 2363 ebrius.

374 2381 484 2446 Sic
551 2383 724 2447 soleo
789 2405 1010 2449 curare
1079 2383 1527 2449 valetudinem.
1618 2383 1754 2463 Dic,
1825 2387 2138 2466 quantum
2208 2384 2456 2449 dederis
2528 2406 2640 2467 pro

369 2468 702 2534 Psalterio.
814 2470 974 2534 Item
1049 2470 1234 2534 mitte
1303 2468 1825 2535 Damascenum.⁸
1932 2470 2113 2534 Dabo
2184 2492 2295 2552 pro
2366 2477 2641 2553 utroque

369 2556 664 2639 pretium.
757 2556 914 2618 Item
961 2554 1176 2619 Vallae
1222 2556 1472 2620 Novum
1519 2553 2054 2619 Testamentum.⁶
2143 2556 2234 2619 De
2279 2557 2445 2621 vitta
2504 2578 2643 2639 pre-

369 2641 724 2704 tiosissima
767 2644 948 2705 tuum
996 2641 1355 2706 limatulum
1403 2647 1469 2706 et
1512 2642 1783 2725 politum
1823 2640 2153 2723 judicium,
2182 2641 2415 2705 habere
2474 2644 2638 2707 vo10.

373 2720 514 2789 Nisi
571 2728 657 2790 sit
715 2726 834 2790 IIII
879 2732 993 2791 aut
1048 2730 1332 2810 quinque
1385 2749 1741 2806 aureorum,
1800 2748 1926 2790 non
1998 2727 2290 2809 placebit.
2386 2729 2533 2792 Vale
2581 2734 2645 2792 et

375 2811 533 2875 haec
579 2811 736 2875 boni
784 2812 1064 2877 consule.

683 2911 808 2965 cod.
844 2912 979 2966 Frcf.
1018 2910 1136 2964 303.

375 3098 608 3167 (ootha.)
1382 3144 1386 3149 .
1439 3083 1583 3151 374.
1816 3098 1933 3168 (zw.
1973 3100 2055 3154 21.
2092 3118 2143 3158 u.
2183 3102 2265 3157 30.
2303 3066 2431 3155 simi
2470 3102 2643 3171 1514.)

1111 3210 1405 3305 Mutian
1450 3230 1549 3281 an
1592 3209 1908 3281 Urban.²

377 3335 560 3403 (Dank
611 3337 708 3402 fiir
758 3335 956 3391 Fabers
1008 3338 1232 3391 Psalter.
1301 3337 1458 3401 Reae,
1506 3338 1597 3391 ein
1641 3338 1854 3392 semines
1894 3339 2157 3393 Geso-hanla·
2188 3339 2285 3406 fiir
2316 3340 2418 3391 den
2438 3340 2643 3407 jumen

1179 3406 1421 3474 Hersfeld
1453 3424 1527 3459 zu
1563 3408 1841 3476 bes-omen.)
2076 3422 2079 3425 ·

511 3521 744 3581 Magno
781 3522 979 3573 amico
1016 3523 1080 3572 et
1115 3522 1352 3572 homini
1385 3522 1755 3583 perliterato
1794 3524 1858 3571 et
1892 3522 2030 3572 viro
2066 3522 2518 3582 circumspecto

707 3611 896 3667 atque
931 3606 1072 3658 ideo
1108 3607 1468 3658 venerando
1504 3608 1588 3657 Η.
1624 3607 1880 3658 ‘Urbano
1918 3604 2028 3673 (M.
2062 3604 2309 3673 Rufus).

587 3715 795 3783 Salus
886 3718 1108 3802 Neque
1177 3743 1429 3804 operam
1504 3741 1709 3801 neque
1778 3718 1987 3782 oleum
2057 3717 2411 3800 perdidisti,
2473 3717 2643 3802 quod

520 3891 535 3921 ¹
573 3884 652 3941 Zu
685 3888 860 3941 ciuem
897 3885 1080 3941 Pickel
1117 3887 1567 3957 (Steinhammer),
1606 3887 1855 3941 wahrend
1889 3902 1947 3941 es
1982 3886 2297 3955 umgekehrt
2332 3888 2445 3940 seIn
2476 3903 2641 3940 muss.

447 3959 468 3991 ²
503 3957 727 4011 Summa
771 3957 826 4007 in
871 3958 1035 4009 totam
1086 3957 1359 4035 physicen.
1431 3957 1536 4009 Erf.
1579 3958 1731 4009 1514.
1802 3956 1903 4009 Mit
1946 3956 2121 4008 ciuem
2169 3956 2641 4025 Empfehlungsge-

375 4025 557 4081 dichte
611 4024 835 4080 EobanS.
987 4026 1010 4057 ⁸
1042 4024 1220 4079 Manil.
1276 4026 1414 4079 Astr.
1469 4024 1565 4094 IV,
1622 4024 1701 4078 16.
1854 4026 1883 4063 ⁴-
1910 4014 2056 4077 ‘Uber
2110 4024 2253 4077 diese
2306 4024 2645 4093 Spottschrift

409 4112 542 4164 egen
590 4096 675 4147 die
723 4094 920 4147 K'olner
962 4109 1004 4147 a.
1052 4092 1344 4159 StraUSS,
1396 4093 1507 4147 mr.
1546 4110 1597 4147 v.
1635 4093 1783 4147 Hutt.
1820 4093 1862 4160 I,
1901 4092 1999 4146 217
2037 4094 2093 4145 ff.
2165 4092 2417 4167 M.Ahielt
2459 4094 2639 4145 Herm.

421 4164 558 4218 uach
609 4164 694 4216 fiir
746 4164 847 4215 den
899 4162 1186 4217 Verfasser.
1259 4162 1344 4215 Br.
1400 4162 1516 4217 392.
1590 4162 1677 4215 Sie
1738 4161 1979 4215 erschien
2030 4160 2089 4215 Ε.
2150 4162 2283 4216 1518
2340 4164 2465 4216 oder
2521 4162 2639 4216 Anf.

380 4232 514 4286 1519
567 4235 722 4285 unter
777 4232 898 4284 dem
953 4230 1159 4284 Namen
1213 4232 1358 4283 eines
1407 4230 1746 4284 Eleutherius
1798 4230 2046 4297 Byzenus
2097 4232 2209 4283 und
2260 4232 2370 4299 galt
2416 4231 2509 4283 fiir
2554 4230 2641 4282 ein

375 4302 541 4355 Werk
577 4300 820 4354 HuttcnS.
891 4299 1046 4352 Noch
1093 4300 1329 4352 erwahnt
1376 4298 1462 4355 ΒΓ.
1511 4297 1629 4353 379.
1665 4298 1780 4353 392.
1816 4299 1935 4354 407.
2077 4301 2097 4331 ⁶
2135 4299 2342 4353 FaberS.
2398 4300 2483 4353 ΒΥ.
2522 4298 2639 4351 362.

445 4372 468 4403 ⁶
503 4369 582 4422 De
622 4368 900 4423 collatione
936 4368 1077 4421 Novi
1113 4368 1248 4422 Test.
1288 4369 1437 4421 1444.
1509 4368 1631 4421 Neu
1651 4368 1959 4435 herausgeg.
1982 4384 2033 4420 v.
2053 4367 2305 4421 Erasmus
2332 4368 2448 4421 Par.
2490 4368 2638 4421 1505.

448 4440 466 4471 '⁴'
505 4442 585 4491 An
625 4437 928 4490 demsclben
976 4436 1112 4505 Tage
1156 4438 1256 4489 wie
1303 4437 1397 4489 der
1438 4453 1549 4490 vor.
1598 4436 1683 4490 Br.
1730 4436 2091 4505 etenmlenta«
2127 4453 2205 4503 ep.
2246 4454 2331 4489 am
2368 4436 2639 4507 Schlusse)
