3084 4895
416 426 542 499 586
1252 433 1426 488 eriere
1461 433 1554 488 des
1592 434 1643 489 J.
1685 434 1833 489 1515.

421 605 554 669 sive
585 602 886 686 praesidi¹
937 604 1496 669 commendandus.
1590 603 2058 686 Engelmanno²
2090 605 2269 669 alias,
2362 606 2499 671 Tua
2530 612 2703 673 fi'de-

420 691 570 755 litas
635 690 996 753 sciscitetur
1058 692 1234 754 omni
1296 691 1506 771 modo,
1568 693 1723 774 quid
1766 692 2058 773 magistri
2106 714 2183 755 ex
2230 694 2539 758 nundinis
2584 701 2700 759 at-

419 776 701 841 tulerint.
791 774 940 840 Nox
980 775 1243 857 ingruit.

727 876 849 930 God.
887 874 1020 930 Ros.
1059 877 1175 932 517.

420 1062 653 1134 (eotha.)
1475 1051 1621 1115 523.
2104 1068 2173 1137 (n.
2216 1068 2295 1121 18.
2333 1067 2499 1137 Sept.)
2540 1070 2681 1123 1515

1174 1176 1467 1246 Mutian
1514 1198 1612 1248 an
1658 1177 1937 1248 Urban.

420 1303 844 1369 (Glic‘ckwunsclt,
872 1303 998 1382 dass
1035 1302 1216 1356 Urbem
1259 1304 1585 1359 Oekonomus
1609 1305 1776 1359 bloiet.
1860 1304 2029 1359 Urteil
2061 1306 2191 1358 iiber
2225 1306 2457 1373 chllof
2480 1307 2703 1361 Paulus

419 1388 522 1425 aus
569 1370 772 1424 Anlass
811 1371 986 1425 θείνων
1031 1371 1216 1425 Kritaezlc
1255 1390 1418 1441 yeyen
1461 1374 1707 1427 thlius’
1746 1374 2025 1441 Betonunq
2058 1375 2146 1427 cles
2194 1374 2395 1427 Wortes
2444 1375 2700 1429 Michael.

417 1439 797 1507 Befriediquny
829 1440 958 1493 uber
989 1440 1076 1493 die
1109 1440 1467 1509 Ausweieunq
1502 1442 1591 1495 des
1628 1443 1935 1497 schemam
1966 1442 2207 1509 falschen
2259 1444 2566 1511 ΡνορΙιείεη,
2603 1444 2705 1496 der

416 1525 528 1563 nur
573 1509 712 1562 ham
759 1508 1043 1563 verbo-aunt
1089 1510 1291 1563 werden
1337 1528 1570 1565 mussen
1641 1511 1869 1578 Ausfall
1908 1528 2069 1579 qeyen
2104 1512 2205 1565 den
2240 1513 2359 1565 ΑΜ
2431 1512 2703 1581 Austrc‘iqe

1103 1577 1199 1644 fur
1246 1578 1456 1633 Urbana
1491 1578 1889 1649 LeipxiyerRe
1890 1581 1968 1632 ise
1970 1582 2003 1646 )

638 1691 896 1743 Urbano
935 1704 1268 1744 oeconomo
1303 1694 1372 1743 in
1407 1694 1660 1743 saecu-la
1696 1694 2087 1745 saecu-lorum
2125 1695 2214 1745 M.
2250 1692 2477 1744 Rufus.

629 1802 690 1867 S.
787 1802 1047 1867 Gaudeo
1119 1810 1181 1867 et
1249 1804 1557 1885 gratulor,
1623 1806 1793 1885 quod
1862 1806 2059 1870 saluti
2124 1810 2188 1869 et
2255 1805 2699 1874 incolumitati

419 1892 569 1953 tuae
637 1911 754 1951 sua
810 1889 1092 1970 dignitas
1158 1890 1242 1954 sit
1303 1898 1703 1965 conservata,
1764 1911 1888 1953 non
1951 1892 2168 1955 ablata
2223 1914 2332 1974 per
2376 1891 2693 1954 invidiam

419 1975 944 2039 obtrectatorum.
1036 1970 1364 2039 Timueras
1398 1978 1565 2039 enim
1603 1997 1729 2041 non
1776 1981 1909 2041 tam
1958 1977 2110 2041 boni
2157 1975 2426 2041 Duronii
2472 1998 2699 2059 super-

419 2062 656 2139 cilium,
717 2060 818 2123 cui
881 2060 1066 2124 facile
1125 2068 1236 2127 est
1279 2063 1621 2143 imponere,
1692 2084 1883 2143 quarn
1936 2064 2185 2146 impias
2257 2064 2699 2126 fraternitates

421 2148 633 2213 nescio
703 2166 994 2227 quorum,
1064 2148 1176 2229 qui
1241 2146 1552 2212 Lotianae
1619 2150 1825 2231 magis
1898 2148 2349 2229 Morianaeque
2426 2148 2695 2212 factioni

421 2234 641 2299 favent
685 2254 877 2313 quam
927 2232 1162 2297 Beatae
1207 2232 1706 2317 Tranquillitati.
1801 2235 1973 2299 Bene
2033 2234 2231 2298 habet
2293 2257 2403 2317 per
2464 2234 2691 2299 Jovem

420 2316 1271 2421 (3311110111111111.ἶΙ131111,1133
1335 2319 1500 2383 Nam
1535 2321 1749 2383 istuc
1736 2342 1945 2402 ipsum
1978 2321 2452 2403 exspectabam.
2530 2319 2694 2383 Cura

416 2406 614 2488 igitur
660 2405 844 2470 bonis
889 2404 1116 2470 avibus
1162 2408 1490 2470 oeconomi
1537 2406 1931 2490 provinciam
1965 2411 2030 2472 et
2062 2407 2394 2489 voluptate
2443 2407 2691 2472 urbana

418 2491 624 2557 fruere
671 2491 1033 2573 nostrisque
1067 2493 1344 2574 negotiis
1375 2513 1633 2556 manum
1670 2497 2019 2558 extremam
2054 2495 2329 2576 impone.
2412 2493 2693 2556 Adamas

416 2579 585 2642 inter
649 2599 971 2641 sermones
1041 2577 1169 2641 duo
1239 2578 1515 2642 maxime
1583 2579 1855 2644 ridicula
1922 2581 2227 2644 narravit.
2340 2578 2691 2660 Utrumque

418 2668 642 2728 natum
678 2663 831 2728 mihi
867 2663 1117 2727 videtur
1149 2687 1227 2726 ex
1258 2665 1625 2744 ignorantia
1674 2664 1959 2746 falsaque
2008 2666 2483 2762 persuasione·
2530 2663 2692 2741 Quid

419 2751 684 2814 obsecro
733 2750 1039 2832 peccavit,
1087 2751 1196 2831 qui
1242 2749 1408 2814 dixit
1458 2750 1773 2815 Michael?
1863 2750 1990 2814 Cur
2034 2751 2116 2815 ab
2166 2749 2497 2833 episcopo*
2534 2750 2693 2814 male

418 2835 716 2900 audivit?
805 2833 968 2910 Quid
1037 2835 1091 2898 si
1159 2835 1448 2913 dixisset,
1515 2839 1588 2899 ut
1654 2837 1841 2900 docet
1903 2837 2177 2918 insignis
2226 2837 2695 2934 grammaticus

417 2921 881 2987 Nebrissensis⁶
945 2920 1343 2986 Michaelus‘?
1432 2921 1617 3000 Quid,
1672 2923 1728 2986 si
1772 2944 1994 3003 graece
2044 2913 2379 3006 Μιχαηλῗ)
2490 2922 2692 2986 Revo-

419 3013 595 3074 cetur
639 3008 723 3072 ab
768 3005 988 3071 inferis
1037 3006 1454 3080 Democritus,
1518 3013 1765 3089 repetat
1832 3009 2268 3072 intermissum
2317 3008 2425 3070 diu
2475 3009 2689 3071 risum.

423 3093 750 3158 Adonicus
815 3115 1034 3156 versus
1103 3097 1202 3156 est
1265 3091 1694 3156 Μ31131113111ε·6
1769 3092 1969 3174 „Care
2036 3092 2367 3156 Michael“
2466 3092 2537 3156 Si
2582 3115 2691 3156 an-

417 3182 603 3244 tistes
671 3179 873 3242 bonas
940 3179 1158 3243 literas
1223 3178 1571 3255 didicisset,
1641 3179 1865 3243 melius
1932 3183 2226 3258 ageretur
2274 3199 2418 3242 cum
2466 3179 2691 3242 doctis.

420 3266 624 3330 Multa
672 3264 877 3328 fateor
924 3264 1163 3327 didicit.
1256 3263 1512 3328 Peritus
1546 3268 1645 3328 est
1676 3287 1881 3328 rerum
1918 3265 2277 3328 multarum.
2363 3264 2694 3346 Ingenium

421 3373 549 3415 non
598 3353 814 3415 deesse
862 3349 1098 3413 scimus
1143 3354 1278 3413 tam
1322 3350 1527 3414 nobili
1590 3351 1857 3414 notari0.
1953 3349 2179 3414 Verum
2251 3350 2695 3432 quaestuarias

420 3442 590 3502 artes
659 3437 902 3512 didicit,
973 3457 1103 3499 non
1168 3435 1422 3499 latinas.
1527 3435 1721 3499 Novit
1789 3457 1887 3500 res
1953 3436 2069 3500 fori
2133 3440 2198 3499 et
2264 3436 2495 3509 curiae,
2572 3456 2695 3498 non

421 3523 674 3587 scholae
737 3528 801 3585 et
859 3521 995 3585 otii.
1088 3521 1364 3584 Levibus
1426 3527 1490 3584 et
1550 3522 1787 3602 ineptis
1852 3522 2125 3602 ingeniis
2198 3521 2395 3584 citius
2464 3520 2697 3584 arridet

423 3632 614 3690 quam
653 3607 860 3684 novis,
896 3608 1020 3670 imo
1054 3607 1342 3687 antiquis
1367 3613 1440 3670 et
1468 3607 1818 3690 probandis
1866 3607 2321 3670 lit-emtoribus.
2406 3605 2700 3670 Scribent

423 3695 596 3758 haud
643 3694 834 3757 dubie
895 3692 1162 3756 formam
1226 3693 1542 3756 examinis
1605 3692 1824 3755 diserti
1874 3698 1938 3754 et
1984 3692 2340 3756 tuebuntur
2405 3691 2697 3755 alumnos

425 3780 752 3845 doctrinae
796 3777 1109 3860 politioris
1143 3783 1364 3842 contra
1399 3778 1731 3841 balborum
1768 3777 2041 3840 asseclas
2072 3782 2137 3840 et
2170 3777 2695 3858 theologistarum

429 3867 669 3930 simiaS.
763 3865 892 3928 Nos
940 3862 1096 3927 haec
1144 3862 1412 3927 ridicula
1456 3865 1655 3927 missa
1687 3862 2013 3926 faciamus.
2108 3861 2275 3939 Quid
2306 3860 2696 3926 Duronius‘?⁷

427 3952 676 4016 Dicitur
750 3948 1015 4013 moleste
1087 3948 1246 4011 ferre
1313 3971 1498 4012 suum
1570 3949 1745 4012 illum
1815 3949 2230 4012 carcerarium
2313 3949 2699 4030 pseudopro-

429 4036 685 4120 phetam
720 4035 1057 4118 principali
1103 4035 1310 4098 edicto
1343 4035 1518 4098 abire
1550 4039 1613 4097 et
1644 4038 1851 4097 tacere
1875 4031 2172 4116 jussum.⁸
2252 4033 2408 4112 Ohe,
2444 4032 2700 4115 pulchre

570 4175 586 4204 ²
623 4171 801 4224 Hund.
875 4171 930 4226 S.
967 4171 1070 4224 578
1118 4171 1179 4224 A.
1218 4170 1264 4222 3.
1407 4171 1426 4202 ²
1461 4169 1512 4222 S.
1552 4169 1653 4222 582
1700 4171 1761 4222 A.
1800 4171 1848 4222 4.
1996 4170 2019 4201 ³
2049 4169 2232 4222 Durch
2286 4168 2521 4222 Mutians
2576 4168 2698 4220 Em-

437 4239 702 4309 pfehlung.
851 4241 871 4272 ⁴
906 4238 1120 4293 Paulus,
1193 4237 1244 4292 S
1283 4238 1384 4291 583
1419 4241 1481 4291 A.
1519 4239 1568 4289 4.
1712 4241 1733 4271 ⁵
1765 4238 1955 4292 Helius
2010 4237 2270 4290 Antonius
2322 4254 2428 4290 von
2476 4237 2701 4290 Lebrixa

431 4311 490 4362 in
542 4281 786 4386 Spanien
823 4310 862 4375 †
901 4308 1050 4371 1522
1105 4305 1490 4359 Grammatiker
1539 4307 1651 4358 und
1708 4307 2109 4360 Commentator.
2250 4307 2272 4338 ⁶
2308 4307 2497 4359 Anton.
2552 4305 2698 4358 Man-

430 4377 672 4499 cinelli,'4
683 4377 789 4429 ital.
847 4375 1232 4430 Grammatiker
1275 4376 1368 4427 des
1408 4377 1486 4429 15.
1525 4375 1612 4429 Jh.
1758 4377 1775 4408 ⁷
1812 4376 1930 4429 Abt.
2005 4373 2055 4428 S.
2098 4373 2196 4426 108
2234 4375 2293 4427 A.
2336 4377 2382 4428 1.
2526 4375 2549 4407 ⁸
2584 4373 2699 4441 Vgl.

427 4446 514 4504 ΒΓ.
