3084 4895
1248 424 1459 478 Mutian
1496 441 1564 477 an
1602 425 1864 494 Spalatin.
2645 432 2680 494 7

645 597 968 682 spalatino
1014 611 1125 648 suo
1160 599 1373 650 latinis
1408 601 1608 651 literis
1644 601 1731 650 sic
1769 600 2014 650 erudito
2049 605 2121 652 ut
2169 602 2582 654 eruditissimo
2619 606 2681 654 et

1060 686 1141 736 ad
1176 700 1447 748 unguem
1481 688 1678 748 polito
1714 689 1801 738 M.
1839 687 2060 739 Rufus·
2687 699 2693 702 ·

652 795 864 860 Tertio
920 797 1039 875 die,
1110 820 1298 880 quain
1360 799 1508 862 hinc
1573 798 1964 876 discesseras,
2044 801 2186 863 dedi
2232 799 2310 862 ad
2357 802 2418 862 te
2467 799 2680 862 literas

436 881 719 946 Othoni¹
783 905 941 946 meo.
1041 884 1201 946 Nam
1270 886 1386 948 etsi
1445 885 1686 948 nullum
1753 908 1942 966 grave
1997 885 2310 948 habebam
2366 886 2680 949 scribendi

439 974 907 1050 argumentum,
955 970 1330 1034 salutandus
1377 978 1590 1034 tamen
1641 993 1776 1035 eras
1824 971 2300 1035 benevolentiae
2345 979 2408 1034 et
2452 973 2682 1035 amoris

434 1078 599 1137 ergo.
693 1054 845 1120 Cras
914 1060 1067 1136 puto
1139 1058 1379 1121 videbis
1446 1055 1632 1120 istic²
1699 1057 2042 1134 Urbanum,
2113 1081 2252 1122 cum
2317 1079 2442 1138 quo
2491 1058 2681 1120 debes

432 1145 797 1205 societatem
846 1144 1026 1205 coire.
1119 1142 1375 1206 Praeest
1421 1145 1584 1206 enim
1653 1144 2069 1207 dominationi
2130 1144 2571 1225 amplissimae,
2619 1150 2682 1206 et

433 1229 600 1310 quod
649 1228 877 1292 defecit
909 1252 947 1290 a
979 1229 1264 1292 barbaris
1289 1227 1330 1305 ³,
1380 1231 1612 1310 quibus
1647 1237 1742 1292 est
1774 1231 2242 1308 infestissimuS,
2291 1231 2460 1292 haud
2491 1229 2681 1292 dubie

432 1315 631 1377 stabit
689 1316 769 1378 ab
819 1315 1097 1378 eruditis
1203 1316 1406 1391 Vides,
1456 1317 1800 1399 Spalatine,
1851 1339 2036 1397 quam
2085 1318 2216 1379 sint
2259 1317 2546 1379 homines
2593 1317 2678 1378 rei

432 1400 761 1464 familiaris
808 1402 1078 1464 studiosi
1126 1408 1188 1464 et
1234 1403 1421 1465 avidi.
1514 1402 1724 1466 Etiam
1771 1404 1834 1477 ii,
1885 1405 1994 1486 qui
2037 1402 2390 1466 ascendunt
2420 1402 2498 1465 ad
2531 1424 2676 1484 gra-

431 1487 578 1551 dum
629 1487 923 1564 doctoriS,
974 1509 1099 1550 non
1146 1491 1276 1550 tam
1324 1489 1563 1568 gloriae
1597 1495 1660 1552 et
1691 1490 2048 1570 integritati
2081 1511 2272 1570 quam
2305 1489 2677 1570 compendio

430 1595 545 1637 suo
614 1575 863 1636 studere
930 1574 1241 1637 videntur.
1348 1575 1570 1655 Itaque
1631 1597 1746 1638 nos
1812 1598 2116 1658 pauperes
2182 1579 2246 1638 et
2307 1576 2724 1638 innocentes-

430 1660 683 1743 publice
741 1682 959 1722 sumus
1004 1661 1204 1722 odiosi
1252 1665 1315 1723 et-
1360 1661 1577 1724 literae
1634 1662 2036 1725 humaniores
2081 1667 2313 1724 sortem
2363 1661 2523 1724 male
2567 1683 2679 1723 au-

432 1747 644 1810 diendi
691 1747 985 1808 subeunt.
1076 1746 1263 1826 Virgo
1312 1747 1549 1809 nubilis
1597 1752 1660 1809 et
1705 1747 1980 1810 formosa
2027 1753 2090 1808 et
2133 1747 2311 1828 cujus
2345 1747 2681 1829 praecipua.

432 1833 545 1895 dos
592 1837 690 1894 est
734 1836 957 1895 sancta
1001 1833 1325 1914 pudicitia,
1374 1832 1554 1896 facile
1603 1834 1964 1897 collocatur.
2061 1835 2142 1896 At
2184 1839 2403 1896 contra
2445 1833 2681 1896 accidit

433 1919 715 1981 eruditae
763 1919 1085 1982 vetustati.
1180 1918 1478 1995 Quamvis
1526 1921 1689 1982 enim
1739 1921 1892 1983 haec
1925 1920 2057 1983 filia
2106 1924 2320 1982 nostra
2368 1920 2564 1999 proba
2597 1919 2682 1982 sit

432 2011 495 2068 et
541 2005 745 2068 nitida
792 2011 853 2069 et
900 2005 1369 2068 circumamicta
1418 2007 1720 2069 varietate
1761 2007 2197 2089 pulcherrima,
2249 2027 2430 2070 nemo
2464 2011 2675 2068 tamen

430 2098 550 2168 est,
598 2092 706 2172 qui
752 2095 929 2174 petat
975 2093 1105 2154 dari
1154 2115 1287 2155 eam
1336 2093 1457 2154 sibi
1504 2093 1566 2154 in
1613 2094 2104 2156 matrimonium.
2188 2091 2383 2173 'l„'ota
2415 2092 2679 2174 pulchra

429 2201 513 2254 eS,
562 2179 763 2241 amica
809 2201 965 2255 mea,
1014 2185 1076 2242 et
1106 2178 1351 2241 macula
1387 2201 1509 2241 non
1545 2184 1642 2242 est
1687 2181 1749 2242 in
1799 2178 1923 2256 te“,
1936 2178 2067 2241 *et
2097 2184 2309 2242 tamen
2341 2179 2678 2242 illocabilis

430 2279 493 2327 et
541 2265 621 2326 ab
667 2264 1182 2328 adulescentibus
1228 2267 1570 2347 praeterita
1616 2287 1833 2328 manes
1878 2267 2044 2348 apud
2094 2285 2226 2327 nos
2318 2264 2516 2328 Nemo
2564 2269 2677 2340 est,

437 2352 546 2432 qui
594 2352 809 2434 cupiat
853 2351 1235 2433 prehendere
1282 2351 1598 2414 amiculas
1644 2356 1706 2414 et
1752 2353 2107 2434 adaequare
2152 2351 2379 2414 labella
2411 2315 2677 2416 labellis

440 2438 529 2501 Ad
579 2438 1015 2520 quaestuarias
1061 2437 1263 2519 lupas,
1328 2439 1445 2501 lioc
1502 2444 1597 2502 est
1644 2439 1989 2503 altercandi
2037 2442 2205 2503 artes
2251 2439 2537 2503 certatim
2578 2437 2678 2519 ju-

430 2530 656 2588 ventus
714 2526 991 2589 confluit.
1108 2526 1232 2588 Nec
1287 2526 1460 2588 videt
1521 2525 1695 2588 labes
1749 2527 2020 2589 violatae
2077 2525 2417 2607 pudicitiae
2477 2547 2680 2607 neque

428 2612 624 2675 sentit
677 2610 928 2674 foedum
988 2613 1292 2675 meritorii
1347 2612 1540 2675 scorti
1597 2611 1868 2688 odorem,
1933 2612 2042 2675 sed
2104 2612 2264 2675 forte
2321 2612 2679 2675 dissimulat

429 2705 492 2761 et
537 2720 677 2761 cum
723 2698 1107 2780 Vespasiano
1155 2698 1250 2760 vel
1300 2721 1331 2759 e
1378 2698 1531 2761 lotio
1581 2703 1948 2779 congestam
2007 2698 2336 2779 pecuniam
2391 2720 2515 2761 non
2564 2720 2678 2779 pu-

432 2791 561 2847 tere
618 2784 979 2847 arbitratur.
1089 2784 1261 2847 Adeo
1324 2784 1526 2847 dulcis
1573 2789 1671 2847 est
1715 2786 1849 2847 auri
1897 2808 2074 2847 sacra
2122 2783 2340 2847 fames.
2433 2783 2683 2846 Themi-

428 2871 657 2933 stocles
690 2871 1055 2952 exagitatus
1102 2894 1139 2931 a
1182 2876 1412 2934 cuncta
1458 2870 1722 2933 Graecia
1771 2872 1850 2933 ad
1900 2872 2294 2933 Artaxerxen
2327 2872 2390 2933 in
2428 2870 2679 2933 Perside

428 2958 599 3020 venit
646 2958 1045 3037 donatusque
1091 2961 1186 3020 est
1228 2956 1307 3020 ab
1350 2978 1422 3019 eo
1470 2956 1815 3036 Magnesia,
1864 2957 2212 3039 Lampsaco
2243 2969 2290 3029 Β,
2338 2956 2595 3037 Myunte
2623 2956 2682 3033 ¹²,

428 3044 631 3107 tribus
678 3065 802 3106 non
852 3043 1333 3106 contemnendis
1385 3042 1669 3119 urbibus,
1733 3066 1872 3106 cum
1923 3044 2021 3106 his
2069 3043 2296 3116 verbiS,
2361 3054 2434 3105 ut
2479 3044 2678 3125 prima

430 3152 673 3211 panem,
737 3130 1014 3193 secunda
1069 3130 1305 3202 vinum,
1364 3130 1553 3191 tertia
1614 3130 1949 3192 obsonium
2013 3129 2356 3209 praeberet.
2446 3126 2680 3208 Magna

428 3239 577 3279 sane
623 3216 776 3279 haec
822 3221 972 3278 sunt
1018 3221 1081 3276 et
1126 3216 1335 3296 opima
1382 3214 1708 3278 beneficia.
1802 3214 1928 3277 Sed
1975 3214 2366 3278 Bartholus⁵
2417 3219 2480 3277 et
2525 3213 2678 3295 Spe-

427 3300 721 3366 culator⁶
728 3352 741 3375 ,
787 3322 1004 3382 regum
1050 3322 1246 3382 regeS,
1294 3301 1578 3381 gentium
1627 3306 1690 3363 et
1721 3302 2095 3383 populorum
2130 3301 2388 3375 domini,
2437 3300 2675 3383 majora

427 3393 768 3470 praestant.
862 3387 1187 3467 VergiliuS,
1250 3384 1485 3464 CicerO,
1548 3386 1764 3450 Livius
1832 3388 2118 3450 esuriunt
2163 3388 2334 3459 nudi,
2393 3409 2505 3449 nec
2554 3388 2679 3449 vic-

428 3480 562 3538 tum
619 3496 731 3553 nec
784 3473 1085 3537 vestitum
1145 3494 1260 3535 nec
1320 3472 1654 3535 calciatum
1718 3473 2126 3553 elargiuntur.
2217 3473 2422 3548 Quare
2475 3472 2528 3535 si
2589 3474 2677 3534 vi-

429 3561 608 3624 detur
654 3582 947 3642 promove
992 3560 1069 3622 ad
1117 3558 1260 3621 lites
1321 3563 1384 3621 et
1442 3560 1646 3621 scribe
1712 3558 2013 3622 formulas
2079 3559 2427 3628 illiterataS.
2517 3558 2676 3620 Nam

428 3648 550 3710 nisi
615 3652 827 3710 noster
880 3646 1173 3709 Urbanus
1226 3648 1291 3707 te
1349 3646 1606 3707 novitiis
1681 3645 2243 3708 contubernalibus
2306 3644 2434 3706 suis
2500 3666 2678 3724 prae-

428 3734 662 3809 fecerit,
743 3732 947 3814 „unde
1010 3731 1198 3794 miser
1266 3732 1456 3807 viveS‚
1534 3731 1720 3793 homo
1787 3732 1968 3805 fidus,
2038 3736 2245 3793 certus
2311 3728 2676 3793 amicus‘?“⁷

428 3818 551 3883 Sed
625 3819 825 3883 habeo
901 3817 1230 3880 consilium
1308 3816 1508 3893 aliud,
1587 3838 1712 3899 quo
1789 3822 1851 3880 te
1923 3817 2264 3897 impertiar.
2383 3816 2678 3879 Animum

560 4087 587 4114 a
614 4072 881 4126 LamsacO.
956 4076 985 4113 b
1006 4072 1225 4124 Mintha.

566 4162 580 4190 ¹
616 4160 715 4212 Ein
750 4160 977 4238 Gothaer
1011 4159 1158 4223 Bote,
1196 4158 1249 4209 in
1284 4158 1512 4209 Br.124
1549 4157 1668 4211 Otto
1705 4158 1836 4225 Casp
1841 4174 1896 4209 er
1931 4160 2172 4224 genannt.
2322 4160 2341 4188 ‘²
2377 4157 2437 4208 In
2472 4157 2670 4218 Erfurt,

431 4244 509 4279 wo
544 4228 659 4281 sich
708 4228 772 4281 U.
812 4229 867 4280 in
914 4228 1225 4281 Geschaften
1276 4226 1527 4277 zuweilen
1577 4176 1836 4279 aufhielt.p
2026 4228 2046 4256 ³
2081 4226 2292 4291 Spricht
2336 4227 2501 4292 dafiir,
2552 4227 2674 4276 dass

430 4295 605 4349 Urban
662 4299 799 4349 noch
842 4298 991 4350 nicht
1036 4297 1186 4364 lange
1234 4299 1387 4347 unter
1430 4294 1660 4347 Mutians
1697 4295 2008 4416 Anleitung5
2013 4295 2067 4345 in
2103 4295 2196 4347 das
2231 4295 2398 4361 Lagei·
2434 4295 2526 4347 der
2560 4293 2673 4345 Hu-

442 4367 700 4419 manisten
735 4367 1135 4455 iibergegangerr
1170 4382 1292 4417 war.
1434 4366 1454 4394 ⁴
1489 4363 1675 4417 Hohel
1712 4367 1762 4431 4,
1988 4363 2093 4415 ⁰S.
2121 4363 2153 4414 3
2190 4366 2250 4415 A.
2273 4381 2319 4416 .).
2461 4365 2482 4396 ⁶
2518 4361 2675 4414 Guill.

435 4434 647 4488 Durand
686 4436 977 4504 (Durantis)
1013 4437 1051 4501 †
1091 4434 1237 4500 1296,
1275 4432 1468 4485 italien.
1506 4432 1686 4485 Jurist.
1809 4380 1849 4466 ‘⁷
1882 4432 2248 4499 Mart.1V,.'›.
