3084 4895
1169 368 1390 430 Mutian'
1417 389 1484 430 an
1519 371 1779 431 Her-bord.
1836 420 1839 425 .
2465 375 2589 441 307

350 545 630 627 Uterque
674 549 940 611 mortem
987 568 1166 609 suam
1213 546 1392 623 obiit,
1482 546 1760 611 Meniani
1808 550 2035 629 petunt
2079 546 2431 630 portionem
2468 548 2593 613 sibi

347 632 648 712 debitam,
711 654 870 715 quos
926 632 1142 714 Sejani
1212 634 1701 697 contradicendo
1768 634 2147 698 submovent
2210 634 2592 699 adminiculo

345 720 880 803 praescriptionis.
975 715 1420 800 Digladiantur
1485 719 1651 783 inter
1710 742 1776 783 se
1831 720 2163 801 utriusque
2221 722 2422 804 partis
2480 721 2593 785 ad-

345 806 578 870 vocati.
670 805 968 889 Vespillo,
1014 804 1450 869 Menianorum
1484 806 1763 881 tubicen,
1795 804 1982 869 homo
2016 806 2185 869 vafer
2216 812 2279 870 et
2310 807 2591 883 calliduS‚

345 892 649 976 proponit
712 913 837 955 non
909 891 1165 955 obstare
1235 894 1366 955 suis
1439 892 1939 956 adversariorum
2012 894 2591 975 praescriptionem,

346 983 682 1061 propterea
727 977 896 1059 quod
938 977 1151 1058 justus
1199 978 1364 1041 desit
1407 978 1655 1042 titulus
1744 978 1900 1060 Ejus
1943 983 2153 1042 autem
2188 981 2379 1043 verba
2410 984 2591 1043 sunt:

343 1062 515 1136 „vult
549 1070 646 1124 bns
681 1068 924 1139 ethguttt
955 1069 1119 1125 nubet
1163 1068 1402 1143 utsipten
1444 1066 1526 1125 nit
1572 1064 1839 1125 nersteen¹
1889 1066 2010 1141 nod)
2057 1066 2299 1139 nttjaten
2344 1072 2593 1141 mngtnfl

344 1149 544 1213 Novit
587 1171 659 1212 ea
691 1170 854 1231 quae
877 1149 1220 1213 traduntur
1250 1171 1392 1213 cum
1425 1150 1624 1213 aliubi
1653 1154 1788 1215 tum
1824 1149 1890 1213 C.
1925 1150 2015 1213 De
2047 1150 2539 1233 praescriptione
2566 1163 2594 1192 ⁸

345 1235 528 1298 XXX
575 1234 935 1313 annorum‚²
983 1237 1091 1299 sed
1123 1236 1322 1300 veluti
1361 1236 1627 1300 Proteus
1674 1236 1947 1300 elabitur
1992 1242 2056 1300 et
2100 1236 2322 1314 effluit,
2368 1236 2593 1318 plenus

349 1321 594 1385 scilicet
665 1323 988 1399 rimarum,
1057 1326 1118 1385 et
1185 1322 1392 1385 varias
1465 1324 1832 1404 captionum
1908 1322 2140 1387 formas
2213 1323 2591 1406 praetendit.

349 1407 646 1472 Cohortis
691 1429 836 1471 vero
871 1407 1136 1489 Sejanae
1169 1430 1394 1491 praeco
1427 1408 1741 1490 persuasit
1788 1409 2139 1472 duumviris
2183 1409 2593 1474 decurionum

345 1498 552 1558 ratam
613 1516 749 1558 esse
813 1497 877 1557 et
935 1493 1018 1557 ob
1079 1495 1144 1559 id
1204 1495 1502 1577 adjuvare
1566 1516 1714 1559 suos
1782 1495 2358 1578 praescriptionem.
2446 1495 2594 1560 Ideo

350 1580 669 1643 duumviri
735 1580 1100 1644 interlocuti
1158 1587 1308 1645 sunt
1366 1580 1486 1644 hoc
1546 1580 1765 1645 modo:
1836 1579 1906 1644 Si
1972 1580 2243 1662 Vespillo
2296 1581 2595 1665 probabit

346 1665 630 1730 Menium
697 1669 762 1730 et
828 1664 1044 1748 Sejum
1110 1689 1238 1731 non
1306 1667 1595 1731 divisisse
1660 1666 2127 1748 patrimonium,
2195 1668 2591 1748 profuturum

347 1752 515 1836 parti
581 1774 733 1815 suae
802 1752 1112 1835 petitrici3
1193 1755 1290 1817 sin
1350 1758 1565 1817 autem
1634 1753 1900 1835 probare
1971 1753 2327 1834 nequiverit
2391 1754 2592 1818 herci-

350 1838 630 1903 scundae
675 1836 986 1902 familiae³
1033 1844 1303 1903 tractum
1353 1839 1548 1903 fuisse
1594 1840 1957 1922 perfectum,
2005 1844 2160 1903 tunc
2206 1841 2596 1904 adversarios

343 1924 756 2007 jurejurando
821 1922 1136 1989 evasuros.
1242 1924 1339 1987 Ab
1405 1925 1524 1989 hac
1592 1925 1864 2008 Vespillo
1930 1927 2247 1989 sententia
2310 1927 2595 1991 resiliens

348 2011 696 2094 appellavit
761 2009 1009 2092 judices
1082 2011 1338 2093 majoris
1404 2012 1708 2076 subsellii.
1820 2011 1964 2075 Vidi
2032 2012 2384 2080 mirabilem
2452 2034 2596 2095 pro-

346 2097 748 2161 vocat-ionem
805 2096 1081 2161 hominis
1145 2119 1391 2162 summo
1463 2098 1885 2179 conscriptam
1954 2098 2241 2162 artificio.
2332 2098 2423 2163 De
2470 2120 2595 2182 quo

349 2204 556 2265 pauca
586 2182 814 2257 dicam,
866 2183 920 2246 si
966 2183 1139 2264 prius
1183 2188 1248 2248 te
1293 2186 1679 2249 admonuero
1724 2205 1850 2247 non
1896 2184 2215 2248 fidendum
2248 2207 2385 2249 esse
2406 2207 2596 2268 ‚prae-

358 2274 543 2351 cepto
584 2269 870 2351 judicum
904 2270 1225 2351 negative,
1269 2276 1343 2335 ut
1386 2274 1637 2334 vocant.
1728 2269 1925 2334 Tuam
1957 2273 2171 2333 tamen
2204 2272 2419 2335 audire
2451 2272 2596 2338 volo

348 2356 416 2417 in
465 2354 584 2418 hac
634 2355 960 2435 tragoedia
1017 2356 1436 2438 disciplinam,
1482 2379 1563 2420 an
1610 2356 1771 2420 bene
1814 2378 1896 2419 an
1942 2378 2264 2438 perperam
2318 2379 2597 2441 pronun-

349 2442 582 2506 tiatum
659 2464 796 2505 esse
869 2441 1210 2507 arbitreris
1333 2438 1462 2507 Sed
1526 2465 1696 2506 nunc
1763 2442 1975 2526 accipe
2052 2441 2367 2507 vafritiam
2443 2450 2597 2508 nota

351 2528 632 2610 dignam.
725 2527 1000 2609 Vespillo
1069 2526 1503 2612 patrocinatur
1561 2530 1770 2593 tribus
1824 2529 2181 2608 clientibuS,
2219 2529 2453 2598 ,tribus
2498 2531 2596 2594 in-

351 2635 564 2695 quam,
610 2616 674 2676 et
716 2614 879 2697 petit
920 2619 1021 2675 hm
1065 2617 1364 2678 scatenttil.
1455 2615 1661 2692 Quare
1703 2636 1831 2678 non
1878 2615 2031 2678 dicit
2072 2621 2170 2676 bas
2217 2617 2445 2693 halbtril
2486 2618 2596 2678 ires

351 2696 705 2774 grunnitum?
793 2699 1030 2764 Forsan
1080 2702 1329 2782 quaerit
1371 2701 1605 2767 nodum
1654 2703 1721 2764 in
1766 2699 2022 2784 sch-post
2111 2699 2323 2765 Credit
2376 2701 2598 2784 opinor

347 2785 594 2866 judices
639 2784 862 2863 latere,
909 2787 1164 2866 quando
1197 2789 1572 2852 succedatur
1603 2789 1669 2851 in
1700 2788 1948 2869 stirpeS,
1982 2787 2236 2868 quando
2268 2787 2335 2850 in
2370 2789 2595 2869 capita.

362 2869 668 2952 Ulpianus
714 2878 928 2935 noster
965 2872 1185 2936 docet:
1236 2873 1305 2938 Si
1360 2875 1502 2957 quis
1569 2873 1831 2938 fratrum
1898 2873 2055 2938 duos
2122 2873 2287 2936 filios
2351 2874 2595 2950 habuit,

355 2957 518 3020 alter
582 2979 800 3034 unum,
863 2956 1319 3024 haereditatem
1364 2961 1430 3024 in
1475 2961 1617 3024 tris>
1653 2960 1887 3042 parteis
1952 2959 2371 3023 dividendam.
2461 2959 2597 3022 Hoc

353 3041 501 3126 plus
550 3065 738 3125 quam
786 3043 1192 3108 manifestum
1241 3068 1374 3110 esse
1421 3047 1565 3129 quis
1610 3047 1864 3126 ignorat
1893 3045 1958 3108 in
1988 3045 2157 3108 linea
2187 3046 2595 3108 transversa?

356 3128 484 3192 Sed
529 3129 596 3191 in
645 3130 968 3212 proposito
1038 3143 1201 3194 casu·
1256 3139 1619 3214 spectamus
1685 3136 1953 3196 stemma
2018 3131 2421 3205 descendenS‚
2494 3131 2595 3194 cui

356 3215 642 3294 debetur,
689 3219 763 3278 ut
807 3214 1233 3280 Tribunianus
1291 3217 1532 3302 scribit,
1590 3218 1901 3283 successio
1946 3218 2012 3280 in
2057 3217 2301 3298 stirpes·
2394 3215 2597 3292 Quare

355 3301 625 3364 duorum
699 3302 960 3365 fratrum
1027 3303 1142 3366 filii
1211 3304 1639 3368 substantiam
1714 3304 1949 3366 avitam
2018 3303 2238 3384 partiri
2306 3301 2597 3365 bifariam

355 3387 610 3468 debent,
657 3391 721 3450 et
765 3390 918 3468 quia
962 3389 1278 3471 utrimque
1331 3395 1460 3454 tres
1521 3391 1897 3463 consistunt,
1954 3389 2166 3452 darem
2222 3409 2337 3469 ego
2391 3388 2596 3452 tribus

358 3474 684 3536 semissem
735 3479 797 3536 et
841 3473 1110 3538 alterum
1175 3476 1498 3541 semissem
1563 3476 1819 3558 reliquis
1882 3475 2106 3538 tribus,
2195 3474 2293 3536 Ita
2358 3473 2593 3537 factum

355 3581 511 3633 reor,
582 3565 656 3623 ut
723 3559 954 3623 dixerit
1021 3561 1294 3644 Vespillo
1359 3569 1461 3622 ben
1526 3563 1821 3632 atsteiiteil,
1890 3561 1951 3623 id
2019 3567 2115 3624 est
2179 3582 2289 3622 sex
2356 3561 2595 3638 unciaS‚

356 3667 738 3727 quamquam
807 3669 933 3710 non
991 3647 1126 3710 sine
1181 3649 1539 3730 suspicione
1588 3647 1715 3710 doli
1761 3648 1852 3710 sic
1896 3647 2069 3728 loqui
2126 3647 2349 3709 maluit
2406 3668 2593 3728 quam

353 3734 440 3793 bie
487 3731 638 3810 htlfft
683 3737 776 3791 hes
826 3735 1060 3806 ttbguts,
1120 3733 1245 3797 nisi
1289 3739 1361 3798 tu
1406 3734 1591 3797 aliter
1648 3733 1904 3798 sentias.
1994 3732 2125 3814 Ego
2194 3755 2271 3796 ne
2337 3734 2595 3796 omnino

353 3825 643 3881 tacerem·
673 3821 784 3881 tuo
831 3819 1140 3901 exempIO,
1199 3820 1367 3902 quod
1415 3823 1582 3883 esset
1635 3819 2057 3882 inofficiosum
2106 3823 2169 3880 et
2216 3819 2477 3899 impium
2534 3824 2597 3881 et

356 3902 788 3968 inconsultum
859 3903 1224 3985 (multorum
1297 3907 1462 3969 enim
1531 3906 1845 3969 amicitias
1910 3905 2231 3967 silentium
2297 3905 2595 3983 diremit),

356 4012 674 4072 exponere
719 3989 890 4053 volui
935 4013 1061 4054 rem
1114 4013 1310 4074 nuper
1354 3997 1619 4074 gestam.
1712 3990 1878 4054 Vale.

667 4089 790 4144 Cod.
823 4089 956 4143 Frcf.
995 4092 1108 4144 178.

495 4223 850 4332 llilffissglilgn
883 4297 950 4313 Ξ*
987 4281 1154 4333 durch
1208 4281 1386 4348 langes
1439 4279 1630 4334 Stehen
1686 4279 1987 4346 vei-derben,
2042 4295 2300 4346 synonym
2347 4279 2444 4331 mit
2478 4296 2595 4358 vcr-

351 4349 554 4416 jiihren.
697 4349 716 4380 ²
738 4347 858 4400 Cod.
885 4347 1072 4404 Justin.
1099 4349 1218 4416 VH,
1245 4352 1324 4405 39.
1468 4351 1488 4381 ³
1521 4350 1629 4402 Der
1652 4349 1969 4416 Erbteilung.
2111 4349 2131 4417 ⁴.
2166 4349 2319 4401 Allzu
2340 4349 2597 4416 {ingstllch

361 4419 496 4484 sein,
534 4416 712 4470 Grund
749 4433 842 4468 zur
875 4417 1150 4487 Besorgnis
1183 4420 1397 4485 suchen,
1433 4435 1513 4472 wo
1546 4418 1725 4472 keiuer
1760 4417 1989 4485 vorliegt.
2062 4416 2323 4469 Erasmus'
2348 4418 2593 4485 Adagien.

2052 4485 2187 4550 20*
