3084 4895
1261 371 1466 422 Mutian
1506 387 1572 422 an
1617 369 1813 424 Urban.
2580 368 2660 432 57

421 547 485 606 et
552 545 855 606 caecitate
924 545 1333 610 laborantes?
1424 545 1628 608 Causa
1697 544 1844 607 mali
1914 549 2004 606 est
2076 541 2392 627 opinionis
2466 540 2660 604 falsae

420 630 651 711 calig03
722 631 1001 693 concitat
1068 633 1230 694 enim
1298 653 1404 694 eos
1464 631 1756 713 publicus
1811 653 1979 694 error
2033 636 2095 692 et
2148 638 2438 694 aeternae
2506 627 2663 707 legis

421 716 796 797 ignorantia.
897 717 1061 793 Quid
1123 723 1191 781 tu
1252 720 1406 783 reris
1474 741 1610 780 esse
1679 718 1877 798 legem
1948 714 2310 780 aeternam?
2401 713 2664 796 Suspice

421 803 679 866 coelum.
756 802 891 866 Illic
913 808 1169 866 aeterno
1202 803 1448 868 foedere
1481 805 1733 867 sidera⁸
1773 807 2028 866 servant
2058 800 2474 866 concordiam.
2553 799 2660 863 Sol

416 889 604 952 lunae
627 889 917 952 cursibus
942 912 1064 952 non
1094 891 1457 954 obluctatur
1549 891 1817 972 „Vesper
1847 912 2018 952 seras
2051 889 2306 953 nuntiat
2334 889 2361 926 b
2407 887 2663 949 umbras

418 975 809 1056 Revehitque
856 977 1017 1039 diem
1067 977 1314 1040 Lucifer
1346 976 1684 1053 almum“;¹
1735 999 1859 1058 pax
1893 977 2202 1039 elementa
2231 974 2394 1055 regit
2425 980 2489 1034 et
2521 971 2663 1036 uni-

421 1083 597 1124 verso
645 1062 880 1124 mundo
928 1062 1321 1144 planetarum
1371 1065 1556 1126 orbes
1591 1076 1614 1103 0
1661 1063 1750 1124 sic
1798 1068 2145 1132 versantur,
2194 1066 2265 1126 ut
2311 1060 2465 1124 coeli
2517 1059 2661 1122 har-

414 1148 689 1210 moniam
769 1149 1142 1229 divinosque
1218 1155 1562 1212 concentus
1639 1148 2030 1230 Pythagoras
2097 1153 2490 1212 commentus
2555 1146 2656 1208 sit.

415 1233 591 1296 Hanc
638 1235 835 1316 legem
884 1241 1105 1315 gentes
1168 1237 1474 1300 instinctu
1536 1240 1796 1298 naturae
1863 1235 2097 1298 colunt.
2195 1235 2370 1296 Hanc
2435 1233 2661 1309 MoseS,

414 1319 616 1396 Plato,
665 1319 954 1384 Christus
1000 1322 1366 1385 docuerunt.
1463 1323 1630 1384 Haec
1676 1322 1738 1384 in
1786 1321 2080 1385 cordibus
2129 1321 2360 1385 nostris
2392 1327 2490 1380 est
2526 1340 2662 1399 per·-

412 1407 666 1486 scripta.
780 1407 933 1483 Quis
1002 1409 1165 1470 enim
1235 1409 1476 1471 nesciat
1545 1408 1944 1471 concordiam
2013 1414 2077 1470 et
2143 1413 2424 1470 mutuam
2502 1405 2661 1468 cari-

415 1498 610 1555 tatem
660 1515 795 1555 esse
840 1494 1116 1557 divinam
1167 1500 1231 1557 et
1274 1500 1556 1558 sanctam
1596 1499 1658 1556 et
1692 1495 1808 1557 deo
1841 1494 2249 1570 carissimam,
2285 1515 2471 1575 quom
2507 1493 2662 1556 deus

410 1580 625 1642 omnia
672 1580 1025 1643 moderetur
1070 1581 1287 1645 ordine
1335 1589 1522 1656 cerm,
1573 1581 1662 1644 ita
1709 1585 1781 1644 ut
1826 1580 1983 1644 nihil
2031 1581 2244 1644 obstet
2289 1580 2487 1644 alteri.
2561 1579 2656 1642 Ex

411 1665 531 1728 hac
577 1671 832 1729 aeterna
888 1665 1023 1747 lege
1080 1669 1409 1748 pontifices
1456 1672 1519 1730 et
1565 1667 1973 1748 imperatores
2035 1668 2522 1732 constitutiones
2567 1666 2657 1730 fe·-

410 1757 650 1826 cerunt,
699 1775 824 1815 non
857 1754 1115 1815 omnino
1167 1755 1381 1830 malas,
1431 1755 1484 1816 si
1533 1755 1778 1816 deesset
1827 1755 2232 1836 interpretum
2279 1754 2660 1831 malignitas,

408 1838 571 1900 Nam
619 1844 683 1901 tu
736 1840 868 1920 ipse
918 1841 1117 1903 sentis
1163 1863 1298 1903 esse
1347 1842 1545 1904 malos
1601 1839 1906 1909 homines,
1962 1841 2072 1921 qui
2117 1840 2216 1903 sui
2261 1840 2417 1902 lucri
2471 1862 2663 1904 causa

410 1930 668 1988 vertunt
712 1926 775 1987 in
826 1927 1070 2006 nigrum
1130 1925 1429 1991 candida²
1478 1932 1537 1988 et
1587 1927 1739 1989 viles
1792 1926 2124 2008 glossula8‚
2155 1927 2184 1967 ἅ
2239 1933 2310 1990 ut
2363 1928 2544 1990 fenus
2598 1932 2663 2006 et

408 2033 634 2074 usuras
680 2011 1041 2088 defendant,
1095 2014 1427 2077 imitantur
1473 2013 1904 2093 relinquentes
1949 2014 2336 2094 aequitatem
2384 2019 2445 2076 et
2490 2035 2660 2076 com-

412 2119 599 2161 mune
656 2099 886 2161 bonum
946 2105 1009 2161 et
1060 2100 1163 2182 jus
1218 2101 1523 2182 gentium,
1582 2100 1750 2180 quod
1805 2124 1842 2162 a
1888 2123 1985 2162 me
2042 2104 2206 2163 recte
2270 2100 2499 2164 dicitur
2559 2101 2659 2164 lex

408 2189 685 2260 aeterna,
734 2207 923 2267 quam
972 2186 1033 2248 in
1084 2208 1268 2267 opere
1314 2187 1719 2269 sphaerarum
1753 2198 1776 2225 θ
1836 2187 2203 2250 coelestium
2251 2192 2314 2249 et
2359 2187 2660 2250 adnotavi

409 2276 469 2333 et
519 2272 811 2345 admiror,
860 2271 1173 2354 deumque
1219 2296 1529 2337 summum
1582 2273 1642 2335 in
1694 2273 1799 2336 illo
1851 2295 2076 2354 magno
2124 2295 2197 2336 ac
2246 2272 2657 2356 pulcherrimo

409 2357 1023 2441 dispositissimoque
1081 2361 1314 2424 mundo
1375 2359 1751 2440 magnifacio
1807 2365 1869 2422 et
1927 2382 2066 2423 cum
2123 2360 2385 2423 ecclesia
2451 2359 2658 2424 laudo,

409 2442 533 2508 Sed
582 2454 651 2509 ut
694 2444 813 2509 tibi
860 2447 1127 2527 gratiam
1177 2470 1429 2529 quoque
1473 2446 1734 2510 referam
1787 2452 1958 2522 (nam
2007 2470 2191 2528 agere
2236 2446 2475 2529 gratias
2530 2471 2656 2511 non

406 2531 689 2611 sufficit),
738 2533 949 2614 accipe
999 2554 1197 2613 pauca
1246 2532 1670 2598 munuscula.³
1758 2533 2037 2596 Primum
2101 2535 2260 2597 scito
2319 2534 2657 2597 admodum

406 2618 624 2681 utilem
683 2640 925 2699 semper
983 2619 1178 2683 fuisse
1233 2627 1296 2685 et
1352 2645 1486 2685 esse
1547 2620 1973 2701 cognitionem
2030 2620 2300 2683 siderum
2366 2626 2430 2683 et
2483 2627 2660 2684 ortus

404 2704 747 2786 obitusque
814 2706 1095 2788 triplices
1164 2708 1508 2789 signorum.
1604 2706 1838 2770 Auctor
1892 2708 2178 2789 opusculi
2225 2730 2412 2789 saepe
2460 2708 2658 2771 Luca-

407 2814 553 2853 num
626 2793 800 2868 citat,
874 2794 1020 2855 item
1096 2793 1430 2877 Vergilium
1500 2798 1566 2857 et
1633 2791 1947 2856 Ovidium.
2056 2793 2272 2857 Mittas
2341 2794 2657 2871 Proclum;

404 2878 648 2941 utinam
726 2881 951 2943 Aratus
1023 2902 1199 2943 meus
1260 2887 1325 2943 et
1379 2881 1701 2943 Maternus
1768 2885 1832 2942 et
1894 2880 2165 2943 Manlius
2236 2882 2511 2944 redirent
2576 2881 2656 2943 ad

408 2964 589 3027 nos1⁴
677 2966 993 3047 Hyginum
1032 2966 1085 3005 f⁵
1134 2966 1293 3030 forte
1340 2967 1570 3043 legisti.
1663 2965 1819 3029 Mihi
1865 2967 2115 3029 animus
2163 2971 2258 3029 est
2303 2967 2513 3029 rimari
2561 2990 2660 3030 ar-

403 3072 563 3113 cana
627 3059 889 3115 naturae
950 3058 1013 3116 et
1075 3052 1429 3136 Baptistae⁶
1495 3053 1707 3116 studia
1776 3053 2097 3133 subsequi.
2167 3054 2534 3135 praesertim
2594 3056 2657 3116 in

405 3138 715 3200 siderali&
758 3139 1041 3201 scientia.
1138 3140 1272 3202 Non
1321 3146 1530 3202 tamen
1582 3138 1835 3202 tabulas
1874 3138 2207 3219 Alphonsi⁷
2241 3145 2304 3204 et
2335 3141 2659 3203 divinacu-

405 3224 601 3286 lorum
654 3225 981 3305 praesagia
1034 3248 1251 3288 moror.
1346 3227 1481 3289 Scit
1528 3225 1900 3305 Spalatinus
1944 3225 2312 3289 aviditatem
2351 3225 2660 3289 stomachi

408 3310 545 3372 mei.
652 3310 914 3374 Habet-is
972 3314 1032 3374 in
1097 3313 1297 3375 viculo
1368 3312 1750 3375 Danbaccho
1821 3311 2260 3375 Chaldaeum¹⁵
2352 3312 2472 3375 Det
2537 3312 2657 3375 tibi

405 3418 639 3477 quaeso
698 3397 996 3479 sphaeras
1026 3399 1055 3437 ¹¹
1112 3399 1501 3462 materiarias
1563 3403 1628 3461 et
1687 3399 2057 3461 astrolabiii
2123 3398 2452 3461 scientiam
2521 3420 2658 3480 per-

404 3482 714 3546 functorie
760 3485 989 3547 tradat..
1081 3486 1239 3548 Nam
1287 3491 1349 3548 te
1394 3485 1651 3547 tandem
1701 3506 1886 3566 super
1932 3486 2074 3548 istis
2134 3486 2322 3548 rebus
2379 3485 2659 3566 quaesti-

506 3790 514 3799 ·
541 3736 567 3799 ἢ
595 3723 799 3790 sydera.
940 3727 968 3764 b
999 3724 1223 3801 nunciat.
1366 3740 1389 3766 0
1417 3726 1587 3779 urbes,
1731 3730 1758 3767 d
1786 3726 2030 3804 glosulas.
2173 3740 2196 3767 e
2225 3741 2509 3791 sperarum.

405 3794 427 3831 f
450 3790 729 3937 H¹·g¹¹·l'll*ndils
768 3792 1179 3919 wglssiyigleiatlgffi
1214 3794 1951 3926 frgispggfltls.Boetiuzgs‘cliprtapji
1964 3811 1995 3930 1(.
2001 3863 2185 3929 Peipcr
2215 3880 2260 3930 p.
2293 3862 2436 3939 11ξ5);
2474 3862 2553 3914 »Si
2575 3862 2660 3939 yis

400 3927 529 3979 celffl
560 3946 681 3995 Jura
714 3932 942 3981 tonantis
992 3931 1131 3983 Pura
1180 3929 1362 3983 sollers
1418 3948 1630 3983 cernere
1685 3937 1875 3994 mente.
1933 3932 2123 3998 Aspice
2179 3947 2374 3983 summi
2429 3930 2659 3984 culmina

399 3996 547 4049 coeli.
619 3997 736 4049 Illic
766 3998 909 4063 justo
958 4000 1163 4052 foedere
1200 4016 1371 4051 rerum
1412 4001 1658 4052 Veterem
1715 4005 1927 4054 servant
1973 4002 2144 4053 side-ra
2181 4016 2388 4067 pacem«
2423 4003 2522 4053 etc.

470 4069 489 4097 ²
522 4066 710 4119 Juven.
762 4065 856 4127 ΙΙΙ,
894 4068 976 4121 30.
1119 4070 1139 4100 ³
1173 4068 1366 4120 Sendet
1402 4070 1487 4120 ein
1527 4070 1824 4122 Werkchon
1877 4071 2006 4123 iiber
2057 4069 2363 4134 Astrologie.
2509 4070 2527 4099 ⁴
2561 4068 2659 4121 Die

398 4139 691 4199 genannten
732 4136 1033 4204 Astrologen
1074 4137 1321 4204 (Manlius
1399 4137 1702 4205 -Manilius)
1741 4139 2371 4199 c1schienenVen.1499,
2393 4137 2660 4189 Maternus

400 4203 659 4256 Firmicus
694 4205 829 4256 auch
868 4207 1029 4258 schon
1070 4211 1245 4258 zuerst
1281 4208 1416 4259 Ven.
1459 4208 1605 4260 1497.
1714 4212 1734 4240 ⁵
1771 4209 1966 4277 Hygini
2003 4208 2147 4265 Poet.
2186 4214 2374 4260 astron.
2406 4206 2495 4259 lib.
2529 4208 2658 4259 Ven.

402 4271 548 4323 1482.
689 4274 711 4304 θ
748 4275 797 4326 S.
836 4274 902 4326 52
940 4280 998 4327 A.
1040 4275 1084 4328 2.
1232 4278 1248 4307 ⁷
1289 4276 1388 4328 Die
1436 4275 1856 4329 Alfonsinischen
1904 4277 2095 4337 Tafcln,
2137 4278 2228 4329 auf
2263 4275 2663 4343 Veranstaltung

406 4341 601 4393 Alfons'
641 4341 708 4395 X.
750 4359 851 4394 von
888 4342 1135 4395 Castilien
1175 4344 1566 4412 (1240—1252)
1614 4346 1868 4414 gofer-tigt.
2011 4347 2032 4377 ⁸
2066 4345 2212 4398 Nooh
2263 4345 2530 4397 inchrfach
2580 4360 2660 4397 er-

396 4410 589 4477 wahnt‚
626 4410 721 4463 Nr.
760 4411 859 4465 205
898 4412 963 4480 (a.
1007 4413 1176 4482 1512),
1215 4415 1315 4467 393
1354 4414 1419 4482 (a.
1462 4414 1633 4480 1514).
