3084 4895
879 389 1093 452 Mutian
1128 413 1198 451 an
1233 387 1493 450 Herbord.
1554 390 1769 450 Mutian
1804 414 1875 451 an
1908 395 2111 452 Urban.
2499 396 2623 465 193

363 570 448 634 ad
507 573 574 634 te
625 569 846 633 literas
905 566 1376 632 exhortatorias
1435 570 1500 630 et
1558 567 1743 648 quasi
1810 567 2203 644 criminosas,
2260 570 2337 631 ut
2396 567 2624 632 saltem

357 655 667 719 conviciis
735 657 884 734 post
947 651 1202 716 infinita
1269 651 1707 715 blandimenta
1770 653 2189 716 dormientem
2256 652 2621 717 excitarem.

358 740 528 803 Nihil
595 737 852 821 profeci.
946 738 1092 800 Misi
1159 741 1475 818 postremo
1553 737 1873 816 quandam
1944 736 2259 815 Cluniam,
2328 737 2621 801 effoetam

359 847 576 888 anum.
669 824 888 904 Aeque
947 823 1086 885 sine
1139 822 1553 903 responsione
1604 826 1718 884 tua
1775 822 1981 885 rediit.
2073 821 2247 885 Adeo
2294 843 2374 886 ex
2419 822 2624 886 vocali

357 916 422 973 et
481 910 738 973 literato
801 907 1034 988 juvene
1093 906 1304 969 factus
1365 929 1434 968 es
1493 911 1713 970 mutus
1759 911 1825 970 et
1868 908 2224 970 illiteratus,
2314 907 2457 970 Non
2527 914 2625 971 est

360 995 482 1058 hoc
549 992 824 1057 amicum
892 1013 1096 1074 agere,
1165 991 1278 1054 sed
1344 991 1691 1054 inimicum.
1798 990 1947 1055 Sive
2012 992 2182 1054 enim
2248 991 2490 1056 oblitus
2558 1015 2624 1056 es

358 1079 563 1142 nostri
609 1079 743 1142 sive
787 1077 1156 1154 recordaris,
1203 1081 1474 1156 utroque
1533 1078 1721 1140 modo
1770 1077 1867 1140 vel
1910 1076 2117 1140 amico
2170 1076 2384 1157 judice
2444 1079 2624 1140 dam-

360 1164 688 1228 nationem
734 1162 1187 1238 commeruisti,
1233 1182 1362 1224 non
1409 1164 1623 1223 tamen
1674 1182 1942 1240 crucem,
1988 1183 2069 1224 ne
2113 1166 2322 1224 totum
2382 1162 2625 1226 silentii

359 1249 546 1312 ruina
588 1251 969 1330 prosternat.
1059 1245 1230 1308 Vale.
1318 1245 1456 1309 XII.
1506 1244 1639 1308 Cal.
1688 1245 1863 1328 Sept.
1914 1245 2113 1310 MDX.

667 1343 792 1401 Cod.
830 1346 964 1400 me.
1005 1346 1121 1399 135.

361 1550 597 1620 (eotha.)
1423 1533 1565 1597 146.
2188 1547 2259 1618 (n.
2296 1548 2408 1603 Jun
2446 1549 2625 1619 1510.)

1107 1658 1399 1728 Mutian
1442 1678 1541 1727 an
1587 1658 1866 1728 Urban.

358 1787 563 1856 (Klaqa
612 1787 739 1840 dass
773 1787 860 1839 die
893 1785 1082 1854 Kr‘e'eqe
1115 1786 1180 1838 in
1213 1786 1408 1840 Italz‘en
1441 1786 1526 1838 die
1560 1785 1772 1852 Zufiuhr
1805 1787 1897 1839 der
1930 1785 2139 1838 Wiener
2183 1785 2323 1838 nach
2371 1783 2625 1838 Deutsclz—

357 1857 493 1909 land
533 1856 790 1908 hammon.
862 1855 975 1908 Hat
1008 1854 1120 1922 auf
1142 1855 1258 1908 der·
1282 1854 1505 1921 Franks.
1553 1854 1721 1907 Messe
1760 1853 2043 1923 verqeblich
2088 1855 2189 1906 den
2246 1853 2627 1916 Vol-'amanus

352 1924 589 1992 yesucht.
663 1923 794 1977 Sein
852 1924 1190 1992 Standpunkt
1240 1923 1304 1976 in
1356 1923 1448 1975 der
1494 1923 1669 1990 F‘raye
1715 1923 1843 1976 ‘uber
1896 1923 1981 1975 die
2036 1922 2413 1986 Judenhicelaen
2472 1923 2629 1974 deren

356 1992 764 2046 habbalistisehe
787 1991 1038 2044 Weisheit
1054 2009 1157 2044 von
1173 1991 1568 2060 densophisten
1582 1992 1731 2044 nieht
1748 1992 1888 2044 wird
1902 1991 2154 2060 beyriffen
2165 1991 2367 2044 werden
2383 1992 2627 2056 konnen.)

496 2105 580 2156 Η.
617 2105 874 2156 Urbano
909 2106 1046 2156 viro
1080 2105 1524 2164 literatissimo,
1560 2105 1759 2155 amieo
1794 2105 2020 2156 mirum
2054 2104 2122 2154 in
2154 2104 2407 2154 modum
2439 2117 2627 2154 vene·

1205 2190 1403 2241 raudo
1437 2191 1528 2242 M.
1562 2189 1784 2241 Rufus.

580 2298 645 2364 S.
736 2299 908 2364 Inter
959 2299 1452 2365 innumerabilia
1495 2301 1683 2380 mala,
1732 2322 1897 2381 quae
1940 2295 2178 2363 nostris
2236 2297 2628 2381 temporibus

370 2384 614 2467 passim
681 2386 1060 2450 oboriuntur
1105 2392 1171 2451 et
1214 2387 1508 2451 saeviunt
1560 2387 1626 2449 in
1684 2387 2044 2463 Germania,
2102 2385 2170 2447 id
2224 2384 2625 2467 potissimum

374 2494 473 2533 me
535 2472 700 2534 male
767 2472 1026 2550 cruciat,
1096 2473 1264 2554 quod
1333 2472 1643 2536 bellorum
1711 2473 2105 2555 perpetuitas
2162 2476 2227 2533 et
2292 2469 2625 2533 cottidiani

367 2554 696 2619 Gallorum
760 2561 823 2620 et
884 2557 1106 2620 Veneti
1165 2558 1390 2621 militis
1452 2558 1789 2621 conflictus
1847 2557 2063 2620 fauces
2112 2556 2362 2637 Alpium
2433 2559 2628 2637 atque

361 2640 509 2703 ideo
555 2642 722 2705 viam
767 2641 1161 2721 Rhaeticam‚
1210 2664 1338 2723 qua
1381 2643 1510 2705 itur
1554 2644 1621 2705 in
1673 2641 1945 2717 Italiam,
2004 2642 2266 2705 clusere.
2356 2640 2455 2703 Ex
2500 2662 2627 2721 quo

364 2726 525 2789 illud
575 2727 826 2805 accidit,
875 2732 948 2790 ut
992 2727 1199 2791 bonae
1245 2728 1467 2792 literae
1506 2728 1763 2808 jaceant
1808 2727 1953 2790 Aldi
1990 2726 2275 2790 subsidio
2306 2727 2624 2789 viduatae.

362 2810 717 2893 Sperabam
786 2811 918 2875 fore
964 2817 1039 2875 ut
1091 2815 1419 2895 proximae
1483 2812 1873 2876 Francorum
1942 2812 2266 2875 nundinae
2330 2812 2629 2874 offerrent

363 2896 673 2960 studiosis
740 2902 1032 2960 auctores
1099 2899 1472 2978 exquisitos
1566 2896 1691 2961 Sed
1748 2919 1786 2961 o
1854 2919 2083 2960 vanam
2151 2897 2361 2979 spem!
2454 2896 2627 2959 Nihil

364 2986 502 3045 erat
550 2982 718 3045 novi.
807 2982 944 3064 Ego
992 2987 1057 3046 et
1101 3005 1240 3046 meo
1289 2984 1546 3047 nomine
1591 2984 1686 3045 vir
1730 2983 2007 3064 inclytus
2053 2981 2513 3045 Hartmannus¹
2563 2986 2629 3044 et

360 3067 624 3147 quidam
671 3069 1030 3149 praeclarus
1081 3067 1571 3149 Bambergensis
1602 3069 1904 3131 ecclesiae
1935 3065 2307 3132 canonicus²
2348 3066 2629 3131 Volater-

359 3150 621 3215 ranum³
689 3151 926 3215 frustra
993 3152 1444 3235 quaesivimus.
1534 3153 1694 3217 Eum
1756 3157 1831 3215 tu
1890 3153 2129 3230 vidisti,
2197 3173 2321 3215 non
2395 3152 2623 3214 emisti.

359 3237 558 3301 Hem!
649 3235 778 3300 Sed
823 3260 902 3301 ne
946 3239 1102 3319 quid
1169 3239 1448 3302 atrocius
1494 3243 1561 3302 et
1607 3237 1974 3302 iracundius
2035 3239 2275 3301 dicam:
2336 3237 2627 3300 invidisti

359 3322 548 3386 nobis
596 3323 828 3387 bonam
875 3323 1300 3387 accessionem
1352 3344 1536 3386 verae
1588 3324 1935 3386 felicitatis
2024 3322 2426 3403 Injungerem
2483 3321 2623 3399 tibi,

359 3412 436 3471 ut
477 3408 848 3489 requirereS,
910 3408 1034 3471 nisi
1086 3408 1304 3491 plebes
1367 3408 1642 3471 insulsa⁴
1710 3408 1996 3472 studeret
2062 3408 2251 3471 rebus
2320 3406 2503 3471 novis
2565 3411 2629 3469 et

363 3493 820 3574 propemodum
890 3495 1222 3571 eversioni,
1270 3498 1342 3557 ut
1386 3494 1507 3575 ipsi
1554 3498 1936 3556 mercatores
2002 3514 2131 3556 non
2204 3492 2336 3555 sint
2402 3491 2627 3554 salutis

368 3582 556 3640 extra
609 3578 860 3641 moenia
913 3579 1136 3653 securi,
1193 3599 1582 3661 quamquam
1650 3578 1948 3661 privatim
2018 3598 2234 3641 cursor
2285 3582 2411 3640 ‘tua
2478 3598 2629 3639 cura

361 3664 534 3725 mitti
565 3663 783 3743 possit.
850 3664 1224 3744 Ingemis00‚
1257 3664 1344 3727 mi
1377 3663 1651 3741 Urbane,
1684 3664 1937 3743 quoties
1967 3665 2179 3744 cogito
2204 3662 2628 3743 vitiligatores

360 3747 692 3811 abundare
737 3747 1041 3811 librorum
1088 3751 1288 3831 copia.
1382 3748 1632 3831 Ubique
1700 3751 1976 3813 locorum
2043 3748 2415 3830 bibliopolia
2470 3747 2627 3810 Bar-

361 3832 590 3896 tholis⁵
662 3838 813 3897 sunt
879 3834 1128 3898 referta.
1220 3835 1340 3910 Qui
1409 3834 1821 3898 Manutianas
1892 3834 2125 3898 vendat
2194 3832 2463 3914 vigiliae,
2530 3833 2624 3896 vel

503 4035 519 4064 ¹
556 4022 702 4085 siber
739 4032 1034 4087 Hartmann
1070 4051 1172 4087 von
1209 4035 1522 4105 Kirchberg,
1568 4036 1857 4103 Koadjutor
1902 4036 1996 4087 des
2043 4035 2207 4087 Abtes
2255 4034 2523 4086 Johannes
2558 4033 2624 4087 H.

361 4116 465 4153 von
501 4100 670 4153 Fulda
703 4102 808 4169 vgl.
846 4102 896 4154 S.
919 4103 952 4155 9
971 4106 1034 4157 A.
1066 4106 1109 4157 1.
1253 4106 1273 4136 ⁹
1310 4104 1775 4157 Wahrscheinlich
1812 4105 1905 4155 der
1938 4103 2199 4155 Domherr
2232 4102 2399 4154 Jakob
2434 4102 2624 4154 Fuchs.

363 4170 385 4199 ⁸
418 4168 654 4236 Raphael
689 4169 932 4237 Maffejus
968 4186 1064 4223 aus
1101 4172 1357 4225 Volterra.
1396 4172 1514 4239 Vgl.
1538 4172 1591 4226 S.
1613 4174 1707 4223 171
1740 4174 1799 4225 A.
1822 4172 1869 4223 3.
1924 4172 2040 4223 Von
2078 4172 2171 4223 der
2204 4170 2360 4222 Reise
2395 4170 2627 4222 Mutians

370 4237 506 4289 nach
559 4237 837 4290 Frankfurt
891 4239 1151 4291 vei-lautet
1203 4243 1350 4293 sonst
1402 4241 1593 4293 niehts.
1736 4242 1757 4271 ⁴
1790 4239 1907 4291 Von
1954 4239 2145 4295 Erfurt,
2195 4240 2289 4291 das
2324 4238 2399 4289 im
2433 4238 2627 4304 Kriege

365 4305 466 4424 §iit
499 4305 734 4425 ῗειοὴῗθη
770 4306 870 4374 lag.
1013 4310 1034 4339 ⁶
1066 4308 1130 4360 D.
1170 4308 1222 4359 h.
1261 4324 1363 4361 von
1403 4308 1772 4361 barbarischen
1802 4298 2237 4359 Rechtsbiich'ern
2260 4307 2360 4357 wie
2383 4306 2627 4359 Bai-tolus

403 4388 504 4425 axo
524 4389 640 4426 erra
663 4390 708 4426 ο.

426 4462 694 4501 zeitschrift
721 4462 778 4503 N.
805 4462 857 4505 F.
884 4462 1040 4510 Suppl.
1066 4464 1149 4503 IX.
2137 4444 2216 4507 13
