3084 4895
537 376 662 458 308
1359 367 1536 441 Briefe
1570 365 1661 441 des
1698 383 1748 442 J.
1788 381 1934 442 1513.

536 577 721 632 Gotha.
1586 558 1729 625 250.
2362 572 2443 629 28.
2480 572 2590 629 Mai
2630 576 2789 629 1513.

1275 686 1565 758 Mutian
1606 707 1707 758 an
1750 686 2025 758 Urban.

535 818 722 885 (Klaye
753 818 882 870 iiber
914 817 1012 869 das
1061 815 1298 880 Unrecht,
1333 816 1432 869 das
1463 834 1598 869 man
1630 816 1745 869 ihm
1780 816 1843 868 in
1879 816 2075 869 Hessen
2120 814 2246 868 that.
2329 812 2459 866 Will
2492 814 2592 865 das
2628 812 2793 867 Hans

539 888 710 940 baum
757 887 871 939 und
919 887 1002 939 als
1057 885 1343 952 Diqentum
1398 885 1643 947 behalten,
1679 886 1808 937 doeh
1860 885 1970 953 auf
2009 884 2093 936 die
2142 883 2454 935 Seelmessen
2498 883 2597 949 fiir
2642 884 2794 935 scine

537 956 746 1009 Bric'der
779 955 1086 1007 verziehten.
1155 954 1310 1007 Nach
1355 954 1555 1007 seinem
1604 954 1730 1007 Tode
1771 955 1933 1007 sollen
1977 954 2061 1006 dic
2118 952 2311 1005 Vilcare
2356 952 2470 1003 laut
2514 952 2603 1005 des
2662 952 2793 1004 Ver—

533 1030 704 1093 traqes
754 1023 849 1092 fior
899 1023 1016 1110 girei
1065 1022 1221 1108 Ila-ate·
1261 1024 1414 1076 ὺεέωῑ.
1466 1092 1476 1102 ⁸
1522 1022 1731 1076 Urbane
1787 1023 2038 1075 Mandas
2088 1021 2180 1073 ein
2234 1020 2557 1100 christ-liele&
2616 1020 2789 1105 Bacch.

535 1094 813 1215 ᾗῖιῖἵὲῗε
830 1092 1855 1297 msffssufficffiffffin
1864 1092 1978 1213 ‚2³55
1978 1090 2791 1227 ⁸3⁸..12122‘153‘02‘33ffffl332

1664 1247 1728 1283 ac
1793 1271 1803 1283 .

735 1344 982 1395 Summo
1018 1344 1154 1394 viro
1191 1344 1271 1395 H.
1310 1335 1587 1403 Urbane,
1623 1346 1821 1395 amico
1866 1344 2133 1395 multum
2178 1340 2579 1393 benevolenti

1455 1428 1567 1496 (M.
1604 1427 1850 1497 Rufus).

737 1540 800 1606 S.
871 1539 1131 1618 Sanum,
1163 1541 1428 1619 salvum,
1461 1541 1782 1623 integrum
1808 1564 1942 1605 esse
1966 1540 2439 1608 triumviratum
2468 1540 2786 1611 nostrum,

535 1627 655 1691 etsi
701 1648 876 1691 meus
920 1627 1170 1691 animus
1215 1627 1484 1691 fluctuat
1527 1628 1761 1711 partim
1807 1627 2135 1690 Hessianis
2194 1624 2487 1709 procellis
2548 1624 2783 1704 partim

536 1714 910 1778 vicariorum
979 1718 1358 1795 tempestate
1418 1715 1721 1795 agitatus,
1781 1715 1965 1777 unice
2023 1720 2086 1776 et
2146 1712 2447 1775 audacter
2512 1708 2781 1791 gaudeo,

539 1800 749 1864 Vincit
812 1800 974 1863 enim
1044 1799 1208 1863 lenis
1271 1799 1373 1863 hic
1434 1807 1497 1863 et
1558 1799 2027 1882 placatissimus
2096 1802 2289 1879 atque
2356 1796 2513 1859 adeo
2578 1794 2784 1857 divini

541 1886 772 1949 amoris
859 1886 1124 1949 affectus
1199 1907 1444 1949 omnem
1521 1886 1723 1950 austri
1798 1886 2090 1967 injuriam
2167 1890 2231 1947 et
2305 1882 2787 1946 cacodaemonis

535 1971 922 2036 violentiam.
1024 1971 1122 2034 Ita
1188 1976 1355 2046 tuus,
1423 1972 1508 2035 mi
1584 1972 1849 2046 Urbane,
1919 1971 2240 2034 Favonius
2305 1968 2557 2051 quoties
2622 1966 2783 2029 mihi

534 2058 791 2139 aspirat,
839 2059 1064 2121 beatae
1112 2056 1599 2138 tranquillitatis
1647 2056 1920 2121 fructum
1966 2056 2401 2137 voluptificum
2458 2053 2721 2135 accipio.
2755 2064 2785 2091 ⁸

535 2142 716 2207 Hessi
784 2144 1080 2207 omnibus
1148 2165 1244 2205 me
1298 2144 1705 2208 ludificantur
1772 2144 1979 2207 dolis..¹
2073 2141 2299 2205 Valent
2364 2140 2613 2222 opibUS‚
2678 2139 2782 2201 in-

532 2230 794 2308 dust‘ria,
859 2229 1279 2307 factionibus3
1340 2230 1450 2293 sed
1510 2237 1739 2307 errant,
1786 2232 1841 2293 si
1887 2225 2090 2292 mut0²
2148 2234 2213 2291 se
2273 2229 2507 2309 putant
2574 2224 2784 2287 facere

537 2316 1000 2380 contumeliam.
1093 2314 1190 2378 Mc
1258 2315 1549 2379 fraudare
1616 2320 1903 2397 possunt,
1968 2336 2185 2377 verum
2246 2312 2585 2394 quominus
2630 2331 2783 2372 con-

536 2420 780 2484 querar,
856 2402 1097 2466 efficere
1173 2400 1341 2465 haud
1416 2406 1733 2486 poterunt.
1854 2401 1945 2466 De
2017 2398 2480 2464 instauratione
2554 2397 2781 2461 domus

531 2489 803 2553 scribam
870 2489 950 2553 ad
1017 2485 1410 2553 Schilonem³
1479 2493 1545 2553 et
1610 2489 1746 2552 sine
1820 2493 1932 2552 tuo
2006 2485 2408 2551 incommodo
2483 2487 2781 2566 sumptus

533 2573 778 2638 faciam.
869 2574 1060 2639 Tanti
1125 2574 1292 2638 enim
1339 2597 1465 2638 non
1512 2580 1665 2639 sunt
1732 2573 2087 2651 mortualia‚
2136 2576 2209 2637 ut
2252 2591 2486 2652 magno
2551 2591 2776 2633 emam.

533 2658 973 2743 Philosophari
1040 2660 1159 2724 hoc
1225 2664 1408 2742 pacto
1477 2660 1686 2740 didici,
1753 2661 2039 2742 utboni
2103 2663 2167 2723 et
2230 2657 2381 2720 mali
2449 2657 2775 2720 notionem

529 2745 818 2810 habeam.
903 2746 1068 2810 Illud
1099 2768 1210 2828 pro
1245 2747 1360 2810 deo
1394 2747 1745 2819 colendum,
1778 2769 1892 2810 nec
1924 2749 2171 2824 mirum,
2204 2765 2343 2807 cum
2378 2742 2779 2825 sapientibus

529 2832 704 2913 vulgi
735 2854 942 2897 sermo
988 2833 1400 2914 suffragetur3
1448 2833 1568 2896 hoc
1602 2833 1819 2916 procul
1852 2833 2045 2896 dubio
2079 2830 2402 2896 diabolum
2435 2828 2775 2911 significat.

525 2916 687 2981 Nam
753 2920 904 2995 autb
964 2924 1064 2981 aab
1130 2927 1228 2993 gub
1292 2919 1454 2983 idem
1517 2925 1670 2983 sunt
1730 2924 1793 2984 et
1838 2941 1873 2983 ο
1920 2941 2031 3001 pro
2076 2941 2117 2982 v
2163 2915 2430 2982 subinde
2500 2915 2775 2997 ponitur.

531 3003 684 3080 Quis
731 3009 941 3068 autem
989 3006 1232 3068 nesciat
1277 3004 1599 3069 diabolum
1648 3005 1771 3068 dici
1814 3011 1907 3066 bct
1951 3002 2116 3065 hose?
2206 3002 2430 3066 Nonne
2475 3000 2633 3064 satis
2678 3006 2779 3063 est

529 3092 764 3155 viventi
835 3091 992 3154 bene
1057 3093 1264 3154 vivere
1311 3099 1374 3154 et
1419 3091 1510 3154 sic
1556 3093 1807 3154 demum
1870 3112 2101 3167 orasse,
2162 3088 2352 3152 etiam
2400 3087 2451 3150 si
2498 3086 2773 3149 hostiam

527 3198 654 3241 non
701 3177 990 3240 mactes?
1078 3175 1223 3254 Orc,
1265 3181 1461 3259 pater,
1497 3177 1650 3240 mihi
1685 3185 1755 3242 ut
1786 3177 2099 3258 ignoscaS‚
2138 3176 2191 3237 si
2224 3173 2379 3255 quid
2410 3173 2776 3254 imprudens

529 3263 714 3346 culpa
761 3263 1012 3346 peccavi
1055 3285 1213 3326 mea.
1308 3263 1438 3327 Hoc
1485 3265 1641 3326 satis
1690 3268 1803 3326 est.
1894 3262 2047 3338 Quis
2105 3261 2353 3324 vicariis
2412 3259 2577 3321 ultro
2624 3281 2775 3340 sup-

526 3350 827 3430 plicatum
878 3350 1110 3414 iverit‘?
1158 3350 1340 3430 quasi
1387 3350 1723 3413 stultorum
1772 3349 2148 3430 expurgatio
2212 3346 2600 3414 mercenaria
2656 3347 2771 3408 deo

525 3437 610 3498 sit
675 3442 874 3518 grata.
981 3437 1321 3499 Aversatur
1387 3437 1539 3499 deus
1607 3457 1821 3518 preces
1887 3435 2060 3498 avari
2127 3433 2291 3496 cleri.
2395 3431 2530 3512 Ego
2596 3453 2773 3494 arare

527 3521 798 3600 mallem,
846 3543 1036 3604 quam
1084 3523 1387 3604 pecuniae
1430 3521 1639 3603 gratia
1683 3543 1794 3605 pro
1842 3520 2159 3584 defunctis
2190 3540 2386 3582 orare.
2476 3517 2772 3580 Habeant

525 3607 718 3688 igitur
779 3631 894 3692 sua
957 3609 1290 3671 mortualia
1349 3607 1637 3670 Mariani.
1730 3607 1828 3670 Me
1896 3607 2291 3687 possessione
2360 3625 2486 3666 non
2556 3603 2770 3666 detur-

525 3693 787 3758 babunt.
879 3693 1032 3757 Post
1095 3693 1230 3757 fata
1296 3699 1514 3758 nostra
1580 3698 1831 3757 servent
1898 3693 2068 3774 leges
2135 3689 2477 3772 syngraphi
2547 3693 2611 3752 et
2655 3689 2772 3752 tris

523 3779 845 3844 Mutianos
900 3781 1070 3844 coelo
1125 3801 1240 3844 suo
1305 3778 1594 3843 donent.⁴
1682 3778 1995 3842 Maturius
2054 3777 2131 3840 ad
2195 3782 2257 3839 te
2317 3777 2394 3839 de
2446 3778 2773 3854 ,structura

529 3867 816 3929 scribam.
908 3865 1092 3930 Nunc
1138 3868 1215 3929 ad
1264 3867 1560 3930 hilariora
1606 3866 1953 3943 veniamuS,
2000 3868 2073 3927 ut
2116 3862 2300 3926 dulce
2361 3883 2772 3942 amarumque

523 3973 652 4014 una
695 3952 1050 4016 misceatur.
1145 3952 1282 4015 Vidi
1325 3951 1639 4015 Marulum
1684 3949 1915 4015 tuum.⁵
2009 3948 2293 4031 Carptim
2337 3947 2487 4028 legi.
2565 3947 2766 4011 Totus

658 4099 690 4136 a,
713 4087 910 4155 accipio
946 4105 1038 4140 am
1072 4086 1259 4142 Raude
1295 4091 1422 4139 stati
1455 4087 1542 4138 des
1577 4084 2038 4138 durokstriehmwn
2068 4075 2311 4150 percipio,
2430 4085 2459 4123 b
2494 4081 2772 4134 Oorrektur

519 4171 623 4206 aus
658 4157 787 4278 ¹guIctll
810 4227 930 4278 dem
965 4224 1476 4302 Erbschaftshandel:
1550 4223 1635 4276 ΒΓ.
1662 4223 1776 4276 231.
1920 4223 1940 4254 ²
1975 4195 2295 4288 Auspiclend
2320 4219 2411 4272 auf
2432 4220 2532 4272 den
2562 4219 2768 4271 Namen

521 4291 651 4344 Mut.
804 4296 824 4326 ⁸
856 4294 1049 4346 Martin
1101 4293 1292 4359 Sohilo,
1347 4293 1578 4345 Mutians
1632 4292 1866 4344 Erfurter
1913 4290 2244 4343 Prokurator.
2336 4288 2386 4341 S.
2446 4290 2541 4341 133
2599 4289 2667 4340 A.
2724 4291 2766 4339 1.

521 4351 666 4412 Uber
700 4361 798 4413 den
835 4363 1087 4415 Hausbau
1122 4363 1172 4414 S.
1213 4363 1310 4414 277
1348 4364 1411 4416 A.
1450 4363 1496 4414 3.
1646 4362 1667 4392 ⁴
1706 4360 1817 4428 vgl.
1858 4360 1941 4414 ΒΓ.
1981 4359 2097 4413 225.
2239 4359 2259 4391 ⁵
2289 4358 2499 4410 Urbans
2546 4357 2770 4410 Schrift:

523 4429 590 4480 M.
641 4429 826 4482 Mai-uli
876 4447 1086 4483 carmen
1131 4433 1194 4482 dc
1244 4431 1476 4483 doctrina
1521 4429 1717 4482 domini
1766 4429 1925 4481 nostri
1978 4428 2109 4480 Jesu
2152 4425 2346 4479 Chiisti
2392 4426 2668 4494 pendentis
2716 4427 2769 4476 iu
