3084 4895
513 388 644 453 286
1343 386 1516 441 Briefe
1550 385 1645 439 des
1677 380 1729 441 J.
1770 386 1915 441 1513.

519 560 732 626 Morus
791 558 1070 622 Duronio
1133 557 1452 641 probatur,
1519 558 1725 621 bestia
1788 560 2303 641 arrogantissima
2364 557 2745 627 stultissimo

519 644 987 727 hierophantae.
1077 642 1212 718 Quo
1257 642 1599 725 suffragio?
1686 642 1999 707 Lotiano.¹
2089 644 2311 709 Lotius
2355 646 2519 709 enim
2550 648 2743 710 talem

521 754 657 795 esse
685 742 714 770 ⁸
757 729 1078 811 praedicat
1107 729 1369 804 Morum,
1395 736 1469 791 ut
1496 750 1613 791 nos
1644 728 1971 809 deprimat,
2004 734 2077 793 ut
2106 731 2429 795 inimicum
2455 738 2744 795 nostrum

521 815 947 897 magnifaciat.
1039 812 1105 877 Si
1175 814 1438 877 credunt
1505 814 1874 877 coenobitae
1949 816 2147 897 magis
2218 817 2489 880 indoctis
2552 839 2745 898 quam

525 903 728 979 nobie,
775 901 979 964 dicam
1025 898 1178 962 illud
1226 897 1432 962 Pauli:
1486 898 1738 979 „Laudo
1784 920 1914 978 vos,
1948 902 2055 964 sed
2088 902 2155 963 in
2186 901 2305 964 hoc
2334 924 2459 967 non
2487 902 2740 967 laud0.“

521 987 726 1068 Cogor
789 986 1018 1068 raptim
1082 983 1369 1061 scribere,
1440 987 1589 1065 quia
1651 990 1947 1067 properat
2009 986 2286 1049 Judaeus
2352 986 2745 1053 Herebordi.²

519 1073 654 1153 Ego
714 1071 1045 1135 consilium
1091 1070 1234 1133 dedi
1279 1068 1627 1150 Spalatino,
1674 1075 1747 1133 ut
1792 1072 1945 1134 nihil
2001 1073 2347 1149 innovaret,
2418 1074 2573 1137 nihil
2628 1076 2747 1137 im-

517 1163 809 1233 mutaret,
866 1157 1089 1219 melius
1145 1176 1282 1217 esse
1341 1160 1517 1218 ratus
1578 1158 1895 1235 quiescere
1954 1177 2138 1237 quam
2207 1158 2326 1221 tibi
2372 1164 2435 1221 et
2482 1160 2631 1223 mihi
2678 1166 2745 1223 et

523 1245 643 1309 sibi
709 1245 1006 1307 damnum
1071 1240 1314 1303 inferre.
1406 1239 1531 1304 Cur
1592 1241 1746 1304 mihi
1802 1243 2109 1306 maculam
2158 1243 2219 1307 in
2266 1243 2549 1307 Vallibus
2614 1266 2740 1309 non

526 1326 859 1394 detexit‘?⁸
947 1326 1120 1390 Satis
1179 1326 1373 1389 habet
1431 1325 1683 1389 nothus
1776 1327 1927 1403 Quis
1970 1350 2045 1391 ex
2094 1330 2304 1409 spurio
2362 1329 2557 1393 faciat
2608 1332 2742 1413 epi·

521 1413 827 1497 scopum?
914 1413 1091 1489 Hem,
1158 1416 1230 1475 tu
1295 1432 1468 1474 amas
1527 1433 1689 1489 eum,
1736 1418 1799 1475 et
1842 1434 1976 1494 ege,
2036 1415 2127 1477 ita
2184 1436 2285 1477 me
2336 1415 2490 1478 deus
2552 1422 2743 1495 amet,

524 1514 684 1565 amo‘.
776 1498 898 1563 Sed
964 1497 1289 1561 hactenus.
1381 1496 1545 1561 Cura
1610 1498 1973 1579 singulatim
2043 1521 2133 1576 ea,
2200 1520 2360 1580 quae
2426 1502 2741 1579 mandavi,

521 1593 596 1650 ut
637 1586 800 1649 fidus
846 1589 909 1647 et
953 1584 1244 1665 prudens
1337 1583 1468 1664 Ego
1503 1582 1800 1661 DuroniO,
1833 1583 1883 1646 si
1916 1583 2037 1647 huc
2068 1586 2327 1662 venerit,
2376 1588 2739 1668 amphoram

519 1673 646 1736 imo
689 1676 817 1735 tres
864 1670 993 1731 vini
1040 1668 1203 1732 dabo
1251 1674 1314 1731 et
1357 1668 1569 1731 bibam
1617 1670 1742 1732 imo
1787 1690 2054 1748 vomam,
2101 1674 2173 1733 ut
2216 1692 2331 1733 nos
2375 1678 2560 1749 amet,
2612 1694 2741 1737 non

519 1758 770 1838 releget,
832 1754 1016 1819 nobis
1075 1755 1127 1817 si
1186 1776 1311 1817 non
1371 1754 1514 1836 plus
1570 1776 1758 1836 quam
1823 1756 2014 1817 Moris
2078 1755 2296 1819 saltem
2366 1760 2739 1822 tantundem

523 1844 752 1907 credat.
843 1841 1234 1921 Quamquam
1281 1841 1522 1922 placere
1568 1840 1803 1903 talibus
1851 1862 2171 1922 nunquam
2204 1842 2503 1921 laboravi,
2539 1845 2743 1907 doctis

515 1930 704 2007 volui,
751 1928 954 2009 qualis
996 1931 1067 1989 tu
1114 1931 1178 1987 et
1223 1923 1700 1989 Hartmannus.⁸

819 2028 939 2080 Ood.
976 2026 1107 2080 Frcf.
1145 2025 1260 2079 232.

515 2163 742 2232 (Gotha.)
1552 2146 1692 2211 231.
2362 2166 2499 2234 (Ans.
2540 2166 2673 2220 1513
2692 2166 2741 2237 ?)

1245 2254 1533 2324 Mutian
1576 2277 1673 2325 an
1716 2255 1992 2326 Ul‘ban.

515 2368 814 2436 (Spalatms
849 2367 1064 2435 Diplom
1097 2369 1168 2419 ist
1203 2366 1266 2418 in
1299 2366 1437 2419 Rom
1471 2366 1818 2436 ausqefertiqt,
1854 2385 1912 2427 er
1945 2373 2211 2421 veredumt
2244 2369 2365 2421 aber
2402 2370 2568 2437 daswr
2592 2372 2661 2423 15
2684 2372 2740 2438 fl.

512 2455 586 2490 mc
619 2436 867 2500 echichen,
904 2436 975 2489 da
1005 2435 1120 2488 sein
1154 2436 1428 2489 theriehter
1460 2436 1668 2490 Bruder
1700 2438 1801 2491 alle
1836 2437 1976 2490 seina
2027 2438 2364 2491 Dinnalmaen
2410 2438 2739 2508 verschlinyt.

513 2507 614 2558 Die
646 2505 938 2558 hessi-echert
984 2504 1307 2557 Vormic'nder
1338 2522 1438 2558 von
1475 2505 1715 2560 Muciam
1749 2506 1935 2560 Niohte
1966 2506 2126 2573 fiiyen
2145 2507 2259 2559 ihm
2276 2525 2480 2574 qrosses
2512 2508 2743 2561 Unreeht

511 2592 598 2638 σαι,
635 2575 800 2627 haben
831 2575 915 2626 die
947 2573 1131 2626 achone
1164 2573 1352 2625 Niehte
1385 2575 1475 2626 der
1507 2575 1702 2627 Μαίων
1734 2574 1977 2642 ωιτΐὶἰὴνί,
2015 2593 2110 2627 um
2142 2575 2221 2628 sie
2251 2577 2352 2628 mit
2386 2577 2555 2628 ciuem
2611 2577 2737 2629 Ver-

1253 2643 1492 2694 wandten
1523 2659 1598 2696 zu
1631 2644 1985 2710 verheviraten.)

677 2756 1072 2808 sanctissimo
1106 2769 1305 2816 papae
1340 2757 1592 2807 Urbano
1629 2758 1981 2808 monasticis
2014 2757 2645 2808 administrationibus

1311 2825 1622 2884 praefecto
1664 2827 1747 2878 M.
1784 2825 1999 2878 Rufus

719 2917 1000 2982 Virorum
1076 2919 1330 3001 optime,
1404 2918 1617 2982 salvus
1690 2921 1793 2982 siS.
1908 2920 2143 2982 Romae
2215 2918 2532 3000 signatum
2599 2940 2739 2982 esse

519 3003 834 3086 Spalatini
901 3004 1202 3086 diploma⁶
1263 3004 1357 3067 vel
1420 3005 1561 3068 ideo
1606 3007 1878 3068 maxime
1948 3005 2210 3086 gaudeo,
2280 3004 2445 3084 quod
2516 3026 2739 3068 secura

515 3094 726 3154 mente
791 3089 1040 3168 habere,
1098 3090 1397 3171 quicquid
1457 3090 1771 3172 principes
1831 3092 1965 3171 (qui
2010 3111 2175 3153 nunc
2242 3088 2487 3152 Gothae
2555 3095 2736 3168 sunt)

520 3175 824 3254 dederint,
870 3178 1087 3256 possit.
1179 3175 1357 3251 Quod
1401 3179 1611 3238 autem
1660 3197 1783 3241 non
1832 3177 2071 3238 miserit
2113 3175 2219 3238 XV
2265 3195 2487 3238 aureos
2536 3176 2739 3255 quod-

515 3283 636 3342 que
693 3262 808 3324 viri
870 3262 1080 3343 magni
1147 3258 1303 3324 duo⁸
1370 3261 1674 3324 subirasci
1742 3262 2122 3343 proptereab
2188 3261 2531 3335 videantur,
2602 3268 2735 3324 tam

513 3346 668 3412 mihi
716 3347 1043 3411 molestum
1091 3369 1276 3428 quam
1325 3346 1462 3410 tibi.
1556 3345 1919 3410 Communis
1966 3368 2139 3409 amor
2182 3345 2336 3410 facit
2380 3347 2567 3408 etiarn
2611 3347 2733 3409 sibi

518 3434 786 3496 dedecus
832 3455 1176 3496 commune.
1265 3431 1480 3495 Bonus
1512 3432 1697 3496 homo
1744 3455 1869 3496 rem
1916 3433 2235 3513 dilapidat,
2272 3432 2553 3512 dissipat,
2588 3453 2734 3513 pro-

519 3519 699 3601 digit.
791 3518 859 3582 Si
907 3518 1057 3599 quid
1106 3519 1168 3581 in
1216 3540 1360 3581 arca
1403 3524 1595 3598 tenet,
1642 3519 1703 3580 id
1736 3517 1952 3582 frater⁷
1999 3518 2194 3581 stulto
2226 3519 2480 3581 stultior
2510 3521 2734 3581 aufert.

650 3667 677 3695 a
704 3669 818 3722 csse
853 3669 945 3705 am
977 3653 1176 3706 Raude.
1315 3657 1343 3695 b
1370 3657 1639 3722 propterea
1670 3653 1795 3720 fehlt
1828 3653 1909 3706 bei
1945 3653 2089 3708 Tem.

651 3723 668 3754 ¹
703 3713 848 3775 Uber
904 3723 1084 3776 Lotius
1120 3721 1170 3775 S.
1209 3721 1276 3775 98
1310 3723 1372 3776 A.
1409 3723 1455 3775 3.
1575 3723 1594 3754 ²
1628 3721 1677 3774 S.
1716 3721 1816 3776 276
1850 3724 1911 3774 Α.
1951 3723 1997 3775 3.
2119 3722 2139 3753 ³
2171 3719 2375 3773 Mutian
2429 3720 2538 3788 irrt,
2596 3721 2732 3772 deun

518 3789 678 3842 sehon
712 3791 766 3842 iu
801 3790 1006 3844 Briefen
1041 3807 1136 3844 aus
1172 3791 1263 3843 der
1313 3790 1716 3860 Georgenthaleij
1760 3790 1870 3842 Zeit
1912 3789 2065 3842 Weiss
2102 3806 2157 3842 er
2190 3805 2290 3842 von
2334 3788 2591 3856 Spalatins
2637 3806 2731 3840 un-

517 3859 782 3911 ehelicher
836 3860 1044 3913 Geburt.
1114 3859 1229 3927 Vgl.
1269 3858 1317 3912 S.
1356 3861 1420 3913 65
1457 3861 1518 3912 A.
1556 3861 1603 3914 4.
1672 3859 1816 3912 Uber
1868 3859 1949 3911 die
2000 3857 2166 3910 Sache
2213 3858 2315 3925 Vgl.
2364 3873 2470 3910 vor.
2510 3857 2594 3911 Br.

520 3928 542 3959 ⁴
575 3926 861 3980 Hartmann
896 3946 945 3982 v.
984 3929 1288 3996 Kirchberg,
1325 3943 1364 3980 S.
1407 3929 1533 3982 1507
1580 3927 1855 3995 Coadjutor
1893 3927 1983 3979 des
2019 3928 2179 3979 Abies
2229 3927 2491 3978 Johannes
2526 3926 2595 3979 11.
2632 3943 2732 3980 von

515 3993 694 4064 Fulda,
731 3997 828 4048 seit
863 3997 966 4050 Mai
1006 3999 1136 4049 1513
1174 3998 1358 4050 dessen
1393 3995 1717 4064 Nachfolger.
1754 3995 1804 4048 S.
1842 3997 1873 4048 9
1909 3999 1969 4048 A.
2010 3999 2054 4047 1.
2194 3998 2215 4027 ⁶
2250 3995 2361 4063 Vgl.
2394 3994 2442 4048 S.
2476 3996 2575 4047 272
2597 3999 2656 4048 A.
2684 3997 2731 4048 6.

515 4063 662 4116 Trotz
699 4066 790 4117 der
823 4065 1099 4134 Siegelung
1135 4067 1224 4118 des
1261 4065 1498 4132 Diploms
1532 4068 1827 4132 verzogerte
1863 4065 1975 4117 sich
2012 4063 2093 4116 die
2130 4064 2509 4131 Ausfcrtigung.
2590 4063 2731 4115 viel-

520 4132 681 4184 lcicht
726 4135 908 4201 gehort
943 4136 1034 4186 der
1065 4135 1150 4187 ΒΓ.
1189 4135 1243 4186 in
1277 4137 1438 4187 etwas
1473 4137 1671 4201 spiitere
1723 4134 1849 4186 Zeit.
1922 4134 2035 4185 Von
2073 4134 2163 4184 der
2197 4132 2585 4200 gleichzeitigen
2626 4135 2731 4183 An-

511 4202 796 4253 wesenheit
831 4203 922 4254 der
955 4204 1121 4255 siichs.
1160 4203 1377 4254 Fiirsten
1414 4204 1542 4255 1513
1578 4204 1700 4254 oder
1738 4202 1868 4254 1514
1905 4202 1974 4253 ist
2010 4200 2181 4252 nichts
2221 4201 2451 4253 bekannt.
2527 4201 2731 4252 Johann

511 4285 623 4322 war
655 4271 726 4321 im
751 4271 1020 4323 Jan.1513
1055 4272 1160 4323 und
1196 4287 1288 4324 um
1307 4271 1572 4338 Pfingsten
1607 4271 1751 4336 1514,
1787 4270 2051 4322 Friedrich
2086 4270 2159 4320 im
2184 4269 2305 4322 Juni
2339 4269 2467 4320 1513
2490 4269 2545 4320 in
2565 4269 2735 4322 Gotha

508 4339 784 4460 {ngmain
823 4339 1212 4408 Staatsarchiv).
1300 4341 1322 4370 θ
1357 4339 1681 4406 S'ommen'ng
1715 4340 1821 4391 und
1856 4338 2093 4390 Nithard.
2131 4338 2245 4406 Vgl.
2268 4337 2351 4391 ΒΓ.
2374 4337 2486 4391 229.
2562 4339 2581 4370 ⁷
2614 4337 2732 4405 Vgl.

533 4411 561 4460 ¹.
632 4409 696 4460 55
730 4410 791 4461 A.
832 4410 876 4459 1.
