3084 4895
1204 443 1412 495 Mutian
1450 459 1515 494 an
1559 439 1758 498 Urban.
2567 443 2608 506 9

374 622 589 680 nostro
635 619 931 698 gaudeaS,
976 618 1247 700 accipies
1292 617 1650 680 collationis
1693 638 1799 678 seu
1835 616 1981 679 doni
2017 615 2152 680 loco
2187 616 2415 695 quinas
2448 615 2606 678 ami-

371 725 580 766 corum
630 703 863 768 literas,
952 704 1153 767 Parvo
1200 706 1286 768 sis
1331 704 1521 766 amici
1554 725 1807 765 munere
1849 707 2202 766 contentus,
2285 701 2451 764 Nam
2489 702 2609 764 hoc

372 795 649 870 tempore
696 790 863 872 quod
909 791 1029 854 tibi
1074 813 1183 874 pro
1231 787 1584 852 eruditione
1629 795 1740 852 tua
1795 789 2136 870 jucundius
2189 809 2324 850 esse
2382 789 2606 868 possit,

375 897 499 938 non
549 877 772 941 habeo,
865 877 1154 940 Invenies
1209 877 1374 939 lectu
1431 876 1626 956 digna
1671 876 1922 956 tuisque
1969 875 2219 956 scriptis
2266 875 2601 939 simillima.

371 961 626 1025 Videbis
670 964 881 1039 etiam,
934 985 1121 1044 quam
1169 963 1254 1026 sit
1300 961 1611 1043 Spalatini
1662 984 1884 1024 manus
1932 961 2144 1042 polita,
2193 982 2378 1043 quam
2416 962 2604 1024 cast-i-

368 1054 556 1129 gatus
616 1049 819 1113 stilus
931 1048 1187 1113 Utinam
1236 1049 1402 1111 abba
1447 1061 1620 1124 tune,
1671 1049 1792 1110 imo
1840 1047 2132 1110 dominus
2180 1051 2393 1109 noster
2441 1048 2606 1110 hunc

366 1157 545 1197 suum
612 1133 843 1199 faceret
904 1136 998 1199 vel
1046 1136 1464 1217 praeceptoris
1511 1133 1785 1197 officium
1836 1133 1930 1196 vel
1979 1133 2335 1198 cancellarii
2382 1155 2603 1196 conce-

366 1221 590 1283 dendo.
686 1220 1287 1286 Continentissimus
1322 1221 1508 1284 homo
1542 1225 1657 1294 est,
1693 1220 1986 1283 facundia
2019 1223 2148 1282 tam
2184 1219 2384 1282 latina
2414 1240 2600 1299 quam

367 1306 701 1370 vernacula
756 1307 845 1370 ita
905 1310 1301 1390 conspicuus,
1364 1311 1435 1370 ut
1488 1308 1654 1369 inter
1697 1306 1990 1387 aequales
2036 1307 2323 1370 excellat.
2416 1305 2601 1369 Prae-

366 1398 537 1458 terea
584 1413 833 1457 cernere
877 1394 1115 1471 licebit,
1162 1398 1440 1475 quantus
1485 1394 1571 1456 sit
1616 1414 1789 1456 amor
1835 1415 1983 1473 erga
2043 1415 2140 1456 me
2207 1392 2603 1456 disertissimi

364 1479 618 1542 comitis
648 1480 1026 1546 Hartmanni
1068 1479 1465 1560 Kirchburgii
1489 1481 1528 1554 ¹,
1574 1481 1721 1542 item
1758 1499 1946 1559 quam
1979 1480 2063 1544 sit
2100 1478 2366 1561 lepiduS‚
2414 1501 2602 1561 quam

363 1565 673 1629 candidus
719 1565 992 1630 Thomas
1021 1566 1369 1649 Vuolphius
1391 1565 1434 1640 ²,
1480 1566 1576 1628 vir
1607 1566 1907 1640 omnium,
1942 1586 2100 1647 quos
2133 1587 2248 1646 ego
2281 1565 2603 1628 Bononiae

361 1653 427 1717 in
474 1653 817 1716 amicitiam
850 1665 877 1692 ὃ
909 1655 1132 1735 recepi,
1165 1654 1570 1718 clarissimus,
1642 1651 1802 1726 Quin
1840 1651 1941 1714 ille
1976 1652 2404 1714 nobilissimus
2435 1651 2604 1714 Thu-

363 1737 539 1801 rius³
587 1761 703 1802 sua
751 1743 815 1802 te
862 1739 1201 1803 delectabit
1254 1739 1566 1821 elegantia
1598 1749 1644 1812 ⁸,
1693 1739 1791 1800 cui
1837 1737 2105 1801 Materni
2151 1736 2603 1802 pistoriensis⁴

362 1825 693 1907 epistolam
742 1825 1101 1888 sodalitatis
1150 1827 1401 1889 nomine
1448 1824 1753 1908 copulavi.
1841 1823 1980 1887 Non
2016 1829 2112 1886 est
2143 1825 2296 1887 haec
2330 1825 2604 1888 insolens

364 1913 729 1975 ostentatio.
831 1913 1039 1988 Quid?
1130 1934 1335 1975 nonne
1398 1913 1481 1994 pii
1548 1910 1902 1974 sacerdotes
1949 1917 2307 1974 sanctorum
2357 1916 2605 1974 statuas

362 2002 474 2062 aut
520 2020 665 2061 ossa
708 1998 888 2061 festis
933 1999 1163 2064 ritibus
1206 2000 1271 2062 in
1320 2020 1546 2082 pompa
1594 1996 1898 2077 bajulant,
1966 2001 2036 2060 ut
2082 1997 2603 2082 conspiciantur?

364 2083 470 2148 Sic
528 2085 683 2148 mihi
743 2085 929 2148 libuit
993 2087 1497 2150 doctissimorum
1566 2084 1865 2166 reliquias
1932 2085 2108 2162 (sunt
2155 2085 2318 2147 enim
2369 2085 2599 2167 scripta

364 2172 727 2234 verissimae
788 2173 1299 2252 certissimaeque
1346 2171 1672 2252 reliquiae)
1740 2169 1861 2232 tibi
1929 2175 2245 2234 ostentare
2311 2175 2374 2234 et
2419 2194 2603 2235 oscu-

362 2257 551 2321 landa
611 2258 1042 2340 servandaque
1103 2258 1487 2322 contradere.
1609 2257 1774 2320 Bene
1835 2257 2068 2338 diuque
2128 2257 2356 2334 valeas,
2426 2262 2603 2341 pater

363 2343 831 2408 humanissime.

567 2429 930 2495 Aedificabo
977 2431 1368 2511 horreolum3
1425 2430 1598 2513 ligna
1643 2429 1889 2494 venalia
1935 2431 2184 2496 desunt.
2287 2431 2355 2497 Si
2415 2431 2602 2495 adve-

362 2516 619 2595 huntur,
687 2518 883 2601 pluris
938 2540 1127 2599 quam
1187 2541 1298 2600 par
1356 2518 1442 2583 sit
1484 2521 1778 2580 veneunt.
1864 2518 2087 2600 Itaque
2130 2538 2303 2599 rog0,
2370 2524 2444 2582 ut
2487 2520 2605 2581 im-

366 2606 597 2685 peresb
654 2605 915 2668 silvanis
960 2606 1109 2676 tuis,
1171 2612 1241 2668 ut
1298 2606 1454 2668 duas
1502 2608 1788 2666 vecturas
1833 2608 2188 2688 apportent.
2279 2604 2602 2669 Summam

368 2691 667 2755 mercedis
715 2697 784 2755 tu
832 2691 955 2754 illis
1002 2692 1370 2773 praescribe,
1440 2696 1528 2766 ut,
1591 2712 1728 2753 cum
1781 2693 2082 2765 venerint,
2131 2693 2354 2770 sciant,
2403 2715 2604 2775 quan-

305 2850 309 2854 ,
364 2782 497 2840 tum
554 2800 590 2839 a
644 2800 741 2841 me
808 2778 935 2840 sint
1003 2779 1337 2859 accepturi.
1448 2778 1608 2840 Nam
1672 2782 1784 2839 tua
1837 2778 2172 2842 conventio
2229 2801 2364 2842 mea
2418 2779 2605 2842 satis-

370 2862 645 2927 factione
704 2864 1139 2927 ratificabitur.
1252 2864 1487 2928 Trabes
1557 2868 1741 2926 erunt
1807 2866 2064 2928 minoris
2132 2870 2338 2940 notae,
2398 2866 2488 2928 ita
2535 2870 2606 2927 ut-

364 2950 704 3015 multitudo
774 2950 967 3013 faciat
1033 2974 1209 3026 onuS‚
1290 2973 1412 3015 non
1484 2952 1784 3032 paucitas.
1894 2952 2126 3015 Iterum
2183 2952 2320 3014 vale
2376 2957 2438 3015 et
2500 2974 2606 3015 eos

364 3059 572 3099 amare
634 3059 837 3119 perge,
902 3038 1011 3118 qui
1070 3060 1195 3100 rem
1257 3039 1515 3102 latinam
1581 3059 1654 3098 ex
1722 3038 1919 3101 multa
1963 3043 2026 3101 et
2074 3038 2298 3101 idonea
2341 3038 2608 3102 lectione

367 3124 734 3186 restituunt.
824 3124 983 3186 Nam
1043 3124 1195 3187 haec
1223 3137 1247 3163 ⁰
1292 3126 1457 3207 apud
1506 3122 1806 3185 barbaros
1848 3125 2167 3206 sophistas
2208 3124 2606 3204 naufragium

364 3215 427 3272 et
474 3209 709 3272 cladem
759 3210 934 3285 adiit,
973 3233 1137 3273 nunc
1186 3216 1393 3275 autem
1445 3210 1742 3292 disjectas
1789 3212 1948 3274 vires
1982 3212 2259 3291 undique
2287 3212 2316 3250 ἅ
2349 3211 2608 3291 colligit,

370 3296 432 3357 id
481 3296 646 3375 quod
693 3297 810 3360 tibi
858 3297 1284 3376 gratissimum
1322 3320 1454 3360 esse
1502 3296 1650 3360 stilo
1699 3298 2087 3380 comprobas
2180 3297 2608 3377 Hactenus-de

499 3462 527 3489 ¹²
557 3449 607 3503 ci
643 3454 706 3501 st.
744 3451 799 3501 ti.
886 3454 914 3491 b
941 3449 1181 3517 impares,
1268 3466 1291 3492 ο
1320 3451 1407 3504 hic
1448 3452 1594 3504 Tenx.
1667 3456 1696 3494 d
1723 3452 1916 3521 ubique
1956 3452 2101 3503 Tenx.
2173 3451 2280 3503 Der
2322 3450 2485 3503 Codex
2517 3448 2608 3500 hac

365 3532 459 3568 am
492 3516 678 3570 Raude
710 3519 795 3571 die
838 3519 1113 3572 Correctur
1146 3520 1390 3588 undique.

506 3589 520 3617 ¹
560 3586 863 3650 Hartmann,
902 3587 1159 3655 Burggraf
1178 3605 1279 3641 von
1320 3589 1620 3657 Kirchberg,
1657 3590 1802 3641 hatte
1840 3590 1894 3641 in
1919 3590 2096 3642 Erfurt
2125 3589 2347 3642 studiert
2379 3604 2418 3641 s.
2463 3586 2610 3651 1482,

364 3654 605 3708 zweimal
640 3656 1060 3709 hintereinander
1105 3657 1197 3709 das
1249 3657 1497 3711 Rektorat
1538 3658 1785 3725 begleitet
1834 3658 1967 3711 1484
2014 3659 2120 3710 und
2175 3674 2284 3711 war
2317 3656 2452 3710 wohl
2490 3656 2611 3709 bald

364 3723 597 3776 nachher
631 3725 728 3776 mit
762 3724 961 3777 Mutian
1002 3725 1226 3778 bekannt
1261 3727 1548 3793 geworden.
1622 3728 1802 3794 Spater
1850 3729 1952 3779 trat
1987 3744 2057 3792 er,
2113 3728 2370 3779 nachdem
2406 3742 2464 3778 91·
2497 3725 2612 3777 eine

366 3791 480 3867 Zeit
516 3792 639 3860 lang
674 3796 921 3847 Assessor
956 3796 1047 3846 des
1086 3795 1393 3861 geistlichen
1431 3795 1671 3848 Gerichts
1705 3796 1759 3847 in
1797 3795 1976 3863 Speier
2011 3812 2250 3863 geweseu
2276 3812 2399 3859 war,
2436 3795 2612 3867 inden

363 3860 550 3913 Dienst
585 3863 677 3914 des
713 3863 875 3915 Abtes
911 3880 1013 3915 von
1051 3863 1230 3927 Fulda,
1266 3865 1531 3917 ,Iohannes
1565 3882 1666 3916 von
1706 3864 2030 3932 Hennebcrg,
2084 3866 2184 3917 seit
2232 3865 2361 3918 1507
2400 3864 2476 3916 als
2513 3864 2610 3916 Co-

360 3929 579 3996 adjutor.
602 3931 708 3982 und
724 3933 900 3984 wurde
914 3934 1045 3985 1513
1059 3933 1242 3985 dessen
1260 3933 1587 4000 Nachi'olger.
1620 3934 1856 3986 Entsetzt
1873 3934 2019 3999 1516,
2035 3935 2074 4001 †
2087 3934 2232 3986 1529.
2257 3933 2292 3987 S
2303 3950 2332 3985 c
2343 3934 2380 3987 h
2393 3948 2424 3985 a
2435 3950 2470 3983 11
2482 3949 2515 3983 11
2527 3949 2559 3985 a
2574 3936 2610 3998 t,

361 3997 555 4051 Histor.
610 3999 760 4052 Fuld.
816 4001 947 4053 Frcf.
1012 4001 1159 4064 1729,
1198 4020 1247 4069 p.
1298 4002 1584 4055 248—252.
1761 4005 1779 4034 ²
1815 4002 2179 4069 Strassburger
2225 4002 2610 4067 Rechtslehrer,

362 4067 501 4119 auch
538 4066 1027 4128 Psalmenerklarer,
1068 4070 1372 4123 befreundet
1409 4072 1505 4124 mit
1541 4071 1660 4123 dem
1697 4071 2084 4124 Mutianischen
2106 4072 2306 4124 Kreise.
2377 4071 2416 4135 †
2462 4071 2609 4124 1509.

362 4134 483 4213 Sei-n
539 4135 909 4191 Briefwechsel
967 4140 1065 4191 mit
1106 4139 1308 4192 Mutiau
1353 4140 1475 4193 Dez.
1531 4140 1663 4193 1504
1698 4141 1788 4192 Nr.
1827 4140 1928 4193 558
1964 4141 2017 4206 f.,
2055 4142 2186 4207 Aug.
2229 4140 2362 4194 1508
2396 4139 2488 4192 Nr.
2528 4140 2611 4205 93,

360 4203 407 4255 E
442 4205 678 4271 ltaphien
715 4208 806 4260 auf
837 4208 927 4259 ihn
964 4208 1053 4260 Nr.
1100 4209 1211 4262 130.
1285 4209 1385 4262 Cb.
1425 4208 1731 4274 Schmidt,
1783 4209 1903 4261 hist.
1943 4209 2076 4263 liter.
2116 4211 2180 4261 de
2217 4209 2455 4262 l’Alsace.
2493 4208 2609 4260 Par.

366 4220 514 4326 1379.
548 4272 619 4339 11,
656 4274 872 4330 58-86.
912 4278 1026 4329 397.
1098 4276 1177 4329 Ob
1216 4279 1307 4329 der
1344 4278 1606 4329 erwiihnte
1641 4277 1726 4329 ΒΓ.
1765 4278 1856 4329 Nr.
1895 4278 1994 4331 558
2031 4278 2114 4344 ist,
2151 4280 2284 4331 lasst
2318 4278 2433 4331 sich
2468 4277 2616 4330 nicht

360 4356 541 4462 ἔατεῗίἱ,
576 4345 669 4463 tda
702 4346 777 4475 113
812 4346 929 4414 folg.
967 4345 1259 4468 Bar'sn⁰3⁰hA
1275 4347 1403 4466 levei
1440 4347 1647 4467 andffie.
1697 4346 1845 4466 pliqltit
1896 4346 2163 4470 effiffine
2201 4347 2389 4469 IiI3riet'e
2417 4345 2613 4467 ⁸{Valfs

542 4429 573 4463 n
635 4430 743 4467 wer
778 4430 859 4468 911.
1096 4458 1106 4469 .
1263 4456 1273 4467 .
1349 4458 1358 4469 .
1609 4430 1693 4467 am
1735 4432 1768 4467 a
1810 4432 1866 4467 er
2089 4432 2148 4472 er
2255 4432 2459 4470 umams
2555 4430 2612 4469 91·

358 4478 557 4536 ἥ1ῑ91911
594 4481 799 4540 Schule.
878 4484 1381 4552 Kampschulte,
1421 4485 1519 4537 L'n.
1559 4485 1662 4538 Erf.
1699 4485 1739 4551 I,
1777 4486 1843 4538 49
1877 4486 1931 4539 ff.
