3084 4895
378 434 508 498 584
553 406 558 417 Ι
1219 429 1390 483 Briefe
1427 430 1519 484 des
1558 430 1605 484 J.
1657 432 1807 488 1515.

385 603 534 668 ticis
587 603 805 667 desum
858 602 1273 667 muneribus?
1347 603 1531 667 Certe
1564 624 1690 667 non
1726 602 1965 667 desum.
2047 600 2359 666 Mentitur
2406 602 2681 666 nebulo.

383 690 615 753 Rarius
685 688 837 752 foris
906 710 1082 767 ceno,
1151 690 1301 769 quia
1369 688 1861 772 Tranquillitate
1937 692 2277 752 contentus
2344 708 2683 768 nusquam

380 775 644 839 liberius
705 776 850 838 vivo
916 796 1105 855 quam
1171 775 1358 838 domi.
1455 774 1657 838 Nemo
1721 778 1936 837 tamen
2000 774 2177 850 vivit,
2225 774 2325 837 cui
2373 795 2503 838 non
2550 773 2687 836 ob-

383 861 632 924 tulerim
709 862 1029 942 egregium
1102 860 1336 923 donum
1412 864 1677 924 vocatus
1744 859 2108 925 solenniter.
2200 860 2390 941 Lege,
2462 863 2680 941 pater,

383 947 520 1029 lege
567 946 682 1009 has
727 945 992 1009 fratrum
1040 946 1278 1023 literae,
1348 946 1583 1028 quibus
1639 946 1799 1010 duos
1858 966 2083 1010 aureos
2137 945 2408 1009 mittam.
2502 944 2677 1007 Item

383 1032 671 1114 proximo
721 1031 820 1094 die
865 1031 1084 1095 Lunae
1143 1052 1444 1113 germano
1493 1032 1749 1095 Henrici
1793 1030 2063 1094 Rhanis¹
2112 1034 2437 1095 vetustum
2494 1030 2677 1093 dabo

383 1118 710 1193 florenum,
757 1138 944 1198 quem
985 1118 1238 1180 ostendi
1267 1120 1380 1179 tuo
1413 1116 1881 1183 contubernali.
1958 1116 2075 1179 Die
2109 1116 2275 1180 Solis
2320 1116 2677 1197 praeterita

388 1223 555 1265 novo
603 1202 919 1265 sacerdoti
962 1224 1196 1265 munus
1241 1203 1571 1283 copiosum
1607 1202 1913 1285 praestiti.
2010 1200 2119 1265 Sic
2150 1223 2395 1284 semper
2427 1202 2678 1283 largior

391 1293 456 1351 et
498 1286 912 1350 nihilominus
945 1286 1111 1350 fat-ui
1144 1288 1323 1351 fatua
1355 1289 1725 1369 loquuntur,
1759 1292 1832 1351 ut
1862 1288 2075 1368 inquit
2119 1288 2361 1357 Esaias.
2438 1286 2675 1352 Testor

392 1374 543 1436 deos
571 1378 634 1435 et
658 1373 946 1436 homines
986 1373 1145 1440 mihi
1179 1395 1303 1436 non
1342 1374 1589 1455 placere
1620 1372 1832 1437 Moros
1860 1377 1922 1437 et
1945 1374 2301 1454 gregariam
2333 1370 2671 1456 pennam.²

390 1458 442 1521 O
489 1458 652 1521 Mori
701 1458 928 1536 insulsi
974 1463 1041 1521 et
1085 1458 1408 1523 difficiles!
1468 1481 1505 1522 o
1552 1481 1780 1541 penna,
1837 1460 2075 1540 penna!
2170 1460 2380 1523 Audes
2426 1462 2498 1522 tu
2547 1458 2675 1523 Ur-

388 1544 628 1607 banum
699 1544 1154 1607 contemnere?
1255 1543 1392 1621 Dic,
1441 1545 1680 1626 quare?
1784 1543 2048 1609 Statura
2115 1544 2291 1608 brevi
2359 1549 2476 1607 est.
2582 1542 2672 1608 At

385 1629 550 1693 tales
621 1629 885 1693 consilio
940 1636 1005 1694 et
1053 1630 1294 1712 judicio
1361 1631 1621 1712 pollent.
1716 1630 1907 1694 Amat
1976 1629 2199 1695 doctos
2254 1633 2318 1694 et
2371 1629 2669 1694 Mutiano

386 1716 581 1781 favet.
675 1714 798 1778 Sed
860 1715 964 1779 hic
1025 1716 1182 1779 nihil
1247 1720 1346 1779 est
1392 1716 1633 1797 culpae.
1730 1716 1871 1780 Nisi
1938 1721 2186 1792 acutuS,
2256 1716 2533 1780 disertus
2602 1719 2673 1779 et

388 1802 631 1882 peritus
707 1802 1140 1882 antiquitati8‚
1211 1824 1338 1865 non
1411 1801 1652 1866 faveret
1725 1802 2036 1866 Mutiano.
2147 1802 2321 1866 Haec
2389 1806 2487 1866 est
2554 1802 2667 1866 illa

385 1887 611 1968 copula
651 1885 1125 1963 familiaritatiS,
1160 1908 1324 1967 quae
1359 1910 1491 1963 nos,
1525 1910 1563 1951 o
1596 1910 1823 1969 penna,
1858 1910 2087 1970 penna,
2113 1889 2457 1951 connectit.
2528 1888 2669 1951 Hoc

388 1973 866 2036 sanctissimum
935 1973 1266 2037 vinculum
1344 1972 1672 2037 Urbanum
1745 1978 1808 2037 et
1873 1972 2236 2037 Matianum
2313 1974 2663 2055 colligavit.

388 2058 552 2134 Quid
621 2058 962 2140 pluribus?
1050 2058 1152 2123 Sit
1208 2060 1360 2123 licet
1421 2064 1649 2123 ornata
1713 2064 1826 2122 tua
1895 2080 2124 2141 penna,
2192 2060 2380 2143 longe
2447 2064 2661 2123 tamen

387 2144 833 2226 praestabilior
865 2150 930 2207 et
962 2144 1266 2209 celebrior
1312 2144 1494 2221 foret,
1544 2146 1597 2208 si
1644 2149 1898 2209 nostras
1932 2146 2191 2209 delicias
2225 2166 2660 2227 cognosceres,

386 2230 482 2293 vel
529 2229 758 2293 saltem
813 2233 886 2294 ut
945 2231 1224 2312 prudens
1286 2232 1380 2294 vir
1440 2253 1569 2295 non
1632 2236 2071 2297 contemneres
2141 2232 2309 2313 quod
2378 2232 2657 2313 ignoras,

385 2316 607 2379 Dicam
641 2316 928 2399 amplius
962 2318 1190 2381 adhuc.
1283 2316 1490 2380 Notus
1521 2322 1659 2380 erat
1691 2316 1919 2381 Henno
1958 2316 2388 2382 Stormdorff.³
2462 2316 2660 2382 Nemo

389 2402 677 2484 equitum
747 2401 1078 2476 valentior,
1145 2403 1464 2480 audacior,
1536 2403 1647 2486 qui
1714 2408 2036 2468 extremae
2100 2402 2231 2486 jam
2309 2402 2660 2468 senectutis

387 2487 737 2552 Fuldenses
809 2490 969 2552 male
1039 2490 1297 2552 vexavit
1362 2495 1428 2552 et
1496 2490 1851 2571 complures
1917 2491 2165 2554 terruit.
2256 2489 2510 2554 Dicitur
2568 2491 2661 2553 in-

389 2574 717 2637 credibilia
749 2575 898 2638 olim
937 2580 1245 2656 patrasse,
1270 2575 1561 2640 infinitos
1597 2576 1923 2640 occidisse.
1994 2575 2225 2640 Paucis
2256 2578 2407 2639 ante
2440 2576 2662 2639 diebus

389 2659 724 2724 confossus
793 2666 891 2724 est
960 2662 1210 2744 egregie
1285 2683 1578 2744 pugnans
1624 2661 1705 2724 ab
1753 2662 1967 2743 equite
2008 2661 2281 2743 quodam
2350 2661 2660 2726 Fuldano.

391 2746 702 2822 Quorsum
775 2746 939 2810 hoc?
1029 2747 1269 2830 Nempe
1318 2751 1387 2810 ut
1436 2748 1663 2824 discaS,
1712 2769 1749 2810 o
1795 2749 2087 2830 gregaria
2152 2770 2383 2830 penna,
2454 2748 2664 2830 parvis

391 2833 600 2894 inesse
669 2832 922 2896 nativas
991 2833 1192 2912 dote-⁴3,
1263 2833 1500 2915 quibus
1568 2833 1882 2898 mirabilia
1956 2833 2263 2897 efficiunt.
2380 2833 2667 2898 Possunt

392 2917 636 2981 viribus
695 2918 832 2981 niti.
925 2918 1149 2983 Omnis
1212 2920 1378 2982 enim
1429 2920 1523 2982 vis
1568 2921 1632 2983 in
1684 2923 1955 3001 pectore.
2046 2919 2327 2984 Possunt
2395 2919 2663 2983 consilio

392 3003 739 3084 providere,
767 3005 988 3068 amicis
1015 3004 1338 3088 opitulari,
1367 3005 1643 3086 denique
1667 3009 1998 3086 praestant
2021 3005 2381 3070 staturosis.
2452 3004 2665 3082 Quid?

392 3109 602 3153 nonne
651 3110 883 3170 parvus
931 3096 1065 3154 erat
1113 3090 1594 3167 Stormdorffus,
1644 3112 1901 3173 corpore
1948 3091 2205 3174 quidem
2249 3113 2504 3174 parvus,
2553 3090 2662 3154 sed

391 3175 604 3238 animo
638 3175 1007 3239 maximus?
1098 3177 1178 3241 Et
1208 3177 1356 3240 talis
1390 3183 1487 3239 est
1519 3177 1820 3240 Urbanus
1865 3177 2135 3242 dilectus
2182 3199 2378 3255 meuS,
2427 3178 2663 3240 saliens

392 3262 458 3325 in
527 3261 857 3325 montibus
924 3266 999 3325 ut
1064 3261 1411 3346 capreolus,
1537 3262 1707 3325 Haec
1784 3263 2301 3327 commemoratio
2376 3263 2665 3346 deposcit

397 3347 692 3427 elogium.
771 3347 842 3410 Id
875 3347 1125 3424 faciam,
1159 3352 1381 3429 postea
1414 3369 1605 3428 quam
1638 3348 2020 3412 valedixem.
2096 3348 2284 3417 Nunc
2316 3347 2663 3430 petendum

394 3433 660 3509 videtur,
725 3437 797 3496 ut
852 3433 1182 3498 Eobanum
1245 3456 1636 3517 promoveas.
1726 3433 1991 3511 Institit,
2051 3434 2233 3509 ursit,
2298 3434 2509 3515 coegit
2566 3455 2666 3496 me

394 3520 526 3580 suis
571 3518 772 3582 literis
819 3525 882 3581 et
934 3519 1242 3601 precibUS,
1292 3525 1364 3582 ut
1409 3543 1476 3582 se
1521 3520 2024 3582 commendarem
2087 3519 2472 3594 Herebord0‚
2533 3541 2667 3582 am-

397 3604 682 3684 plissimo
731 3605 886 3667 viro.
977 3604 1172 3686 Cupit
1217 3606 1486 3687 adipisci
1533 3605 1886 3687 collegium.
1980 3604 2255 3683 Scim11S,
2306 3609 2549 3686 quanta
2580 3605 2667 3668 sit

345 3691 746 3762 ‚auctoritas
803 3691 1170 3753 Herebordi.
1267 3694 1506 3753 Auctor
1578 3691 1692 3753 fiat
1755 3691 2027 3764 senatui,
2098 3695 2170 3753 ut
2236 3696 2666 3771 consequatur

397 3776 753 3855 communis
787 3777 1048 3852 amicuS,
1085 3776 1252 3856 quod
1287 3775 1605 3839 affectat.⁴
1696 3773 1763 3838 Si
1812 3775 2183 3854 obtinuerit,
2232 3781 2434 3840 totam
2483 3798 2665 3840 suam

396 3860 776 3940 dignitatem
825 3866 890 3923 et
933 3861 1149 3924 Musas
1197 3866 1262 3924 et
1307 3862 1579 3924 salutem
1628 3861 1992 3925 Hei-ebordo
2051 3865 2375 3943 acceptam
2436 3861 2665 3924 referre

395 3945 601 4008 debet.
681 3945 1114 4009 Herebordum
1150 3946 1416 4010 habebit
1448 3948 1514 4010 in
1548 3968 1654 4010 ore
1686 3951 1751 4009 et
1781 3969 1994 4010 amore
2028 3953 2352 4028 perpetuo.
2432 3945 2663 4010 Darem

394 4031 628 4108 literaS,
687 4031 798 4093 sed
857 4033 1122 4095 timidus
1170 4054 1307 4095 sum
1357 4038 1420 4095 et
1465 4033 1713 4096 cautior
1760 4032 1903 4113 plus
1951 4053 2174 4112 aequo.
2268 4031 2665 4114 Suspicionis

541 4169 556 4196 ¹
595 4166 645 4218 S.
685 4167 784 4217 577
821 4167 882 4216 A.
923 4167 970 4219 5.
1043 4167 1151 4218 Der
1175 4145 1394 4218 'Bruder
1440 4165 1715 4220 vielleicht
1758 4167 2080 4220 Thesibius‘?
2152 4165 2201 4220 S.
2241 4165 2342 4219 383
2377 4167 2440 4219 A.
2480 4166 2526 4218 2.

469 4236 488 4266 2
525 4233 898 4286 Vertichtliche
933 4234 1310 4302 Bezeichnung
1346 4235 1438 4288 des
1475 4235 1662 4288 Scriba
1698 4234 2041 4304 (Bartholus).
2152 4235 2173 4266 ³
2208 4234 2315 4287 Der
2348 4235 2455 4288 Tod
2492 4234 2663 4288 dieses

397 4303 824 4356 Reitersmannes
863 4303 992 4354 wircl
1029 4305 1176 4355 sonst
1208 4303 1358 4356 nicht
1396 4303 1676 4356 berichtet.
1718 4303 1819 4370 ‚Er
1852 4303 1937 4357 fiel
1978 4305 2030 4356 in
2070 4304 2162 4356 der
2197 4303 2375 4356 Fehde
2401 4303 2665 4356 zwischen

392 4371 775 4493 gelssffildAunssl
793 4370 961 4422 Fulda
983 4371 1340 4426 1514—1515.
1396 4371 1683 4438 Brower,
1720 4372 1978 4441 Antiquit.
2014 4371 2163 4426 Fuld.
2190 4388 2237 4440 p.
2265 4371 2380 4424 333.
2490 4373 2512 4404 ⁴
2545 4371 2661 4440 Vgl.
