3084 4895
487 409 615 476 442
1323 409 1501 468 Briefe
1536 410 1632 466 des
1666 411 1716 467 J.
1761 409 1903 466 1514.

494 596 731 666 (Gothffl)
1545 585 1691 650 372.
2117 600 2236 669 (vor
2271 601 2354 656 30.
2395 601 2522 654 Juui
2565 601 2764 669 1514.)ι

1250 692 1539 764 Mutian
1585 713 1684 764 an
1727 693 2008 765 Urban.

505 801 614 868 (Da
648 802 811 856 Russ'
848 802 965 855 und
997 802 1347 857 Danmbaehe
1386 805 1489 858 Tod
1520 805 1811 870 bever-steht,
1847 806 2049 859 werden
2083 805 2199 860 ihre
2234 805 2515 874 me'nden
2537 805 2767 874 erlediyt.

510 871 584 926 Ob
618 869 692 924 M.
727 871 845 924 sich
880 871 1151 936 bewerben,
1202 873 1264 926 ob
1296 889 1355 926 er
1388 891 1463 926 an
1500 874 1754 944 Spalatin
1804 875 2074 929 schreiben
2123 876 2237 928 soll.
2308 875 2425 929 Den
2475 874 2639 941 Kauf
2677 875 2768 926 des

852 940 1145 996 Geschemks
1180 943 1281 996 soll
1326 942 1508 997 Urbem
1540 943 1682 997 nach
1723 943 2056 1036 Gadaum(
2073 944 2424 1012 vomelunm.)

856 1055 1253 1108 Per-humano
1286 1057 1457 1120 patri
1490 1057 1686 1110 Henr.
1723 1057 1979 1110 Urbano
2017 1055 2126 1125 (M.
2161 1055 2404 1123 Rufus).

702 1165 767 1230 S.
860 1164 1019 1230 Cum
1068 1167 1385 1232 videretur
1426 1169 1653 1251 auriga
1718 1169 2024 1251 postridie
2083 1168 2368 1234 facturus
2428 1167 2568 1243 iter,
2630 1168 2759 1250 epi-

497 1251 726 1315 stolam
756 1253 945 1316 citius
968 1253 1068 1316 die
1095 1253 1385 1318 Mercurii
1411 1255 1732 1332 texebam,
1758 1277 1946 1337 quam
1973 1259 2396 1338 coquerentur
2417 1251 2760 1336 asparagi.²

495 1337 621 1402 Sed
667 1359 809 1400 cum
860 1338 1045 1402 hodie
1109 1339 1405 1404 vidissem
1468 1341 1531 1406 in
1598 1363 1777 1405 sacro
1839 1337 2252 1422 Mai-garitae⁸
2315 1339 2507 1406 choro
2573 1340 2761 1415 (itum

496 1428 593 1487 est
640 1423 805 1487 enim
856 1446 927 1486 eo
974 1425 1096 1488 loci
1144 1426 1595 1508 supplicatum,
1629 1431 1699 1490 ut
1730 1426 2011 1509 pluviam
2046 1426 2338 1508 frugibus
2369 1425 2763 1496 eliceremus)

492 1531 755 1596 puerum
804 1511 1147 1574 unoculum
1195 1512 1315 1574 tibi
1366 1518 1588 1576 notum
1636 1515 2112 1595 cognitumque,
2160 1512 2306 1576 misi
2351 1509 2761 1587 VuLcanum,⁴

494 1599 566 1659 ut
614 1595 830 1660 literas
875 1601 1204 1680 repeteret.
1296 1596 1422 1661 Eas
1468 1619 1586 1680 ego
1632 1599 1808 1663 nullo
1870 1600 2081 1675 modo,
2142 1618 2528 1680 quamquam
2579 1596 2765 1661 utilia

496 1685 562 1744 et
608 1682 965 1745 necessaria
1012 1683 1363 1757 continent,
1411 1684 1783 1764 refrigerato
1831 1685 2152 1750 scribendi
2184 1685 2428 1767 impetu
2461 1688 2527 1747 et
2557 1683 2763 1747 calore

498 1789 668 1832 nunc
712 1767 833 1833 tibi
879 1767 1266 1847 exhiberem,
1328 1769 1453 1834 nisi
1497 1769 1784 1846 Publius,
1851 1771 2180 1834 familiaris
2241 1775 2457 1834 noster
2503 1773 2566 1834 et
2612 1789 2760 1832 con-

496 1853 719 1930 victor,
748 1859 1002 1936 propter
1034 1856 1347 1935 quaedam
1382 1878 1618 1938 magna
1651 1857 1908 1940 negotia
1937 1855 2361 1938 legaretur-ad
2387 1860 2468 1919 te.
2538 1853 2762 1919 Videor

494 1939 654 2006 mihi
714 1941 944 2015 videre,
1009 1942 1090 2004 mi
1162 1941 1432 2018 Urbane,
1497 1946 1944 2024 exspectantes
2007 1948 2072 2006 et
2136 1940 2350 2005 Russi‘
2400 1945 2465 2004 et
2509 1942 2761 2004 Danne-

497 2023 753 2089 bacchi⁸
827 2029 1114 2090 mortem.
1230 2027 1440 2091 Habet
1512 2027 1620 2091 ille
1689 2030 2064 2092 canonicum
2136 2027 2536 2100 beneficium,
2606 2026 2760 2090 alter

497 2111 876 2193 parochiale.
969 2111 1129 2178 Illud
1202 2113 1537 2178 conferunt
1607 2115 1942 2198 principeS,
2011 2115 2132 2179 hoc
2202 2111 2535 2178 Vestales.⁷
2627 2111 2758 2176 Tuo

494 2197 652 2261 mihi
710 2197 977 2262 consilio
1026 2199 1217 2282 valde*
1252 2221 1429 2283 opuS.
1524 2200 1690 2264 Audi
1739 2201 1860 2265 hoc
1904 2205 2146 2266 secreto
2191 2207 2258 2264 et
2303 2204 2514 2264 tecum
2571 2199 2759 2262 habe:

494 2287 647 2348 sunt
700 2285 811 2367 qui
871 2284 1091 2348 dicant
1158 2284 1525 2350 Musardum
1600 2286 1733 2351 fore
1803 2285 2171 2369 pastorem*
2257 2285 2401 2350 Non
2467 2285 2761 2366 equidem

494 2370 750 2434 invideo
812 2369 1055 2434 homini
1123 2371 1310 2436 docto
1371 2376 1437 2435 et
1495 2373 1792 2454 religioso
1862 2372 2184 2437 fortunam
2253 2371 2758 2436 sublevatricem.

498 2457 624 2522 Sed
673 2458 865 2521 miror
913 2458 1251 2521 connivere
1296 2458 1707 2539 Duronium,⁹
1753 2482 1896 2523 cum
1929 2459 2165 2524 habeat
2198 2462 2480 2542 nepoteS.
2558 2457 2759 2521 Tuum

496 2564 644 2608 vero
708 2544 1035 2607 silentium
1096 2544 1302 2626 magis
1358 2545 1652 2609 demiror.
1743 2544 1812 2609 Si
1861 2546 2051 2621 voleS,
2125 2544 2483 2625 impetrabo
2551 2565 2763 2626 preces

498 2630 861 2713 primarias;
931 2631 1027 2693 sin
1093 2635 1309 2694 autem
1369 2631 1466 2694 vis
1526 2636 1601 2695 ut
1645 2632 1972 2707 dormiam,
2042 2653 2169 2695 non
2236 2631 2566 2705 laborabo,
2613 2650 2761 2695 con-

500 2721 721 2781 tentus
767 2738 831 2778 re
881 2738 1036 2790 mea,
1084 2716 1343 2780 tametsi
1392 2718 1579 2781 bonis
1628 2718 1780 2781 viris
1821 2724 2014 2800 opem¹
2045 2738 2245 2781 essem
2281 2716 2528 2781 laturus
2559 2715 2764 2780 auctis

505 2803 742 2866 nostris
771 2814 799 2843 ⁸
846 2802 1283 2867 facultatibus,
1376 2803 1602 2867 Verum
1643 2804 1800 2869 haec
1845 2809 1917 2868 ut
1961 2803 2177 2867 omnia
2220 2807 2290 2865 tu
2342 2803 2586 2867 melius.
2677 2800 2765 2863 De

500 2888 836 2971 Spalatino
894 2889 1049 2969 quid
1112 2888 1357 2952 sentis?
1419 2889 1598 2953 visne
1657 2889 1951 2967 scribam,
2016 2894 2089 2953 ut
2147 2888 2417 2969 vigilet?
2518 2887 2765 2969 Pauper

498 2979 564 3038 et
607 2974 837 3039 flebilis
884 2975 1035 3056 quid
1072 2974 1321 3039 Gothae
1354 2974 1590 3039 faciet?
1678 2975 1912 3039 Vellem
1960 2974 2378 3040 nihilominus
2419 2974 2765 3037 canonicus

496 3059 601 3125 hic
655 3065 841 3124 esset.
936 3060 1058 3125 Sed
1120 3082 1339 3125 vereor
1400 3066 1618 3125 notam
1663 3062 1874 3143 gentis
1919 3065 1984 3123 et
2037 3059 2450 3141 sanguinis.¹⁰
2537 3059 2766 3123 Judica

502 3151 595 3223 tu,
645 3146 878 3229 parebo
927 3146 1064 3210 tibi.
1160 3146 1399 3210 Vivunt
1442 3148 1651 3211 adhuc
1699 3147 2003 3228 praedicti
2051 3143 2499 3210 valetudinarii
2563 3166 2762 3207 senes.

512 3226 636 3296 Sed
684 3231 870 3298 multi
918 3237 1071 3295 sunt
1124 3232 1469 3295 candidati.
1561 3232 1703 3296 Non
1762 3245 1972 3295 tamen
2037 3233 2284 3313 egerint
2339 3232 2611 3295 multum
2672 3229 2765 3292 vel

512 3340 613 3382 nie
675 3313 772 3381 vel
837 3317 1171 3400 Spalatino
1242 3322 1515 3400 petente.
1626 3318 1849 3382 Potest
1913 3318 2155 3399 aliquid
2223 3316 2565 3381 muneralis
2631 3338 2766 3379 am-

500 3404 695 3480 bitus,
766 3408 1039 3485 possunt
1103 3405 1357 3468 tricaeb
1422 3402 1822 3467 Morianae.¹¹
1939 3404 2070 3467 Nos
2137 3408 2352 3470 tamen
2419 3404 2591 3466 recta
2668 3402 2769 3464 via

498 3490 881 3572 gradiemur.
953 3490 1044 3553 De
1076 3486 1457 3571 emptione¹²
1490 3491 1688 3572 pudet
1718 3512 1818 3553 me
1849 3489 2201 3553 verborum.
2275 3488 2437 3565 Quid
2471 3486 2767 3569 quaeris?

631 3640 659 3667 a
691 3624 825 3679 meis
865 3624 1013 3679 Temo.
1155 3629 1184 3667 b
1210 3624 1395 3678 triche.

639 3696 654 3725 ¹
690 3694 790 3747 Die
827 3694 941 3747 Zeit
974 3694 1104 3763 folgt
1142 3709 1238 3748 aus
1275 3693 1368 3745 der
1400 3691 1794 3759 Vergleichung
1828 3708 1932 3745 von
1969 3691 2056 3743 Br.
2093 3691 2212 3757 407,
2249 3690 2342 3743 der
2388 3690 2443 3742 in
2484 3690 2590 3743 den
2625 3688 2766 3757 Sept.

501 3762 637 3815 1514
690 3762 817 3825 salit,
872 3763 1034 3816 sowie
1088 3778 1184 3815 aus
1237 3762 1330 3814 der
1381 3761 1718 3827 Erwahnung
1768 3761 1861 3813 des
1910 3760 2214 3813 Geschenks
2251 3760 2336 3811 fiir
2369 3757 2628 3813 Hersfeld.

570 3833 589 3863 ²
624 3832 847 3884 »Datum
894 3831 1135 3896 celerius,
1191 3846 1351 3899 quam
1397 3828 1638 3898 asparagi
1688 3831 2003 3896 coquantur«
2039 3828 2231 3881 datiert
2264 3826 2472 3881 Mutian
2506 3826 2645 3881 auch
2680 3824 2768 3877 Br.

497 3901 583 3953 84.
654 3900 966 3966 Ausspruch
1022 3902 1257 3968 Auguste
1309 3898 1449 3953 nach
1500 3897 1644 3951 Suet.
1701 3898 1838 3964 Aug.
1873 3896 1956 3949 87.
2101 3896 2121 3928 ³
2157 3896 2265 3949 Der
2299 3895 2501 3948 Kirche
2537 3894 2590 3947 S.
2627 3892 2766 3946 Mar-

498 3968 747 4037 garethae
792 3970 847 4020 in
884 3968 1068 4021 Gotha.
1212 3970 1233 4000 ⁴
1266 3966 1499 4020 Mutians
1535 3966 1730 4018 Diener
1764 3965 1934 4017 neben
1969 3964 2208 4017 Publius.
2283 3964 2333 4017 S.
2373 3964 2476 4016 416
2512 3966 2575 4015 A.
2615 3964 2665 4015 3.

570 4040 590 4069 ⁵
624 4037 676 4091 S.
714 4037 815 4091 205
851 4039 911 4091 A.
954 4039 997 4090 l.
1140 4037 1161 4069 ⁶
1196 4035 1249 4089 S.
1290 4038 1354 4089 15
1396 4038 1457 4088 A.
1499 4037 1544 4088 1.
1689 4036 1707 4066 ⁷
1742 4032 1850 4101 Das
1885 4032 2306 4086 Nonnenkloster
2341 4031 2394 4085 S.
2433 4031 2632 4085 Crucis.

571 4107 592 4138 ⁸
626 4109 709 4158 An
760 4105 1110 4159 Dannebachs
1155 4104 1331 4171 Stella,
1370 4104 1455 4156 die
1493 4120 1595 4155 von
1632 4103 1725 4155 der
1759 4101 1997 4154 Abtissin
2043 4100 2380 4169 Margaretha
2429 4103 2605 4167 (unter
2651 4099 2772 4151 dem

500 4174 779 4228 Patronate
826 4175 919 4227 des
971 4174 1135 4227 Abtes
1182 4190 1286 4226 von
1341 4170 1714 4239 Georgenthal)
1769 4170 2040 4222 verliehen
2094 4170 2290 4222 wurde.
2341 4226 2364 4237 ..
2433 4170 2455 4201 ⁰
2489 4168 2599 4221 Der
2650 4166 2769 4220 Abt.

500 4242 551 4295 S.
593 4242 691 4297 108
729 4245 791 4295 Α.
833 4246 875 4296 1.
1024 4244 1066 4275 ¹⁰
1099 4241 1207 4294 Der
1241 4240 1594 4293 unehelichen
1631 4238 1844 4291 Geburt.
1917 4239 1966 4291 S.
2005 4238 2071 4290 65
2107 4240 2170 4290 A.
2206 4239 2256 4289 4.
2327 4236 2596 4289 Ahnliche
2633 4238 2772 4289 Aus-

500 4310 729 4379 lassung.
786 4310 873 4363 Br.
913 4311 1030 4363 230.
1142 4312 1181 4341 ¹¹
1217 4310 1325 4362 Des
1360 4308 1555 4362 MoruS.
1613 4307 1664 4361 S.
1703 4307 1769 4360 38
1805 4308 1866 4360 A.
1904 4308 1939 4358 4
2010 4306 2060 4359 S.
2099 4307 2198 4359 267
2237 4308 2298 4358 A.
2340 4304 2420 4359 10.
2533 4306 2575 4337 ¹²
2610 4304 2770 4357 Eines

500 4378 835 4432 Geschenkes
869 4379 955 4431 fiir
988 4378 1249 4444 Hersfeld,
1286 4394 1379 4430 um
1416 4378 1606 4431 dessen
1640 4376 1853 4430 Ankauf
1897 4376 1990 4428 der
2037 4374 2306 4443 geldarme
2351 4372 2558 4429 Mutian
2606 4373 2770 4428 schon

500 4446 631 4501 oster
664 4446 881 4500 ersucht
929 4447 1089 4500 hatte.
1165 4445 1284 4515 Vgl.
1323 4444 1411 4501 ΒΥ.
1450 4446 1566 4500 365.
1607 4444 1722 4501 368.
