3084 4895
397 346 523 429 140
681 347 685 352 ¹
1165 369 1336 422 Briefe
1372 385 1476 422 von
1514 369 1870 423 1508—1509.

402 537 591 600 luunt
637 563 718 602 se*
751 562 924 616 aur0,
971 540 1096 602 imo
1145 541 1358 616 calice,
1405 542 1532 604 imo
1584 541 1753 603 vino,
1846 541 2123 604 Veniunt
2168 543 2364 624 igitur
2410 543 2665 624 proluti,

401 644 525 685 non
577 625 782 697 diluti,
834 625 1090 701 madidi,
1141 648 1265 688 non
1319 626 1552 708 pavidi,
1612 627 1960 707 spectaturi
2009 649 2135 690 non
2184 633 2313 690 tam
2364 649 2665 709 personas

397 712 462 768 et
493 717 902 790 personatum
935 711 1404 788 antichristum,
1435 733 1626 791 quam
1652 713 1895 793 puellas
1926 717 1991 774 et
2013 719 2339 776 matronas
2371 714 2661 776 rusticas

405 793 568 868 Quid
616 795 844 878 plura?
931 797 1030 859 Ita
1076 796 1304 878 spiritu
1353 797 1579 877 repleti
1626 802 1795 874 sunt,
1844 803 1917 860 ut
1962 798 2289 879 spirituosi
2338 799 2489 876 sint,
2536 820 2661 861 non

396 882 610 943 tamen
659 882 1054 962 spirituales3
1101 882 1360 963 turgidi,
1409 882 1519 944 sed
1566 883 1777 945 minus
1823 883 2168 960 Phacclio¹,
2220 884 2400 965 cujus
2446 884 2665 964 adipes

401 965 557 1026 mira
605 967 1087 1048 pinguetudine‚
1136 972 1318 1029 nates
1365 971 1548 1030 vasta
1594 969 1881 1030 crassitie
1930 935 2368 1050 protub’erant.
2453 969 2662 1032 Incre-

401 1049 614 1124 dibile
663 1056 976 1132 quantum
1024 1054 1078 1116 is
1125 1053 1426 1130 creverit3
1471 1073 1581 1134 pro
1615 1053 1909 1116 Phaccho
1944 1053 2242 1118 Crassum
2291 1054 2659 1136 appellares.

401 1133 676 1200 Tantum
723 1142 837 1200 est.
935 1138 1098 1202 Vale.

703 1237 828 1291 Ood.
863 1237 997 1290 Frcf.
1039 1239 1168 1291 147.

401 1404 634 1474 (Gotha.)
1473 1391 1611 1476 115.
2145 1407 2307 1476 (nach
2342 1408 2453 1462 Mai
2491 1357 2667 1478 i509.)

1158 1519 1446 1587 Mutian
1492 1538 1591 1586 an
1638 1516 1917 1587 Urban.

399 1643 575 1709 (Bina,
637 1661 710 1696 an
767 1644 865 1696 den
921 1645 1342 1712 unxufriedenen
1404 1645 1658 1713 Spalatin
1717 1645 2041 1697 ermalmend
2096 1661 2187 1697 zu·
2226 1646 2496 1698 schreiben
2551 1647 2669 1698 und

398 1712 726 1764 namentlick
757 1713 1073 1781 Mdss‘lyunq
1109 1714 1190 1766 im
1225 1714 1394 1766 Essem
1429 1714 1542 1766 und
1579 1713 1806 1765 ffinlaen
1840 1730 1914 1765 zu
1947 1730 2031 1765 em
2024 1713 2249 1780 Qfehkn
2308 1713 2417 1766 Der
2438 1713 2667 1782 xufa'llv'y

401 1781 702 1834 anu-esem
733 1780 1174 1834 Kammercbz’ener
1208 1782 1487 1834 Friedrich
1519 1782 1723 1834 erxlihlt
1756 1798 1857 1833 von
1894 1782 2175 1849 Spalatins
2216 1782 2392 1834 Gumt
2412 1783 2496 1836 bei
2516 1783 2665 1850 Hofe.

791 1848 894 1902 Die
941 1849 1325 1918 Umerhaltunq
1359 1851 1530 1902 durch.
1570 1849 1823 1918 Staupitx
1857 1850 2271 1917 unterbroehen.)

1152 1965 1234 2014 Η.
1271 1964 1530 2014 Urbano
1565 1964 1654 2014 M.
1689 1962 1912 2014 Rufus.

606 2055 669 2119 S.
766 2055 1163 2142 Χειρουργοὶ
1219 2063 1528 2141 putantur
1584 2079 1720 2120 esse
1784 2058 2067 2121 crudeles
2114 2058 2179 2120 in
2226 2059 2666 2121 curationibus

400 2141 890 2206 vulneratorum.
973 2145 1122 2206 dum
1189 2144 1490 2226 intrepidi
1565 2144 1840 2206 remedia
1910 2144 2249 2224 imponunt
2295 2148 2361 2207 et
2404 2144 2664 2226 perinde

400 2225 644 2290 faciunt
675 2229 906 2304 omnia,
931 2251 1016 2292 ac
1049 2230 1102 2292 si
1135 2230 1348 2293 nullus
1381 2253 1460 2292 ex
1492 2229 1767 2292 clamore
1798 2229 2061 2292 alterius
2092 2229 2359 2292 affectus
2402 2230 2661 2293 oriatur.

397 2311 533 2391 Ego
579 2335 992 2411 succursurus
1037 2317 1242 2378 amico
1289 2337 1414 2378 non
1465 2315 1840 2378 mediocrem
1890 2335 2070 2397 opem
2119 2316 2329 2388 attuli,
2373 2315 2481 2376 sed
2516 2315 2663 2377 dum

399 2398 659 2462 vulnera
705 2399 768 2462 in
832 2421 904 2464 eo
965 2423 1285 2477 sanamuS,
1359 2400 1631 2484 pueriles
1697 2401 1830 2463 edit
1894 2402 2151 2483 vagitus
2218 2409 2282 2464 et
2354 2401 2661 2465 medicum

398 2488 585 2566 putat
629 2508 765 2548 esse
793 2486 1368 2550 immisericordem.
1462 2486 1628 2549 Fieri
1663 2509 1789 2550 non
1823 2491 2053 2567 potest,
2090 2497 2162 2549 ut
2195 2488 2355 2551 citra
2387 2487 2661 2550 dolorem

397 2570 595 2631 animi
639 2571 894 2635 morbos
941 2573 1271 2654 exstirpes.
1362 2573 1459 2635 Ita
1507 2576 1737 2635 natura
1783 2578 2221 2654 comparatum
2258 2577 2372 2649 est,
2405 2578 2479 2635 ut.
2510 2572 2665 2634 vitia

399 2655 584 2717 nobis
661 2656 1088 2735 blandiantur,
1169 2658 1404 2720 veritas
1478 2680 1695 2720 amara
1763 2658 1847 2721 sit
1912 2664 2123 2737 gustu.
2238 2658 2400 2721 Nam
2476 2658 2664 2720 homo

397 2741 677 2823 alioquin
749 2744 990 2807 amicus
1039 2749 1102 2805 et
1149 2743 1374 2806 doctus
1420 2766 1518 2806 me
1576 2744 1759 2823 quasi
1828 2744 2293 2807 criminatorem
2370 2744 2664 2820 aversari,

401 2848 524 2889 non
573 2832 646 2889 ut
691 2829 1066 2891 monitorem
1125 2829 1398 2892 libenter
1458 2829 1677 2891 audire
1745 2830 2011 2891 videtur.
2104 2829 2223 2904 Qui
2296 2829 2463 2891 bono
2532 2828 2665 2891 zelo

403 2913 698 2993 castigat,
747 2936 873 2976 non
924 2914 1370 2989 calumniatur,
1420 2920 1483 2976 et
1528 2915 1639 2994 qui
1685 2936 1900 2976 verum
1952 2911 2126 2991 dicit,
2191 2936 2315 2976 non
2368 2914 2664 2977 detrahit.

395 2996 704 3061 Remotus
764 2998 846 3061 ab
893 2999 1134 3062 invidia
1192 3008 1256 3062 et
1300 3001 1445 3063 odio
1494 2998 1832 3062 reformare
1895 3000 2066 3062 volui
2133 3004 2420 3063 sanctam
2494 2998 2665 3061 illam

398 3082 783 3146 fatuitatem.
907 3084 1064 3146 Dedi
1155 3086 1446 3168 clipeum,
1525 3107 1651 3165 quo
1732 3087 2124 3148 morositatis
2202 3092 2265 3147 et
2339 3085 2668 3147 molestiae

401 3169 673 3249 sagittas
718 3169 1066 3249 repelleret.
1158 3170 1249 3233 Eo
1297 3172 1346 3233 si
1396 3174 1699 3242 uteretur,
1751 3192 1877 3233 non
1940 3172 2286 3235 declinaret
2329 3191 2436 3233 cor
2482 3191 2661 3231 suum

400 3254 466 3316 in
534 3254 727 3317 verba
793 3255 1096 3331 malitiae,
1167 3257 1277 3319 sed
1346 3256 1444 3319 acl·
1492 3256 1885 3319 subtiliorem
1952 3257 2345 3319 intellectum
2416 3259 2668 3337 cogeret

399 3339 704 3417 animum,
771 3340 984 3403 minus
1047 3342 1306 3419 doleret,
1373 3342 1603 3404 laetius
1669 3342 1927 3405 viveret
2020 3342 2276 3405 Grande
2338 3346 2665 3438 peccatum

397 3429 493 3487 est
538 3425 748 3487 odisse
796 3426 1262 3524 corripientem,
1310 3427 1682 3507 praesertim
1731 3427 1783 3489 si
1818 3449 2080 3510 pravum
2116 3448 2328 3490 amore
2366 3427 2662 3505 corrigas

397 3508 710 3592 Corripiet
760 3532 856 3573 me
895 3512 1110 3592 justus
1155 3514 1217 3574 in
1256 3512 1702 3575 misericordia.
1786 3513 1972 3575 Absit
2002 3512 2113 3575 illa
2147 3512 2329 3575 Pauli
2364 3532 2663 3573 censura:

403 3596 742 3676 „Inimicus
814 3596 992 3658 vobis
1054 3596 1264 3660 factus
1311 3620 1449 3661 sum
1499 3620 1645 3660 vera
1694 3598 1929 3660 dicens,
1944 3597 1969 3626 “
2066 3597 2291 3659 Verum
2363 3596 2662 3678 quoniam

397 3681 635 3743 domini
685 3684 780 3743 est
825 3682 1015 3756 saluS‚
1066 3706 1230 3745 vana
1276 3684 1447 3747 salus
1497 3683 1801 3746 hominis:
1852 3689 1923 3745 tu
1958 3683 2251 3765 deprome
2278 3682 2666 3744 medicinam

397 3790 475 3828 ex
541 3767 758 3829 schola
826 3768 1088 3847 spiritus
1157 3771 1362 3831 sancti
1410 3774 1474 3831 et
1519 3768 1750 3831 studiis
1822 3769 2288 3850 spiiitualibuS‚
2349 3774 2423 3831 ut
2481 3766 2669 3829 amici

393 3870 728 3935 χειραγρα,
777 3852 1075 3934 podagra,
1135 3854 1493 3917 cachexia⁸
1539 3854 1775 3916 divinis
1840 3854 2097 3917 auxiliis
2162 3858 2437 3916 sanetur.
2532 3852 2668 3915 Duo

395 3938 553 3999 vitia
585 3943 999 4019 corrumpunt
1035 3940 1341 4003 amicum:
1391 3940 1669 4002 cruditas
1705 3944 1767 4001 et
1798 3939 2147 4012 iracundia,
2181 3939 2335 4003 illud
2370 3938 2668 4019 corporiS,

397 4022 518 4084 hoc
591 4023 788 4085 animi
865 4024 1121 4086 malum.
1242 4025 1588 4087 Nimietate
1664 4025 1789 4087 cibi
1866 4030 1929 4087 et
2001 4029 2193 4106 potus
2269 4022 2667 4087 stomachum

399 4112 643 4170 onerat.
735 4107 988 4186 Senem,
1037 4132 1220 4191 quem
1272 4110 1534 4173 revereri
1586 4110 1859 4184 deberet,
1928 4110 2195 4186 fastidit,
2272 4110 2417 4171 inde
2486 4108 2667 4181 tabes

544 4272 825 4312 EOaCOXla.

541 4328 556 4357 ¹
595 4324 878 4378 Baithasar
911 4326 1052 4378 Fach
1091 4327 1382 4393 (Fabricius
1417 4343 1513 4380 aus
1552 4328 1771 4395 Vacha),
1808 4326 1944 4379 Prof.
1982 4327 2037 4377 in
2068 4326 2426 4393 Wittenberg
2463 4326 2513 4375 V
2515 4325 2581 4392 g.l
2614 4323 2665 4377 S.

399 4392 434 4445 8
469 4394 532 4445 A.
573 4393 619 4445 2.
690 4383 838 4447 Uber
873 4394 1052 4447 seinen
1101 4394 1313 4449 Besuch
1357 4395 1443 4449 bei
1476 4394 1681 4449 Mutian
1720 4394 1882 4462 vergl.
1920 4396 2021 4447 den
2054 4398 2219 4447 unten
2252 4394 2371 4462 folg.
2409 4393 2495 4448 Br.
2515 4342 2647 4447 g133.
