3084 4895
1221 425 1275 486 M
1280 423 1432 486 utian
1469 449 1538 487 an
1579 419 1778 487 Urban.
2552 437 2636 502 93

378 605 671 674 mordent
722 607 1058 672 lucernarii
1126 629 1315 671 canes
1370 613 1435 692 et
1493 608 1690 671 vitam
1751 627 1826 670 ac
1883 627 2088 671 mores
2147 611 2314 684 tuOS,
2375 612 2448 672 ut
2492 614 2644 673 sunt

383 696 652 769 dicaces,
702 695 1034 758 verborum
1078 693 1432 776 petulantia
1462 705 1489 734 ἃ
1532 694 1877 774 lacessunt,
1923 699 2212 758 occurrat
2241 694 2364 758 tibi
2395 695 2644 759 christi-

383 805 507 846 ana
553 782 860 845 fortitudo
908 786 970 844 et
1015 780 1344 844 humilitas
1388 779 1805 862 redemptoris
1868 782 2067 843 nostri
2123 784 2187 843 et
2244 783 2640 863 potissimum

383 867 702 932 mitissimi
761 868 939 930 ducis
996 867 1090 930 tui
1136 867 1376 930 ordinis
1422 867 1814 930 admirabilis
1861 867 2197 929 tolerantia
2243 873 2305 930 et
2352 890 2645 932 mansue-

385 955 561 1018 tudo.
612 953 724 1017 Sin
759 959 967 1016 autem
1004 958 1065 1016 te
1096 953 1475 1035 perniciosib
1504 953 1867 1015 adulatores
1902 953 2327 1030 reverendum,
2365 955 2641 1032 doctum,

384 1041 809 1122 ingeniosum,
886 1039 1279 1121 prudentem,
1371 1047 1685 1116 sanctum,
1771 1038 2114 1102 humanum
2207 1040 2642 1115 salutaverint,

384 1128 555 1190 dices
586 1148 725 1189 cum
761 1126 1099 1208 propheta:
1156 1125 1332 1205 „Non
1376 1125 1583 1199 nobiS,
1617 1126 1724 1187 sed
1759 1125 2000 1188 nomini
2030 1130 2141 1188 tuo
2177 1125 2254 1188 da
2287 1127 2640 1206 gloriam“,¹

385 1213 700 1292 deumque
732 1212 963 1289 orabiS,
1012 1218 1085 1274 ut
1128 1211 1245 1274 fias
1278 1231 1349 1274 eo
1386 1212 1637 1292 dignuS,
1671 1210 1840 1292 quod
1873 1211 1992 1274 tibi
2040 1212 2359 1275 tribuitur.
2432 1212 2646 1276 Stulta

383 1299 741 1363 mortalit-as
788 1303 975 1382 putat
1020 1298 1262 1380 aliquid
1311 1319 1445 1379 esse
1492 1297 1937 1377 magistratum
1975 1298 2036 1359 in
2081 1299 2386 1362 coenobio
2433 1321 2646 1380 gerere

384 1389 449 1448 et
498 1384 620 1448 frui
669 1385 1048 1465 imaginaria
1092 1387 1430 1466 potestate.
1537 1383 1703 1446 Hinc
1756 1383 2135 1447 oboriuntur
2189 1386 2647 1449 aemulationes

383 1477 448 1534 et
494 1472 657 1535 odia.
762 1471 934 1534 Satis
1018 1469 1345 1535 commode
1413 1473 1676 1550 agerent
1740 1470 1906 1532 inter
1973 1491 2038 1532 se
2106 1470 2402 1535 cucullati
2475 1473 2647 1552 magi

386 1560 682 1638 essetque
751 1557 885 1620 vita
955 1577 1167 1621 eorum
1238 1555 1455 1638 procul
1530 1555 1724 1618 dubio
1753 1565 1778 1594 ⁰
1843 1555 2044 1619 tutior
2113 1579 2188 1620 ac
2249 1556 2524 1636 beatior,
2591 1559 2647 1621 si

382 1643 672 1726 exemplo
741 1647 1023 1707 veterum
1085 1642 1314 1724 spiritu
1383 1642 1588 1723 magis
1634 1663 1825 1722 quam
1872 1663 2058 1705 carne
2104 1643 2389 1707 viventes
2434 1643 2646 1708 omnia

386 1730 578 1808 dicta,
625 1729 815 1804 facta,
863 1729 1147 1810 cogitata
1191 1729 1273 1792 ad
1318 1727 1503 1791 deum
1560 1727 1883 1791 referrent.
1975 1727 2175 1806 Unde,
2232 1730 2534 1813 quicquid
2581 1731 2646 1793 in

385 1816 571 1878 terris
616 1815 767 1878 boni
815 1835 1041 1878 nomen
1092 1814 1306 1892 habet,
1356 1813 1532 1877 velut
1579 1837 1654 1876 ex
1702 1813 2017 1878 uberrimo
2081 1814 2269 1879 fonde
2333 1817 2649 1880 demanat.

385 1901 545 1964 Nam
606 1905 1005 1984 praeceptum
1070 1901 1304 1965 domini
1363 1901 1639 1964 lucidum
1697 1900 1935 1964 oculos
1983 1903 2213 1965 mentis
2280 1903 2648 1966 illuminans

384 1990 508 2052 duo
556 1987 750 2051 habet
796 1989 1037 2069 capita:
1098 1992 1169 2049 ut
1217 1987 1397 2050 deum
1449 2008 1622 2048 ames
1670 1993 1731 2048 et
1780 1985 2066 2049 homines
2098 1989 2265 2051 sicut
2311 1993 2372 2050 te
2417 1991 2644 2072 ipsum.

387 2076 520 2137 Hoc
589 2075 761 2138 coelo
830 2079 893 2135 et.
962 2073 1325 2136 hominibus
1395 2071 1749 2154 jucundum
1826 2073 2192 2136 institutum
2279 2076 2642 2138 coelestium

386 2183 591 2223 rerum
640 2183 754 2224 nos
805 2160 961 2223 facit
1006 2161 1364 2242 participes,
1446 2159 1616 2220 Haec
1647 2163 1744 2220 est
1775 2158 1879 2221 lex
1911 2160 2220 2224 naturalis
2254 2183 2378 2224 non
2413 2163 2649 2243 scripta

386 2248 447 2308 in
498 2247 707 2310 saxeis
753 2247 995 2310 tabulis
1044 2251 1114 2308 ut
1162 2245 1460 2322 Mosaica‚
1508 2267 1635 2308 non
1682 2245 1746 2307 in
1819 2267 1926 2307 aes
1994 2247 2196 2309 incisa
2252 2253 2324 2310 ut
2366 2269 2647 2325 romana,

388 2355 512 2396 non
565 2333 800 2396 chartis
829 2333 858 2372 d
904 2339 1015 2395 aut.
1065 2332 1449 2394 membranis
1494 2331 1818 2412 impressa,
1865 2331 1973 2394 sed
2020 2355 2058 2394 a
2102 2333 2357 2397 doctore
2403 2356 2648 2397 summo

386 2420 682 2483 cordibus
752 2420 987 2483 nostris
1054 2417 1284 2482 infusa.
1398 2417 1580 2480 Hanc
1649 2417 2112 2482 memorabilem
2183 2424 2245 2483 et
2311 2421 2650 2484 salutarem

386 2491 828 2570 eucharistiam
887 2505 1177 2588 quisquis
1242 2505 1522 2579 devorat,
1587 2504 1744 2565 satis
1809 2506 1908 2585 pie
1962 2528 2088 2567 rem
2158 2498 2435 2569 divinam
2498 2507 2650 2570 fecit

384 2593 557 2655 felici
592 2594 873 2675 unguine
906 2592 1215 2673 signatus.
1270 2589 1433 2653 Nam
1464 2589 1812 2653 Palaestini
1848 2592 2018 2655 senis
2049 2592 2290 2655 oblatio
2325 2605 2352 2631 ⁸
2385 2596 2650 2676 mystica

384 2683 483 2742 est
528 2683 592 2741 et
639 2701 849 2742 verum
900 2677 1138 2741 Christi
1182 2698 1408 2759 corpus
1454 2676 1513 2739 h.
1564 2698 1616 2739 e.
1664 2697 1880 2758 pacem
1929 2682 1994 2741 et
2039 2679 2436 2743 concordiam
2485 2702 2649 2762 pane

384 2770 451 2829 et
512 2766 657 2827 vino
703 2768 882 2847 tegit.
994 2764 1123 2827 Nec
1167 2764 1295 2826 ulla
1358 2769 1571 2843 potest
1639 2784 1772 2824 esse
1839 2765 2116 2827 sanctior
2181 2766 2390 2829 hostia
2458 2788 2650 2848 quam

387 2856 611 2915 mutua
657 2854 905 2915 caritas.
999 2851 1221 2930 ltaque
1270 2849 1477 2911 nullae
1526 2869 1742 2929 preces
1789 2854 1941 2913 sunt
1987 2851 2047 2913 in
2107 2850 2453 2916 christiana
2505 2853 2649 2917 reli-

384 2938 576 3020 gione
642 2938 935 3001 clariores
1003 2958 1191 3019 quam
1260 2936 1405 2998 illae
1465 2934 1959 3011 vetustissimae,
2033 2958 2191 3017 quas
2247 2939 2348 3001 die
2394 2939 2649 3001 Veneris

386 3027 648 3087 sanctae
694 3046 804 3105 pro
850 3023 1165 3086 universis
1212 3021 1512 3102 gentibus
1560 3020 1824 3083 ecclesia
1870 3022 2098 3099 fundit,
2146 3046 2224 3087 ne
2269 3026 2348 3088 iis
2395 3026 2648 3106 quidem

386 3111 681 3187 exclusiS,
742 3111 849 3191 qui
908 3132 986 3173 ex
1051 3107 1337 3173 confesso
1406 3112 1559 3170 sunt
1627 3106 1865 3182 hosteS,
1933 3114 2005 3172 ut
2071 3112 2276 3173 omnis
2345 3112 2648 3182 homines,

386 3201 694 3279 quant-um
764 3198 827 3259 in
900 3196 1083 3259 nobis
1150 3200 1266 3267 est,
1352 3192 1582 3255 divinis
1665 3193 1870 3257 verbis
1939 3217 2378 3275 convocemuS,
2463 3190 2650 3278 longe

387 3284 791 3363 benigniores
854 3281 1133 3355 Judaeis‚
1202 3280 1310 3361 qui
1374 3302 1449 3341 ne
1514 3278 1678 3341 viam
1740 3280 1990 3359 quidem
2041 3282 2482 3347 aberrantibus
2529 3284 2652 3346 nisi

386 3371 523 3433 suis
578 3374 689 3433 aut
745 3369 983 3433 fontem
1041 3366 1411 3430 sitientibus
1468 3369 1848 3428 monstrant.
1941 3368 2214 3443 Quorum
2281 3377 2520 3450 quanta
2567 3371 2650 3433 sit

390 3456 602 3519 nescio
648 3454 1043 3537 impudentia
1078 3454 1283 3517 dicam
1320 3474 1398 3515 an
1437 3450 1756 3526 inscitia,⁸
1785 3474 1863 3513 ex
1897 3474 1968 3515 eo
2003 3458 2202 3534 patet,
2237 3457 2402 3537 quod
2437 3456 2654 3519 dicant

388 3541 625 3606 Christi
664 3564 887 3624 corpus
912 3563 949 3603 a
981 3539 1307 3620 discipulis
1340 3562 1371 3599 e
1403 3538 1689 3618 sepulcro
1721 3549 1745 3576 θ
1777 3538 2171 3603 subtractum
2197 3543 2360 3605 inter
2391 3542 2650 3607 frutices

388 3636 453 3691 et
502 3628 727 3691 herbas
772 3629 965 3691 fuisse
1011 3626 1356 3700 conditum,
1404 3624 1658 3687 tandem
1711 3626 1920 3687 missis
1954 3627 2461 3708 exploratoribus
2509 3651 2653 3711 pro-

396 3715 723 3778 curatione
752 3727 779 3755 a
823 3714 1075 3797 publica
1110 3715 1443 3793 repertum.
1526 3710 1737 3772 Minus
1774 3710 2095 3791 desipiunt
2141 3713 2652 3780 Maumethenses

388 3808 452 3863 et
486 3800 745 3877 Turcae,
789 3802 895 3882 qui
938 3798 1317 3862 cavillantur
1365 3818 1487 3859 non
1544 3817 1755 3859 verum
1808 3795 2126 3862 Christum
2163 3804 2330 3865 cruci
2363 3803 2650 3879 affixum,

388 3888 497 3951 sed
564 3887 755 3949 alium
826 3887 1205 3968 quempiam,
1273 3884 1381 3965 qui
1452 3880 1706 3945 Christo
1776 3882 1968 3946 fuerit
2035 3908 2335 3968 perquam
2406 3891 2648 3953 similis,

389 3972 683 4037 Refertur
736 3974 854 4035 hoc
900 3994 936 4034 a
982 3971 1262 4035 Marsilio
1322 3969 1539 4031 Ficino
1601 3968 1660 4029 in
1725 3990 1797 4030 eo
1856 3972 2190 4050 volumine,
2238 3977 2408 4054 quod
2454 4000 2652 4059 nuper

388 4060 762 4143 Spalatinus
827 4055 1027 4121 emit.²
1138 4056 1279 4119 Non
1345 4056 1500 4117 adeo
1573 4054 1801 4117 diversi
1858 4059 2160 4122 recedunt
2215 4062 2294 4123 ab
2352 4064 2648 4144 opinione

392 4147 922 4211 doctissimorum.
1016 4143 1251 4206 Scribit
1299 4142 1463 4203 enirn
1515 4140 1887 4204 Ambrosius
1933 4142 2206 4210 Pilatum
2244 4170 2367 4210 non
2417 4151 2650 4212 vidisse

390 4254 603 4297 verum
672 4228 1041 4294 Christum.³
1158 4229 1273 4291 Hic
1351 4227 1512 4301 n010,
1585 4227 1753 4307 quod
1825 4228 2122 4294 arcanum
2191 4257 2324 4297 esse
2394 4236 2657 4312 debet,f

526 4383 553 4410 a
582 4351 630 4421 οἱ
663 4372 726 4420 35,
766 4367 821 4420 ti,
928 4370 954 4408 b
984 4364 1266 4435 pel-uitiosi.
1374 4376 1397 4405 ο
1426 4360 1782 4429 proculdubio
1895 4368 1924 4406 d
1952 4368 2162 4422 carthiS.
2304 4386 2328 4413 Θ
2356 4372 2651 4440 sepulchro.

388 4444 409 4483 ι’
449 4437 638 4491 debeat
676 4436 827 4490 Tenx.

532 4510 548 4539 ι
583 4507 669 4561 ps,
711 4507 828 4573 1157
868 4508 913 4560 1,
1059 4505 1079 4535 2
1115 4504 1200 4555 De.
1231 4501 1411 4556 christ.
1448 4499 1537 4554 rel.
1579 4499 1657 4553 12.
1801 4502 1821 4533 ³
1859 4500 2055 4557 Comm.
2094 4508 2159 4559 ad
2181 4508 2305 4564 Luc.
2346 4508 2476 4578 Opp.
2518 4510 2579 4579 V,
2603 4511 2650 4566 8.
