<?xml version="1.0" encoding="UTF-8"?>
<!DOCTYPE html PUBLIC "-//W3C//DTD XHTML 1.0 Transitional//EN"
    "http://www.w3.org/TR/xhtml1/DTD/xhtml1-transitional.dtd">
<html xmlns="http://www.w3.org/1999/xhtml" xml:lang="en" lang="en">
 <head>
  <title>
</title>
<meta http-equiv="Content-Type" content="text/html;charset=utf-8" />
  <meta name='ocr-system' content='tesseract 3.04.00' />
  <meta name='ocr-capabilities' content='ocr_page ocr_carea ocr_par ocr_line ocrx_word'/>
</head>
<body>
  <div class='ocr_page' id='page_1' title='image "./derbriefwechsel02kraugoog_0210.png"; bbox 0 0 3084 4895; ppageno 0'>
   <div class='ocr_carea' id='block_1_1' title="bbox 438 347 1909 412">
    <p class='ocr_par' dir='ltr' id='par_1_1' title="bbox 438 347 1909 412">
     <span class='ocr_line' id='line_1_1' title="bbox 438 347 1909 412; baseline -0.002 -6"><span class='ocrx_word' id='word_1_1' title='bbox 438 349 558 412; x_wconf 81' lang='grc'><strong>124</strong></span> <span class='ocrx_word' id='word_1_2' title='bbox 1201 347 1373 402; x_wconf 86' lang='lat' dir='ltr'><strong>Briefe</strong></span> <span class='ocrx_word' id='word_1_3' title='bbox 1412 366 1509 402; x_wconf 90' lang='lat' dir='ltr'><strong>von</strong></span> <span class='ocrx_word' id='word_1_4' title='bbox 1556 350 1909 404; x_wconf 86' lang='lat'>1508-1509.</span> 
     </span>
    </p>
   </div>
   <div class='ocr_carea' id='block_1_2' title="bbox 429 523 3035 4059">
    <p class='ocr_par' dir='ltr' id='par_1_2' title="bbox 429 523 3035 4059">
     <span class='ocr_line' id='line_1_2' title="bbox 441 523 2682 609; baseline 0.002 -24"><span class='ocrx_word' id='word_1_5' title='bbox 441 523 727 603; x_wconf 90' lang='lat' dir='ltr'><strong>exemplo</strong></span> <span class='ocrx_word' id='word_1_6' title='bbox 776 525 1056 604; x_wconf 81' lang='lat' dir='ltr'><strong>paterne.</strong></span> <span class='ocrx_word' id='word_1_7' title='bbox 1149 524 1430 587; x_wconf 77' lang='lat' dir='ltr'><strong>Accessit</strong></span> <span class='ocrx_word' id='word_1_8' title='bbox 1475 524 1783 589; x_wconf 83' lang='lat' dir='ltr'><strong>sodalium</strong></span> <span class='ocrx_word' id='word_1_9' title='bbox 1833 527 2174 602; x_wconf 82' lang='lat' dir='ltr'><strong>temeritas,</strong></span> <span class='ocrx_word' id='word_1_10' title='bbox 2223 550 2383 609; x_wconf 87' lang='lat' dir='ltr'><strong>quae</strong></span> <span class='ocrx_word' id='word_1_11' title='bbox 2431 533 2494 589; x_wconf 88' lang='lat' dir='ltr'><strong>te</strong></span> <span class='ocrx_word' id='word_1_12' title='bbox 2541 528 2682 590; x_wconf 89' lang='lat' dir='ltr'><strong>dor-</strong></span> 
     </span>
     <span class='ocr_line' id='line_1_3' title="bbox 435 608 2684 690; baseline 0.001 -18"><span class='ocrx_word' id='word_1_13' title='bbox 435 611 587 672; x_wconf 86' lang='lat' dir='ltr'><strong>mire</strong></span> <span class='ocrx_word' id='word_1_14' title='bbox 636 631 756 671; x_wconf 91' lang='lat' dir='ltr'><strong>non</strong></span> <span class='ocrx_word' id='word_1_15' title='bbox 807 608 1218 690; x_wconf 68' lang='lat' dir='ltr'><strong>patiebatur.a</strong></span> <span class='ocrx_word' id='word_1_16' title='bbox 1287 610 1631 688; x_wconf 89' lang='lat' dir='ltr'><strong>Emersisti,</strong></span> <span class='ocrx_word' id='word_1_17' title='bbox 1680 618 1739 673; x_wconf 89' lang='lat' dir='ltr'><strong>et</strong></span> <span class='ocrx_word' id='word_1_18' title='bbox 1774 612 1959 674; x_wconf 89' lang='lat' dir='ltr'><strong>istam</strong></span> <span class='ocrx_word' id='word_1_19' title='bbox 2000 613 2321 676; x_wconf 85' lang='lat' dir='ltr'><strong>infamiam</strong></span> <span class='ocrx_word' id='word_1_20' title='bbox 2358 614 2684 690; x_wconf 79' lang='lat' dir='ltr'><strong>radicituS,</strong></span> 
     </span>
     <span class='ocr_line' id='line_1_4' title="bbox 437 694 2685 783; baseline 0.003 -27"><span class='ocrx_word' id='word_1_21' title='bbox 437 696 490 757; x_wconf 90' lang='lat' dir='ltr'><strong>si</strong></span> <span class='ocrx_word' id='word_1_22' title='bbox 537 696 704 775; x_wconf 88' lang='lat' dir='ltr'><strong>apud</strong></span> <span class='ocrx_word' id='word_1_23' title='bbox 752 694 902 758; x_wconf 90' lang='lat' dir='ltr'><strong>Luci</strong></span> <span class='ocrx_word' id='word_1_24' title='bbox 936 696 1367 777; x_wconf 88' lang='lat' dir='ltr'><strong>proseucham&#39;</strong></span> <span class='ocrx_word' id='word_1_25' title='bbox 1411 697 1757 761; x_wconf 78' lang='lat' dir='ltr'><strong>modestius</strong></span> <span class='ocrx_word' id='word_1_26' title='bbox 1791 699 2009 778; x_wconf 84' lang='lat' dir='ltr'><strong>egeriS,</strong></span> <span class='ocrx_word' id='word_1_27' title='bbox 2046 699 2483 783; x_wconf 76' lang='lat' dir='ltr'><strong>exsti1‘pabiS.¹³</strong></span> <span class='ocrx_word' id='word_1_28' title='bbox 2566 699 2685 762; x_wconf 88' lang='lat' dir='ltr'><strong>Re-</strong></span> 
     </span>
     <span class='ocr_line' id='line_1_5' title="bbox 437 782 2686 862; baseline 0.002 -19"><span class='ocrx_word' id='word_1_29' title='bbox 437 782 680 862; x_wconf 88' lang='lat' dir='ltr'><strong>liquisti</strong></span> <span class='ocrx_word' id='word_1_30' title='bbox 740 787 936 845; x_wconf 88' lang='lat' dir='ltr'><strong>tetros</strong></span> <span class='ocrx_word' id='word_1_31' title='bbox 997 786 1057 844; x_wconf 86' lang='lat' dir='ltr'><strong>et</strong></span> <span class='ocrx_word' id='word_1_32' title='bbox 1117 784 1495 860; x_wconf 79' lang='lat' dir='ltr'>cerebrosos,</span> <span class='ocrx_word' id='word_1_33' title='bbox 1562 783 1709 846; x_wconf 87' lang='lat' dir='ltr'><strong>item</strong></span> <span class='ocrx_word' id='word_1_34' title='bbox 1770 784 2166 847; x_wconf 78' lang='lat' dir='ltr'><strong>adulationes</strong></span> <span class='ocrx_word' id='word_1_35' title='bbox 2211 785 2569 848; x_wconf 89' lang='lat' dir='ltr'><strong>rabularum</strong></span> <span class='ocrx_word' id='word_1_36' title='bbox 2618 791 2686 848; x_wconf 83' lang='lat' dir='ltr'><strong>&#39;et</strong></span> 
     </span>
     <span class='ocr_line' id='line_1_6' title="bbox 440 867 2685 950; baseline 0.003 -21"><span class='ocrx_word' id='word_1_37' title='bbox 440 867 856 947; x_wconf 85' lang='lat' dir='ltr'><strong>litigiosorum</strong></span> <span class='ocrx_word' id='word_1_38' title='bbox 909 868 1254 933; x_wconf 88' lang='lat' dir='ltr'><strong>barbariem</strong></span> <span class='ocrx_word' id='word_1_39' title='bbox 1304 871 1639 950; x_wconf 86' lang='lat' dir='ltr'><strong>variosque</strong></span> <span class='ocrx_word' id='word_1_40' title='bbox 1681 872 2000 933; x_wconf 89' lang='lat' dir='ltr'><strong>discursus</strong></span> <span class='ocrx_word' id='word_1_41' title='bbox 2034 875 2095 934; x_wconf 89' lang='lat' dir='ltr'><strong>et</strong></span> <span class='ocrx_word' id='word_1_42' title='bbox 2133 872 2379 935; x_wconf 85' lang='lat' dir='ltr'><strong>labores</strong></span> <span class='ocrx_word' id='word_1_43' title='bbox 2410 871 2685 935; x_wconf 80' lang='lat' dir='ltr'><strong>toleratu</strong></span> 
     </span>
     <span class='ocr_line' id='line_1_7' title="bbox 438 952 3035 1035; baseline 0.002 -20"><span class='ocrx_word' id='word_1_44' title='bbox 438 952 750 1016; x_wconf 77' lang='lat' dir='ltr'><strong>difficiles.</strong></span> <span class='ocrx_word' id='word_1_45' title='bbox 863 955 1073 1017; x_wconf 79' lang='lat' dir='ltr'><strong>Habes</strong></span> <span class='ocrx_word' id='word_1_46' title='bbox 1132 955 1346 1019; x_wconf 79' lang='lat' dir='ltr'><strong>herum</strong></span> <span class='ocrx_word' id='word_1_47' title='bbox 1412 956 1755 1019; x_wconf 90' lang='lat' dir='ltr'><strong>humanum</strong></span> <span class='ocrx_word' id='word_1_48' title='bbox 1807 962 1869 1019; x_wconf 90' lang='lat' dir='ltr'><strong>et</strong></span> <span class='ocrx_word' id='word_1_49' title='bbox 1914 957 2178 1032; x_wconf 79' lang='lat' dir='ltr'><strong>facilem,</strong></span> <span class='ocrx_word' id='word_1_50' title='bbox 2229 958 2424 1021; x_wconf 85' lang='lat' dir='ltr'><strong>habes</strong></span> <span class='ocrx_word' id='word_1_51' title='bbox 2471 959 2681 1035; x_wconf 84' lang='lat' dir='ltr'><strong>libros,</strong></span> <span class='ocrx_word' id='word_1_52' title='bbox 3030 993 3035 1014; x_wconf 84' lang='lat'>.</span> 
     </span>
     <span class='ocr_line' id='line_1_8' title="bbox 441 1041 2685 1125; baseline 0.002 -22"><span class='ocrx_word' id='word_1_53' title='bbox 441 1042 676 1123; x_wconf 87' lang='lat' dir='ltr'><strong>poteris</strong></span> <span class='ocrx_word' id='word_1_54' title='bbox 723 1042 880 1104; x_wconf 89' lang='lat' dir='ltr'><strong>satis</strong></span> <span class='ocrx_word' id='word_1_55' title='bbox 912 1042 1288 1125; x_wconf 77' lang='lat' dir='ltr'><strong>abundeque</strong></span> <span class='ocrx_word' id='word_1_56' title='bbox 1334 1042 1630 1124; x_wconf 89' lang='lat' dir='ltr'><strong>proficere</strong></span> <span class='ocrx_word' id='word_1_57' title='bbox 1676 1048 1739 1104; x_wconf 88' lang='lat' dir='ltr'><strong>et</strong></span> <span class='ocrx_word' id='word_1_58' title='bbox 1785 1044 2015 1123; x_wconf 75' lang='lat' dir='ltr'><strong>pariter</strong></span> <span class='ocrx_word' id='word_1_59' title='bbox 2060 1041 2455 1107; x_wconf 73' lang='lat' dir='ltr'><strong>auditoribus</strong></span> <span class='ocrx_word' id='word_1_60' title='bbox 2503 1046 2685 1125; x_wconf 89' lang='lat' dir='ltr'><strong>prod-</strong></span> 
     </span>
     <span class='ocr_line' id='line_1_9' title="bbox 442 1126 2680 1212; baseline 0.002 -23"><span class='ocrx_word' id='word_1_61' title='bbox 442 1150 594 1190; x_wconf 88' lang='lat' dir='ltr'><strong>esse.</strong></span> <span class='ocrx_word' id='word_1_62' title='bbox 693 1126 876 1202; x_wconf 80' lang='lat' dir='ltr'><strong>„Otio</strong></span> <span class='ocrx_word' id='word_1_63' title='bbox 907 1139 934 1167; x_wconf 55' lang='grc' dir='ltr'>ὓ</span> <span class='ocrx_word' id='word_1_64' title='bbox 977 1129 1358 1210; x_wconf 87' lang='lat' dir='ltr'><strong>prodimur“,</strong></span> <span class='ocrx_word' id='word_1_65' title='bbox 1408 1130 1617 1209; x_wconf 87' lang='lat' dir='ltr'><strong>inquit</strong></span> <span class='ocrx_word' id='word_1_66' title='bbox 1666 1128 1924 1192; x_wconf 89' lang='lat' dir='ltr'><strong>Plinius.</strong></span> <span class='ocrx_word' id='word_1_67' title='bbox 2037 1130 2157 1193; x_wconf 86' lang='lat' dir='ltr'><strong>Fac</strong></span> <span class='ocrx_word' id='word_1_68' title='bbox 2224 1131 2433 1212; x_wconf 86' lang='lat' dir='ltr'><strong>igitur,</strong></span> <span class='ocrx_word' id='word_1_69' title='bbox 2504 1135 2575 1194; x_wconf 89' lang='lat' dir='ltr'><strong>ut</strong></span> <span class='ocrx_word' id='word_1_70' title='bbox 2620 1133 2680 1194; x_wconf 94' lang='lat' dir='ltr'><strong>in</strong></span> 
     </span>
     <span class='ocr_line' id='line_1_10' title="bbox 440 1214 2679 1297; baseline 0.001 -21"><span class='ocrx_word' id='word_1_71' title='bbox 440 1220 622 1276; x_wconf 86' lang='lat' dir='ltr'><strong>antro</strong></span> <span class='ocrx_word' id='word_1_72' title='bbox 671 1215 1070 1294; x_wconf 82' lang='lat' dir='ltr'><strong>sacrarioque</strong></span> <span class='ocrx_word' id='word_1_73' title='bbox 1119 1214 1389 1278; x_wconf 85' lang='lat' dir='ltr'><strong>Vallensi</strong></span> <span class='ocrx_word' id='word_1_74' title='bbox 1439 1215 1593 1278; x_wconf 84' lang='lat' dir='ltr'><strong>nihil</strong></span> <span class='ocrx_word' id='word_1_75' title='bbox 1640 1237 1792 1297; x_wconf 83' lang='lat' dir='ltr'><strong>agas</strong></span> <span class='ocrx_word' id='word_1_76' title='bbox 1839 1221 1950 1278; x_wconf 89' lang='lat' dir='ltr'><strong>aut</strong></span> <span class='ocrx_word' id='word_1_77' title='bbox 1997 1216 2167 1278; x_wconf 90' lang='lat' dir='ltr'><strong>dicas</strong></span> <span class='ocrx_word' id='word_1_78' title='bbox 2216 1219 2333 1280; x_wconf 91' lang='lat' dir='ltr'><strong>nisi</strong></span> <span class='ocrx_word' id='word_1_79' title='bbox 2394 1222 2679 1279; x_wconf 86' lang='lat' dir='ltr'><strong>sanctum</strong></span> 
     </span>
     <span class='ocr_line' id='line_1_11' title="bbox 447 1299 2683 1384; baseline 0.001 -22"><span class='ocrx_word' id='word_1_80' title='bbox 447 1305 510 1362; x_wconf 90' lang='lat' dir='ltr'><strong>et</strong></span> <span class='ocrx_word' id='word_1_81' title='bbox 557 1300 723 1380; x_wconf 87' lang='lat' dir='ltr'><strong>quod</strong></span> <span class='ocrx_word' id='word_1_82' title='bbox 775 1299 836 1362; x_wconf 90' lang='lat' dir='ltr'><strong>in</strong></span> <span class='ocrx_word' id='word_1_83' title='bbox 885 1301 1074 1363; x_wconf 89' lang='lat' dir='ltr'><strong>decus</strong></span> <span class='ocrx_word' id='word_1_84' title='bbox 1122 1305 1184 1363; x_wconf 90' lang='lat' dir='ltr'><strong>et</strong></span> <span class='ocrx_word' id='word_1_85' title='bbox 1231 1303 1487 1382; x_wconf 85' lang='lat' dir='ltr'><strong>gloriam</strong></span> <span class='ocrx_word' id='word_1_86' title='bbox 1541 1301 1741 1364; x_wconf 86' lang='lat' dir='ltr'><strong>cedat.</strong></span> <span class='ocrx_word' id='word_1_87' title='bbox 1832 1300 2049 1384; x_wconf 86' lang='lat' dir='ltr'><strong>Neque</strong></span> <span class='ocrx_word' id='word_1_88' title='bbox 2097 1303 2260 1365; x_wconf 88' lang='lat' dir='ltr'><strong>enim</strong></span> <span class='ocrx_word' id='word_1_89' title='bbox 2308 1325 2550 1384; x_wconf 87' lang='lat' dir='ltr'><strong>semper</strong></span> <span class='ocrx_word' id='word_1_90' title='bbox 2594 1303 2683 1365; x_wconf 89' lang='lat' dir='ltr'><strong>la·-</strong></span> 
     </span>
     <span class='ocr_line' id='line_1_12' title="bbox 433 1386 2685 1470; baseline 0.001 -22"><span class='ocrx_word' id='word_1_91' title='bbox 433 1386 618 1449; x_wconf 78' lang='lat' dir='ltr'><strong>tebiS.</strong></span> <span class='ocrx_word' id='word_1_92' title='bbox 709 1386 778 1448; x_wconf 86' lang='lat' dir='ltr'><strong>In</strong></span> <span class='ocrx_word' id='word_1_93' title='bbox 829 1387 1026 1450; x_wconf 85' lang='lat' dir='ltr'><strong>lucem</strong></span> <span class='ocrx_word' id='word_1_94' title='bbox 1083 1388 1338 1450; x_wconf 84' lang='lat' dir='ltr'><strong>tandem</strong></span> <span class='ocrx_word' id='word_1_95' title='bbox 1373 1388 1655 1470; x_wconf 84' lang='lat' dir='ltr'><strong>prodibis</strong></span> <span class='ocrx_word' id='word_1_96' title='bbox 1689 1387 1939 1451; x_wconf 85' lang='lat' dir='ltr'><strong>futurus</strong></span> <span class='ocrx_word' id='word_1_97' title='bbox 1971 1389 2317 1452; x_wconf 82' lang='lat' dir='ltr'><strong>advocatus</strong></span> <span class='ocrx_word' id='word_1_98' title='bbox 2350 1393 2412 1451; x_wconf 80' lang='lat' dir='ltr'><strong>et·</strong></span> <span class='ocrx_word' id='word_1_99' title='bbox 2446 1389 2685 1452; x_wconf 84' lang='lat' dir='ltr'><strong>celeber</strong></span> 
     </span>
     <span class='ocr_line' id='line_1_13' title="bbox 435 1472 2683 1557; baseline 0 -21"><span class='ocrx_word' id='word_1_100' title='bbox 435 1472 854 1555; x_wconf 71' lang='lat' dir='ltr'><strong>jurisperitus</strong></span> <span class='ocrx_word' id='word_1_101' title='bbox 947 1473 1129 1537; x_wconf 92' lang='lat' dir='ltr'><strong>Nunc</strong></span> <span class='ocrx_word' id='word_1_102' title='bbox 1177 1479 1424 1556; x_wconf 89' lang='lat' dir='ltr'><strong>tempus</strong></span> <span class='ocrx_word' id='word_1_103' title='bbox 1459 1478 1573 1548; x_wconf 87' lang='lat' dir='ltr'><strong>est,</strong></span> <span class='ocrx_word' id='word_1_104' title='bbox 1622 1479 1693 1536; x_wconf 88' lang='lat' dir='ltr'><strong>ut</strong></span> <span class='ocrx_word' id='word_1_105' title='bbox 1726 1475 2034 1556; x_wconf 88' lang='lat' dir='ltr'><strong>praesidia</strong></span> <span class='ocrx_word' id='word_1_106' title='bbox 2069 1497 2409 1556; x_wconf 79' lang='lat' dir='ltr'><strong>compareS,</strong></span> <span class='ocrx_word' id='word_1_107' title='bbox 2453 1475 2683 1557; x_wconf 91' lang='lat' dir='ltr'><strong>quibus</strong></span> 
     </span>
     <span class='ocr_line' id='line_1_14' title="bbox 439 1559 2682 1642; baseline 0.001 -22"><span class='ocrx_word' id='word_1_108' title='bbox 439 1581 732 1622; x_wconf 82' lang='lat' dir='ltr'><strong>exerceas</strong></span> <span class='ocrx_word' id='word_1_109' title='bbox 781 1559 1118 1624; x_wconf 87' lang='lat' dir='ltr'><strong>tribunalia</strong></span> <span class='ocrx_word' id='word_1_110' title='bbox 1169 1568 1231 1623; x_wconf 87' lang='lat' dir='ltr'><strong>et</strong></span> <span class='ocrx_word' id='word_1_111' title='bbox 1275 1561 1633 1642; x_wconf 85' lang='lat' dir='ltr'><strong>pecuniosis</strong></span> <span class='ocrx_word' id='word_1_112' title='bbox 1666 1561 1783 1623; x_wconf 84' lang='lat' dir='ltr'><strong>fori</strong></span> <span class='ocrx_word' id='word_1_113' title='bbox 1816 1560 2153 1624; x_wconf 89' lang='lat' dir='ltr'><strong>latratibus</strong></span> <span class='ocrx_word' id='word_1_114' title='bbox 2195 1583 2503 1624; x_wconf 66' lang='lat' dir='ltr'><strong>occurras</strong></span> <span class='ocrx_word' id='word_1_115' title='bbox 2552 1561 2682 1642; x_wconf 86' lang='lat' dir='ltr'><strong>Ego</strong></span> 
     </span>
     <span class='ocr_line' id='line_1_15' title="bbox 435 1647 2683 1729; baseline 0 -20"><span class='ocrx_word' id='word_1_116' title='bbox 435 1650 499 1709; x_wconf 88' lang='lat' dir='ltr'><strong>te</strong></span> <span class='ocrx_word' id='word_1_117' title='bbox 545 1666 797 1708; x_wconf 88' lang='lat' dir='ltr'><strong>monere</strong></span> <span class='ocrx_word' id='word_1_118' title='bbox 866 1667 988 1709; x_wconf 91' lang='lat' dir='ltr'><strong>non</strong></span> <span class='ocrx_word' id='word_1_119' title='bbox 1061 1647 1364 1726; x_wconf 85' lang='lat' dir='ltr'><strong>desinam,</strong></span> <span class='ocrx_word' id='word_1_120' title='bbox 1433 1647 1621 1710; x_wconf 89' lang='lat' dir='ltr'><strong>modo</strong></span> <span class='ocrx_word' id='word_1_121' title='bbox 1687 1669 1907 1729; x_wconf 86' lang='lat' dir='ltr'><strong>pareas</strong></span> <span class='ocrx_word' id='word_1_122' title='bbox 1979 1647 2137 1710; x_wconf 79' lang='lat' dir='ltr'><strong>bene</strong></span> <span class='ocrx_word' id='word_1_123' title='bbox 2194 1649 2497 1710; x_wconf 85' lang='lat' dir='ltr'><strong>monenti.</strong></span> <span class='ocrx_word' id='word_1_124' title='bbox 2588 1648 2683 1710; x_wconf 91' lang='lat' dir='ltr'><strong>Ad</strong></span> 
     </span>
     <span class='ocr_line' id='line_1_16' title="bbox 445 1732 2684 1816; baseline 0.001 -22"><span class='ocrx_word' id='word_1_125' title='bbox 445 1753 726 1794; x_wconf 89' lang='lat' dir='ltr'><strong>normam</strong></span> <span class='ocrx_word' id='word_1_126' title='bbox 775 1733 958 1797; x_wconf 88' lang='lat' dir='ltr'><strong>velim</strong></span> <span class='ocrx_word' id='word_1_127' title='bbox 1007 1756 1324 1816; x_wconf 81' lang='lat' dir='ltr'><strong>excerpaS,</strong></span> <span class='ocrx_word' id='word_1_128' title='bbox 1371 1756 1497 1796; x_wconf 92' lang='lat' dir='ltr'><strong>non</strong></span> <span class='ocrx_word' id='word_1_129' title='bbox 1547 1736 1821 1796; x_wconf 86' lang='lat' dir='ltr'><strong>confuse.</strong></span> <span class='ocrx_word' id='word_1_130' title='bbox 1916 1733 2020 1797; x_wconf 84' lang='lat' dir='ltr'><strong>Sic</strong></span> <span class='ocrx_word' id='word_1_131' title='bbox 2086 1736 2445 1798; x_wconf 88' lang='lat' dir='ltr'><strong>memoriam</strong></span> <span class='ocrx_word' id='word_1_132' title='bbox 2493 1732 2684 1796; x_wconf 82' lang='lat' dir='ltr'><strong>facies</strong></span> 
     </span>
     <span class='ocr_line' id='line_1_17' title="bbox 439 1818 2683 1902; baseline 0 -20"><span class='ocrx_word' id='word_1_133' title='bbox 439 1818 843 1884; x_wconf 83' lang='lat' dir='ltr'><strong>tenaciorem.</strong></span> <span class='ocrx_word' id='word_1_134' title='bbox 921 1818 1079 1882; x_wconf 89' lang='lat' dir='ltr'><strong>Nam</strong></span> <span class='ocrx_word' id='word_1_135' title='bbox 1115 1822 1562 1883; x_wconf 80' lang='lat' dir='ltr'><strong>annotationes</strong></span> <span class='ocrx_word' id='word_1_136' title='bbox 1590 1832 1617 1860; x_wconf 53' lang='grc' dir='ltr'><strong>ὃ</strong></span> <span class='ocrx_word' id='word_1_137' title='bbox 1661 1827 1868 1884; x_wconf 84' lang='lat' dir='ltr'><strong>rectae</strong></span> <span class='ocrx_word' id='word_1_138' title='bbox 1901 1820 2355 1902; x_wconf 88' lang='lat' dir='ltr'><strong>demensaeque</strong></span> <span class='ocrx_word' id='word_1_139' title='bbox 2400 1820 2683 1883; x_wconf 82' lang='lat' dir='ltr'><strong>tenacius</strong></span> 
     </span>
     <span class='ocr_line' id='line_1_18' title="bbox 442 1905 2681 1988; baseline 0 -20"><span class='ocrx_word' id='word_1_140' title='bbox 442 1905 721 1969; x_wconf 87' lang='lat' dir='ltr'><strong>haerent.</strong></span> <span class='ocrx_word' id='word_1_141' title='bbox 816 1905 1044 1986; x_wconf 83' lang='lat' dir='ltr'><strong>Accipe</strong></span> <span class='ocrx_word' id='word_1_142' title='bbox 1077 1929 1382 1970; x_wconf 87' lang='lat' dir='ltr'><strong>summam</strong></span> <span class='ocrx_word' id='word_1_143' title='bbox 1419 1907 1620 1969; x_wconf 81' lang='lat' dir='ltr'><strong>nostri</strong></span> <span class='ocrx_word' id='word_1_144' title='bbox 1650 1907 1975 1988; x_wconf 89' lang='lat' dir='ltr'><strong>propositi,</strong></span> <span class='ocrx_word' id='word_1_145' title='bbox 2024 1906 2129 1969; x_wconf 90' lang='lat' dir='ltr'><strong>sed</strong></span> <span class='ocrx_word' id='word_1_146' title='bbox 2167 1930 2299 1970; x_wconf 88' lang='lat' dir='ltr'><strong>eam</strong></span> <span class='ocrx_word' id='word_1_147' title='bbox 2335 1911 2406 1970; x_wconf 87' lang='lat' dir='ltr'><strong>ut</strong></span> <span class='ocrx_word' id='word_1_148' title='bbox 2439 1929 2681 1969; x_wconf 89' lang='lat' dir='ltr'><strong>sacrum</strong></span> 
     </span>
     <span class='ocr_line' id='line_1_19' title="bbox 440 1991 2681 2074; baseline -0 -19"><span class='ocrx_word' id='word_1_149' title='bbox 440 1991 788 2056; x_wconf 86' lang='lat' dir='ltr'><strong>Palladium</strong></span> <span class='ocrx_word' id='word_1_150' title='bbox 854 1993 1016 2055; x_wconf 89' lang='lat' dir='ltr'><strong>inter</strong></span> <span class='ocrx_word' id='word_1_151' title='bbox 1079 2016 1308 2056; x_wconf 89' lang='lat' dir='ltr'><strong>arcana</strong></span> <span class='ocrx_word' id='word_1_152' title='bbox 1374 1993 1715 2056; x_wconf 74' lang='lat' dir='ltr'><strong>custodias</strong></span> <span class='ocrx_word' id='word_1_153' title='bbox 1829 1992 1955 2058; x_wconf 86' lang='lat' dir='ltr'><strong>Sex</strong></span> <span class='ocrx_word' id='word_1_154' title='bbox 2025 1993 2235 2074; x_wconf 89' lang='lat' dir='ltr'><strong>capita</strong></span> <span class='ocrx_word' id='word_1_155' title='bbox 2296 1993 2681 2056; x_wconf 87' lang='lat' dir='ltr'><strong>constituas:</strong></span> 
     </span>
     <span class='ocr_line' id='line_1_20' title="bbox 438 2079 2684 2158; baseline -0.001 -15"><span class='ocrx_word' id='word_1_156' title='bbox 438 2079 732 2154; x_wconf 87' lang='lat' dir='ltr'><strong>rusticus,</strong></span> <span class='ocrx_word' id='word_1_157' title='bbox 781 2079 1079 2156; x_wconf 61' lang='lat' dir='ltr'><strong>urhamm,</strong></span> <span class='ocrx_word' id='word_1_158' title='bbox 1129 2081 1322 2153; x_wconf 77' lang='lat' dir='ltr'><strong>mileS,</strong></span> <span class='ocrx_word' id='word_1_159' title='bbox 1369 2080 1579 2158; x_wconf 86' lang='lat' dir='ltr'><strong>fiscus,</strong></span> <span class='ocrx_word' id='word_1_160' title='bbox 1627 2084 1846 2154; x_wconf 89' lang='lat' dir='ltr'><strong>rostra,</strong></span> <span class='ocrx_word' id='word_1_161' title='bbox 1882 2081 2187 2142; x_wconf 83' lang='lat' dir='ltr'><strong>sacerdos,</strong></span> <span class='ocrx_word' id='word_1_162' title='bbox 2266 2079 2379 2142; x_wconf 91' lang='lat' dir='ltr'><strong>His</strong></span> <span class='ocrx_word' id='word_1_163' title='bbox 2422 2079 2684 2143; x_wconf 85' lang='lat' dir='ltr'><strong>rubricis</strong></span> 
     </span>
     <span class='ocr_line' id='line_1_21' title="bbox 437 2166 2681 2247; baseline 0 -21"><span class='ocrx_word' id='word_1_164' title='bbox 437 2166 721 2247; x_wconf 86' lang='lat' dir='ltr'><strong>singulos</strong></span> <span class='ocrx_word' id='word_1_165' title='bbox 767 2168 1250 2230; x_wconf 83' lang='lat' dir='ltr'><strong>commentarios</strong></span> <span class='ocrx_word' id='word_1_166' title='bbox 1297 2167 1557 2229; x_wconf 75' lang='lat' dir='ltr'><strong>dicabis</strong></span> <span class='ocrx_word' id='word_1_167' title='bbox 1649 2166 1717 2227; x_wconf 91' lang='lat' dir='ltr'><strong>In</strong></span> <span class='ocrx_word' id='word_1_168' title='bbox 1769 2168 2070 2230; x_wconf 88' lang='lat' dir='ltr'><strong>rusticum</strong></span> <span class='ocrx_word' id='word_1_169' title='bbox 2122 2190 2189 2228; x_wconf 88' lang='lat' dir='ltr'><strong>ea</strong></span> <span class='ocrx_word' id='word_1_170' title='bbox 2238 2166 2396 2228; x_wconf 86' lang='lat' dir='ltr'><strong>refer</strong></span> <span class='ocrx_word' id='word_1_171' title='bbox 2450 2167 2681 2236; x_wconf 87' lang='lat' dir='ltr'><strong>omnia,</strong></span> 
     </span>
     <span class='ocr_line' id='line_1_22' title="bbox 443 2253 2680 2336; baseline -0 -21"><span class='ocrx_word' id='word_1_172' title='bbox 443 2275 604 2336; x_wconf 88' lang='lat' dir='ltr'><strong>quae</strong></span> <span class='ocrx_word' id='word_1_173' title='bbox 651 2253 818 2332; x_wconf 82' lang='lat' dir='ltr'><strong>leges</strong></span> <span class='ocrx_word' id='word_1_174' title='bbox 865 2260 925 2316; x_wconf 89' lang='lat' dir='ltr'><strong>et</strong></span> <span class='ocrx_word' id='word_1_175' title='bbox 973 2253 1254 2317; x_wconf 89' lang='lat' dir='ltr'><strong>historici</strong></span> <span class='ocrx_word' id='word_1_176' title='bbox 1303 2259 1363 2315; x_wconf 84' lang='lat' dir='ltr'><strong>et</strong></span> <span class='ocrx_word' id='word_1_177' title='bbox 1410 2253 1807 2333; x_wconf 82' lang='lat' dir='ltr'><strong>grammatici</strong></span> <span class='ocrx_word' id='word_1_178' title='bbox 1852 2259 1916 2316; x_wconf 84' lang='lat' dir='ltr'><strong>et.</strong></span> <span class='ocrx_word' id='word_1_179' title='bbox 1964 2260 2202 2314; x_wconf 87' lang='lat' dir='ltr'><strong>veteres</strong></span> <span class='ocrx_word' id='word_1_180' title='bbox 2249 2259 2311 2314; x_wconf 87' lang='lat' dir='ltr'><strong>et</strong></span> <span class='ocrx_word' id='word_1_181' title='bbox 2358 2254 2504 2314; x_wconf 90' lang='lat' dir='ltr'><strong>novi</strong></span> <span class='ocrx_word' id='word_1_182' title='bbox 2534 2275 2680 2314; x_wconf 88' lang='lat' dir='ltr'><strong>auc-</strong></span> 
     </span>
     <span class='ocr_line' id='line_1_23' title="bbox 440 2338 3034 2420; baseline -0.001 -18"><span class='ocrx_word' id='word_1_183' title='bbox 440 2344 608 2402; x_wconf 84' lang='lat' dir='ltr'><strong>tores</strong></span> <span class='ocrx_word' id='word_1_184' title='bbox 653 2339 914 2402; x_wconf 90' lang='lat' dir='ltr'><strong>tradunt</strong></span> <span class='ocrx_word' id='word_1_185' title='bbox 961 2340 1038 2402; x_wconf 90' lang='lat' dir='ltr'><strong>ad</strong></span> <span class='ocrx_word' id='word_1_186' title='bbox 1084 2363 1210 2403; x_wconf 86' lang='lat' dir='ltr'><strong>rem</strong></span> <span class='ocrx_word' id='word_1_187' title='bbox 1259 2341 1561 2402; x_wconf 85' lang='lat' dir='ltr'><strong>rusticam</strong></span> <span class='ocrx_word' id='word_1_188' title='bbox 1610 2340 2010 2420; x_wconf 86' lang='lat' dir='ltr'><strong>pertinentia.</strong></span> <span class='ocrx_word' id='word_1_189' title='bbox 2101 2338 2412 2401; x_wconf 84' lang='lat' dir='ltr'><strong>Examina</strong></span> <span class='ocrx_word' id='word_1_190' title='bbox 2459 2339 2683 2402; x_wconf 87' lang='lat' dir='ltr'><strong>titulos</strong></span> <span class='ocrx_word' id='word_1_191' title='bbox 3033 2339 3034 2346; x_wconf 63' lang='lat'><em>&#39;</em></span> 
     </span>
     <span class='ocr_line' id='line_1_24' title="bbox 437 2425 2681 2510; baseline -0.002 -20"><span class='ocrx_word' id='word_1_192' title='bbox 437 2426 665 2509; x_wconf 88' lang='lat' dir='ltr'><strong>legum.</strong></span> <span class='ocrx_word' id='word_1_193' title='bbox 773 2425 910 2489; x_wconf 89' lang='lat' dir='ltr'><strong>Huc</strong></span> <span class='ocrx_word' id='word_1_194' title='bbox 963 2428 1236 2510; x_wconf 86' lang='lat' dir='ltr'><strong>pertinet</strong></span> <span class='ocrx_word' id='word_1_195' title='bbox 1293 2427 1545 2490; x_wconf 86' lang='lat' dir='ltr'><strong>rubrica</strong></span> <span class='ocrx_word' id='word_1_196' title='bbox 1600 2427 1674 2487; x_wconf 90' lang='lat' dir='ltr'><strong>de</strong></span> <span class='ocrx_word' id='word_1_197' title='bbox 1734 2426 1927 2490; x_wconf 90' lang='lat' dir='ltr'><strong>fundo</strong></span> <span class='ocrx_word' id='word_1_198' title='bbox 1991 2426 2301 2489; x_wconf 88' lang='lat' dir='ltr'><strong>instructo</strong></span> <span class='ocrx_word' id='word_1_199' title='bbox 2350 2431 2413 2489; x_wconf 89' lang='lat' dir='ltr'><strong>et</strong></span> <span class='ocrx_word' id='word_1_200' title='bbox 2458 2430 2681 2488; x_wconf 88' lang='lat' dir='ltr'><strong>cetera.</strong></span> 
     </span>
     <span class='ocr_line' id='line_1_25' title="bbox 439 2509 2683 2589; baseline -0.002 -12"><span class='ocrx_word' id='word_1_201' title='bbox 439 2515 698 2577; x_wconf 88' lang='lat' dir='ltr'><strong>Pensita</strong></span> <span class='ocrx_word' id='word_1_202' title='bbox 744 2514 1043 2577; x_wconf 89' lang='lat' dir='ltr'><strong>historias</strong></span> <span class='ocrx_word' id='word_1_203' title='bbox 1089 2512 1397 2589; x_wconf 84' lang='lat' dir='ltr'><strong>Suetonii,</strong></span> <span class='ocrx_word' id='word_1_204' title='bbox 1446 2512 1626 2589; x_wconf 84' lang='lat' dir='ltr'><strong>Livii,</strong></span> <span class='ocrx_word' id='word_1_205' title='bbox 1680 2509 1954 2575; x_wconf 82' lang='lat' dir='ltr'><strong>Valerii.²</strong></span> <span class='ocrx_word' id='word_1_206' title='bbox 2042 2512 2329 2575; x_wconf 89' lang='lat' dir='ltr'><strong>Invenies</strong></span> <span class='ocrx_word' id='word_1_207' title='bbox 2375 2514 2437 2575; x_wconf 89' lang='lat' dir='ltr'><strong>in</strong></span> <span class='ocrx_word' id='word_1_208' title='bbox 2488 2510 2683 2574; x_wconf 90' lang='lat' dir='ltr'><strong>Tran-</strong></span> 
     </span>
     <span class='ocr_line' id='line_1_26' title="bbox 435 2598 2681 2683; baseline -0.002 -20"><span class='ocrx_word' id='word_1_209' title='bbox 435 2598 660 2683; x_wconf 81' lang='lat' dir='ltr'><strong>quillo³</strong></span> <span class='ocrx_word' id='word_1_210' title='bbox 705 2600 876 2681; x_wconf 88' lang='lat' dir='ltr'><strong>leges</strong></span> <span class='ocrx_word' id='word_1_211' title='bbox 920 2600 1240 2682; x_wconf 90' lang='lat' dir='ltr'><strong>plurimas,</strong></span> <span class='ocrx_word' id='word_1_212' title='bbox 1289 2600 1351 2662; x_wconf 91' lang='lat' dir='ltr'><strong>in</strong></span> <span class='ocrx_word' id='word_1_213' title='bbox 1402 2600 1581 2662; x_wconf 93' lang='lat' dir='ltr'><strong>Livio</strong></span> <span class='ocrx_word' id='word_1_214' title='bbox 1629 2599 2146 2680; x_wconf 78' lang='lat' dir='ltr'><strong>appellationeS,⁸</strong></span> <span class='ocrx_word' id='word_1_215' title='bbox 2174 2599 2240 2661; x_wconf 90' lang='lat' dir='ltr'><strong>in</strong></span> <span class='ocrx_word' id='word_1_216' title='bbox 2274 2599 2514 2661; x_wconf 90' lang='lat' dir='ltr'><strong>Valerio</strong></span> <span class='ocrx_word' id='word_1_217' title='bbox 2559 2619 2681 2659; x_wconf 90' lang='lat' dir='ltr'><strong>non</strong></span> 
     </span>
     <span class='ocr_line' id='line_1_27' title="bbox 437 2685 2686 2770; baseline -0.002 -20"><span class='ocrx_word' id='word_1_218' title='bbox 437 2708 639 2770; x_wconf 87' lang='lat' dir='ltr'><strong>pauca</strong></span> <span class='ocrx_word' id='word_1_219' title='bbox 695 2686 769 2749; x_wconf 90' lang='lat' dir='ltr'><strong>de</strong></span> <span class='ocrx_word' id='word_1_220' title='bbox 831 2686 1093 2767; x_wconf 83' lang='lat' dir='ltr'><strong>privat-is</strong></span> <span class='ocrx_word' id='word_1_221' title='bbox 1151 2693 1214 2749; x_wconf 87' lang='lat' dir='ltr'><strong>et</strong></span> <span class='ocrx_word' id='word_1_222' title='bbox 1258 2686 1528 2767; x_wconf 85' lang='lat' dir='ltr'><strong>publicis</strong></span> <span class='ocrx_word' id='word_1_223' title='bbox 1569 2685 1843 2765; x_wconf 73' lang='lat' dir='ltr'><strong>judiciis</strong></span> <span class='ocrx_word' id='word_1_224' title='bbox 1940 2685 2053 2747; x_wconf 87' lang='lat' dir='ltr'><strong>Per</strong></span> <span class='ocrx_word' id='word_1_225' title='bbox 2097 2685 2542 2767; x_wconf 84' lang='lat' dir='ltr'><strong>grammaticos</strong></span> <span class='ocrx_word' id='word_1_226' title='bbox 2592 2685 2686 2746; x_wconf 88' lang='lat' dir='ltr'><strong>in-</strong></span> 
     </span>
     <span class='ocr_line' id='line_1_28' title="bbox 429 2771 2681 2853; baseline -0.002 -16"><span class='ocrx_word' id='word_1_227' title='bbox 429 2773 647 2853; x_wconf 85' lang='lat' dir='ltr'><strong>tellige</strong></span> <span class='ocrx_word' id='word_1_228' title='bbox 689 2771 1094 2837; x_wconf 81' lang='lat' dir='ltr'><strong>Beroaldum⁴</strong></span> <span class='ocrx_word' id='word_1_229' title='bbox 1141 2778 1204 2835; x_wconf 88' lang='lat' dir='ltr'><strong>et</strong></span> <span class='ocrx_word' id='word_1_230' title='bbox 1249 2772 1627 2836; x_wconf 71' lang='lat' dir='ltr'><strong>consimiles</strong></span> <span class='ocrx_word' id='word_1_231' title='bbox 1723 2772 1897 2848; x_wconf 86' lang='lat' dir='ltr'><strong>Quod</strong></span> <span class='ocrx_word' id='word_1_232' title='bbox 1948 2771 2079 2833; x_wconf 89' lang='lat' dir='ltr'><strong>dixi</strong></span> <span class='ocrx_word' id='word_1_233' title='bbox 2114 2774 2189 2833; x_wconf 86' lang='lat' dir='ltr'><strong>de</strong></span> <span class='ocrx_word' id='word_1_234' title='bbox 2221 2773 2474 2848; x_wconf 80' lang='lat' dir='ltr'><strong>rusticO,</strong></span> <span class='ocrx_word' id='word_1_235' title='bbox 2522 2771 2681 2833; x_wconf 89' lang='lat' dir='ltr'><strong>idern</strong></span> 
     </span>
     <span class='ocr_line' id='line_1_29' title="bbox 432 2858 2685 2942; baseline -0.002 -19"><span class='ocrx_word' id='word_1_236' title='bbox 432 2861 752 2941; x_wconf 84' lang='lat' dir='ltr'><strong>intelligas</strong></span> <span class='ocrx_word' id='word_1_237' title='bbox 800 2861 874 2923; x_wconf 91' lang='lat' dir='ltr'><strong>de</strong></span> <span class='ocrx_word' id='word_1_238' title='bbox 922 2860 1180 2941; x_wconf 89' lang='lat' dir='ltr'><strong>reliquis</strong></span> <span class='ocrx_word' id='word_1_239' title='bbox 1224 2858 1557 2942; x_wconf 83' lang='lat' dir='ltr'><strong>capitibus.</strong></span> <span class='ocrx_word' id='word_1_240' title='bbox 1652 2859 1835 2921; x_wconf 91' lang='lat' dir='ltr'><strong>Nunc</strong></span> <span class='ocrx_word' id='word_1_241' title='bbox 1882 2859 2031 2939; x_wconf 87' lang='lat' dir='ltr'><strong>quia</strong></span> <span class='ocrx_word' id='word_1_242' title='bbox 2077 2859 2331 2921; x_wconf 84' lang='lat' dir='ltr'><strong>titulum</strong></span> <span class='ocrx_word' id='word_1_243' title='bbox 2382 2858 2685 2939; x_wconf 64' lang='lat' dir='ltr'><strong>explanas</strong></span> 
     </span>
     <span class='ocr_line' id='line_1_30' title="bbox 434 2944 2679 3027; baseline -0.003 -17"><span class='ocrx_word' id='word_1_244' title='bbox 434 2948 508 3010; x_wconf 87' lang='lat' dir='ltr'><strong>de</strong></span> <span class='ocrx_word' id='word_1_245' title='bbox 557 2948 688 3010; x_wconf 89' lang='lat' dir='ltr'><strong>vita</strong></span> <span class='ocrx_word' id='word_1_246' title='bbox 733 2946 1094 3010; x_wconf 90' lang='lat' dir='ltr'><strong>clericorum</strong></span> <span class='ocrx_word' id='word_1_247' title='bbox 1131 2946 1415 3022; x_wconf 80' lang='lat' dir='ltr'><strong>honesta,</strong></span> <span class='ocrx_word' id='word_1_248' title='bbox 1465 2946 1675 3027; x_wconf 84' lang='lat' dir='ltr'><strong>cogita</strong></span> <span class='ocrx_word' id='word_1_249' title='bbox 1708 2945 1827 3008; x_wconf 88' lang='lat' dir='ltr'><strong>tibi</strong></span> <span class='ocrx_word' id='word_1_250' title='bbox 1863 2946 1925 3007; x_wconf 91' lang='lat' dir='ltr'><strong>in</strong></span> <span class='ocrx_word' id='word_1_251' title='bbox 1962 2967 2153 3009; x_wconf 91' lang='lat' dir='ltr'><strong>manu</strong></span> <span class='ocrx_word' id='word_1_252' title='bbox 2186 2966 2320 3007; x_wconf 91' lang='lat' dir='ltr'><strong>esse</strong></span> <span class='ocrx_word' id='word_1_253' title='bbox 2353 2944 2679 3007; x_wconf 88' lang='lat' dir='ltr'><strong>materiam</strong></span> 
     </span>
     <span class='ocr_line' id='line_1_31' title="bbox 435 3030 2683 3115; baseline -0.003 -18"><span class='ocrx_word' id='word_1_254' title='bbox 435 3034 903 3098; x_wconf 87' lang='lat' dir='ltr'><strong>sacerdotalem.</strong></span> <span class='ocrx_word' id='word_1_255' title='bbox 1021 3034 1226 3115; x_wconf 86' lang='lat' dir='ltr'><strong>Atque</strong></span> <span class='ocrx_word' id='word_1_256' title='bbox 1293 3033 1431 3096; x_wconf 88' lang='lat' dir='ltr'><strong>ideo</strong></span> <span class='ocrx_word' id='word_1_257' title='bbox 1503 3031 1725 3112; x_wconf 85' lang='lat' dir='ltr'><strong>collige</strong></span> <span class='ocrx_word' id='word_1_258' title='bbox 1794 3032 1953 3093; x_wconf 87' lang='lat' dir='ltr'><strong>scitu</strong></span> <span class='ocrx_word' id='word_1_259' title='bbox 2032 3032 2223 3111; x_wconf 87' lang='lat' dir='ltr'><strong>digna</strong></span> <span class='ocrx_word' id='word_1_260' title='bbox 2291 3035 2353 3092; x_wconf 86' lang='lat' dir='ltr'><strong>et</strong></span> <span class='ocrx_word' id='word_1_261' title='bbox 2423 3030 2683 3093; x_wconf 84' lang='lat' dir='ltr'><strong>collecta</strong></span> 
     </span>
     <span class='ocr_line' id='line_1_32' title="bbox 431 3116 2683 3194; baseline -0.004 -10"><span class='ocrx_word' id='word_1_262' title='bbox 431 3122 612 3185; x_wconf 90' lang='lat' dir='ltr'><strong>trude</strong></span> <span class='ocrx_word' id='word_1_263' title='bbox 645 3133 668 3161; x_wconf 79' lang='lat'>⁰</span> <span class='ocrx_word' id='word_1_264' title='bbox 717 3122 777 3183; x_wconf 90' lang='lat' dir='ltr'><strong>in</strong></span> <span class='ocrx_word' id='word_1_265' title='bbox 829 3120 1370 3194; x_wconf 83' lang='lat' dir='ltr'><strong>commentarium,</strong></span> <span class='ocrx_word' id='word_1_266' title='bbox 1420 3121 1516 3181; x_wconf 90' lang='lat' dir='ltr'><strong>cui</strong></span> <span class='ocrx_word' id='word_1_267' title='bbox 1566 3118 1793 3180; x_wconf 88' lang='lat' dir='ltr'><strong>titulus</strong></span> <span class='ocrx_word' id='word_1_268' title='bbox 1840 3123 1937 3179; x_wconf 80' lang='lat' dir='ltr'><strong>est</strong></span> <span class='ocrx_word' id='word_1_269' title='bbox 1984 3119 2291 3180; x_wconf 72' lang='lat' dir='ltr'><strong>sacerdos</strong></span> <span class='ocrx_word' id='word_1_270' title='bbox 2403 3116 2683 3191; x_wconf 81' lang='lat' dir='ltr'><strong>QuaeriS‚</strong></span> 
     </span>
     <span class='ocr_line' id='line_1_33' title="bbox 432 3200 2681 3290; baseline -0.004 -20"><span class='ocrx_word' id='word_1_271' title='bbox 432 3208 580 3290; x_wconf 89' lang='lat' dir='ltr'><strong>quid</strong></span> <span class='ocrx_word' id='word_1_272' title='bbox 645 3209 784 3270; x_wconf 90' lang='lat' dir='ltr'><strong>dem</strong></span> <span class='ocrx_word' id='word_1_273' title='bbox 859 3206 1122 3269; x_wconf 90' lang='lat' dir='ltr'><strong>consilii.</strong></span> <span class='ocrx_word' id='word_1_274' title='bbox 1231 3207 1326 3268; x_wconf 90' lang='lat' dir='ltr'><strong>Ita</strong></span> <span class='ocrx_word' id='word_1_275' title='bbox 1387 3205 1613 3268; x_wconf 87' lang='lat' dir='ltr'><strong>sentio.</strong></span> <span class='ocrx_word' id='word_1_276' title='bbox 1714 3204 1951 3285; x_wconf 82' lang='lat' dir='ltr'><strong>Repete</strong></span> <span class='ocrx_word' id='word_1_277' title='bbox 2000 3205 2193 3265; x_wconf 85' lang='lat' dir='ltr'><strong>vitam</strong></span> <span class='ocrx_word' id='word_1_278' title='bbox 2244 3203 2531 3281; x_wconf 87' lang='lat' dir='ltr'><strong>Gregorii</strong></span> <span class='ocrx_word' id='word_1_279' title='bbox 2577 3200 2681 3262; x_wconf 88' lang='lat' dir='ltr'><strong>IX.</strong></span> 
     </span>
     <span class='ocr_line' id='line_1_34' title="bbox 435 3288 2681 3376; baseline -0.004 -19"><span class='ocrx_word' id='word_1_280' title='bbox 435 3296 600 3376; x_wconf 89' lang='lat' dir='ltr'><strong>apud</strong></span> <span class='ocrx_word' id='word_1_281' title='bbox 653 3295 963 3357; x_wconf 86' lang='lat' dir='ltr'><strong>Platinam</strong></span> <span class='ocrx_word' id='word_1_282' title='bbox 1017 3314 1280 3372; x_wconf 90' lang='lat' dir='ltr'><strong>eamque</strong></span> <span class='ocrx_word' id='word_1_283' title='bbox 1328 3292 1402 3353; x_wconf 88' lang='lat' dir='ltr'><strong>de</strong></span> <span class='ocrx_word' id='word_1_284' title='bbox 1450 3291 1639 3353; x_wconf 90' lang='lat' dir='ltr'><strong>verbo</strong></span> <span class='ocrx_word' id='word_1_285' title='bbox 1686 3291 1762 3352; x_wconf 80' lang='lat' dir='ltr'><strong>ad</strong></span> <span class='ocrx_word' id='word_1_286' title='bbox 1813 3290 2067 3353; x_wconf 86' lang='lat' dir='ltr'><strong>verbum</strong></span> <span class='ocrx_word' id='word_1_287' title='bbox 2119 3291 2309 3352; x_wconf 84' lang='lat' dir='ltr'><strong>recita</strong></span> <span class='ocrx_word' id='word_1_288' title='bbox 2342 3288 2681 3369; x_wconf 77' lang='lat' dir='ltr'><strong>discipuliS,</strong></span> 
     </span>
     <span class='ocr_line' id='line_1_35' title="bbox 433 3374 2684 3463; baseline -0.005 -18"><span class='ocrx_word' id='word_1_289' title='bbox 433 3388 630 3463; x_wconf 87' lang='lat' dir='ltr'><strong>utque</strong></span> <span class='ocrx_word' id='word_1_290' title='bbox 678 3379 1038 3443; x_wconf 81' lang='lat' dir='ltr'><strong>describant</strong></span> <span class='ocrx_word' id='word_1_291' title='bbox 1110 3379 1319 3453; x_wconf 78' lang='lat' dir='ltr'><strong>facite,</strong></span> <span class='ocrx_word' id='word_1_292' title='bbox 1389 3377 1614 3439; x_wconf 85' lang='lat' dir='ltr'><strong>deinde</strong></span> <span class='ocrx_word' id='word_1_293' title='bbox 1679 3378 1873 3438; x_wconf 85' lang='lat' dir='ltr'><strong>vitam</strong></span> <span class='ocrx_word' id='word_1_294' title='bbox 1944 3376 2280 3438; x_wconf 83' lang='lat' dir='ltr'><strong>Alexandri</strong></span> <span class='ocrx_word' id='word_1_295' title='bbox 2344 3374 2469 3450; x_wconf 60' lang='lat' dir='ltr'><strong>Ill„</strong></span> <span class='ocrx_word' id='word_1_296' title='bbox 2538 3395 2684 3435; x_wconf 89' lang='lat' dir='ltr'><strong>mox</strong></span> 
     </span>
     <span class='ocr_line' id='line_1_36' title="bbox 432 3460 2681 3546; baseline -0.004 -15"><span class='ocrx_word' id='word_1_297' title='bbox 432 3468 783 3531; x_wconf 88' lang='lat' dir='ltr'><strong>Innocentii</strong></span> <span class='ocrx_word' id='word_1_298' title='bbox 847 3466 971 3546; x_wconf 86' lang='lat'><strong>111.,</strong></span> <span class='ocrx_word' id='word_1_299' title='bbox 1045 3465 1193 3529; x_wconf 84' lang='lat' dir='ltr'><strong>item</strong></span> <span class='ocrx_word' id='word_1_300' title='bbox 1241 3465 1498 3527; x_wconf 89' lang='lat' dir='ltr'><strong>Honorii</strong></span> <span class='ocrx_word' id='word_1_301' title='bbox 1547 3462 1689 3531; x_wconf 88' lang='grc' dir='ltr'><strong>ΙΙΙ.;</strong></span> <span class='ocrx_word' id='word_1_302' title='bbox 1758 3463 2020 3525; x_wconf 88' lang='lat' dir='ltr'><strong>istorum</strong></span> <span class='ocrx_word' id='word_1_303' title='bbox 2093 3464 2253 3523; x_wconf 75' lang='lat' dir='ltr'><strong>enirn</strong></span> <span class='ocrx_word' id='word_1_304' title='bbox 2316 3460 2681 3541; x_wconf 88' lang='lat' dir='ltr'><strong>pontificum</strong></span> 
     </span>
     <span class='ocr_line' id='line_1_37' title="bbox 437 3546 2682 3635; baseline -0.005 -17"><span class='ocrx_word' id='word_1_305' title='bbox 437 3556 668 3618; x_wconf 87' lang='lat' dir='ltr'><strong>scrinia</strong></span> <span class='ocrx_word' id='word_1_306' title='bbox 715 3553 1080 3635; x_wconf 84' lang='lat' dir='ltr'><strong>compilavit</strong></span> <span class='ocrx_word' id='word_1_307' title='bbox 1129 3548 1553 3614; x_wconf 85' lang='lat' dir='ltr'><strong>Raimundus⁵</strong></span> <span class='ocrx_word' id='word_1_308' title='bbox 1602 3570 1674 3610; x_wconf 86' lang='lat' dir='ltr'><strong>eo</strong></span> <span class='ocrx_word' id='word_1_309' title='bbox 1708 3548 1845 3611; x_wconf 90' lang='lat' dir='ltr'><strong>loci.</strong></span> <span class='ocrx_word' id='word_1_310' title='bbox 1940 3547 2135 3611; x_wconf 89' lang='lat' dir='ltr'><strong>Crede</strong></span> <span class='ocrx_word' id='word_1_311' title='bbox 2166 3546 2341 3623; x_wconf 88' lang='lat' dir='ltr'><strong>mihi,</strong></span> <span class='ocrx_word' id='word_1_312' title='bbox 2390 3548 2539 3609; x_wconf 89' lang='lat' dir='ltr'><strong>siin</strong></span> <span class='ocrx_word' id='word_1_313' title='bbox 2572 3568 2682 3607; x_wconf 89' lang='lat' dir='ltr'><strong>sex</strong></span> 
     </span>
     <span class='ocr_line' id='line_1_38' title="bbox 433 3632 2681 3723; baseline -0.005 -19"><span class='ocrx_word' id='word_1_314' title='bbox 433 3641 728 3723; x_wconf 89' lang='lat' dir='ltr'><strong>primaria</strong></span> <span class='ocrx_word' id='word_1_315' title='bbox 792 3641 1000 3721; x_wconf 86' lang='lat' dir='ltr'><strong>capita</strong></span> <span class='ocrx_word' id='word_1_316' title='bbox 1062 3638 1364 3701; x_wconf 88' lang='lat' dir='ltr'><strong>lectiones</strong></span> <span class='ocrx_word' id='word_1_317' title='bbox 1422 3640 1567 3698; x_wconf 85' lang='lat' dir='ltr'><strong>tuas</strong></span> <span class='ocrx_word' id='word_1_318' title='bbox 1628 3635 1846 3714; x_wconf 85' lang='lat' dir='ltr'><strong>partiri</strong></span> <span class='ocrx_word' id='word_1_319' title='bbox 1912 3634 2177 3697; x_wconf 89' lang='lat' dir='ltr'><strong>volueris</strong></span> <span class='ocrx_word' id='word_1_320' title='bbox 2232 3634 2419 3714; x_wconf 88' lang='lat' dir='ltr'><strong>idque</strong></span> <span class='ocrx_word' id='word_1_321' title='bbox 2466 3632 2681 3696; x_wconf 91' lang='lat' dir='ltr'><strong>sedulo</strong></span> 
     </span>
     <span class='ocr_line' id='line_1_39' title="bbox 439 3720 2721 3804; baseline -0.005 -14"><span class='ocrx_word' id='word_1_322' title='bbox 439 3727 772 3804; x_wconf 73' lang='lat' dir='ltr'><strong>curaveriS,</strong></span> <span class='ocrx_word' id='word_1_323' title='bbox 821 3726 952 3789; x_wconf 87' lang='lat' dir='ltr'><strong>fore</strong></span> <span class='ocrx_word' id='word_1_324' title='bbox 1000 3730 1070 3788; x_wconf 88' lang='lat' dir='ltr'><strong>ut</strong></span> <span class='ocrx_word' id='word_1_325' title='bbox 1119 3746 1298 3787; x_wconf 90' lang='lat' dir='ltr'><strong>nemo</strong></span> <span class='ocrx_word' id='word_1_326' title='bbox 1349 3722 1659 3785; x_wconf 88' lang='lat' dir='ltr'><strong>habeatur</strong></span> <span class='ocrx_word' id='word_1_327' title='bbox 1703 3725 1766 3782; x_wconf 90' lang='lat' dir='ltr'><strong>te</strong></span> <span class='ocrx_word' id='word_1_328' title='bbox 1812 3721 1873 3781; x_wconf 92' lang='lat' dir='ltr'><strong>in</strong></span> <span class='ocrx_word' id='word_1_329' title='bbox 1916 3720 2055 3801; x_wconf 89' lang='lat' dir='ltr'><strong>jure</strong></span> <span class='ocrx_word' id='word_1_330' title='bbox 2102 3724 2163 3782; x_wconf 86' lang='lat' dir='ltr'><strong>et</strong></span> <span class='ocrx_word' id='word_1_331' title='bbox 2209 3720 2374 3782; x_wconf 86' lang='lat' dir='ltr'><strong>civili</strong></span> <span class='ocrx_word' id='word_1_332' title='bbox 2420 3722 2485 3780; x_wconf 91' lang='lat' dir='ltr'><strong>et</strong></span> <span class='ocrx_word' id='word_1_333' title='bbox 2527 3740 2721 3799; x_wconf 39' lang='lat' dir='ltr'><strong>ponz</strong></span> 
     </span>
     <span class='ocr_line' id='line_1_40' title="bbox 438 3804 2680 3893; baseline -0.005 -18"><span class='ocrx_word' id='word_1_334' title='bbox 438 3813 636 3877; x_wconf 87' lang='lat' dir='ltr'><strong>tificio</strong></span> <span class='ocrx_word' id='word_1_335' title='bbox 685 3812 957 3893; x_wconf 89' lang='lat' dir='ltr'><strong>peritior,</strong></span> <span class='ocrx_word' id='word_1_336' title='bbox 1028 3810 1401 3892; x_wconf 87' lang='lat' dir='ltr'><strong>praeclarior</strong></span> <span class='ocrx_word' id='word_1_337' title='bbox 1465 3813 1577 3870; x_wconf 87' lang='lat' dir='ltr'><strong>aut</strong></span> <span class='ocrx_word' id='word_1_338' title='bbox 1622 3806 1823 3886; x_wconf 89' lang='lat' dir='ltr'><strong>magis</strong></span> <span class='ocrx_word' id='word_1_339' title='bbox 1892 3807 2175 3870; x_wconf 69' lang='lat' dir='ltr'><strong>eximius</strong></span> <span class='ocrx_word' id='word_1_340' title='bbox 2284 3805 2457 3867; x_wconf 89' lang='lat' dir='ltr'><strong>Juris</strong></span> <span class='ocrx_word' id='word_1_341' title='bbox 2520 3804 2680 3866; x_wconf 88' lang='lat' dir='ltr'><strong>enim</strong></span> 
     </span>
     <span class='ocr_line' id='line_1_41' title="bbox 450 3891 2687 3980; baseline -0.005 -17"><span class='ocrx_word' id='word_1_342' title='bbox 450 3899 719 3980; x_wconf 87' lang='lat' dir='ltr'><strong>peritum</strong></span> <span class='ocrx_word' id='word_1_343' title='bbox 769 3904 830 3961; x_wconf 92' lang='lat' dir='ltr'><strong>te</strong></span> <span class='ocrx_word' id='word_1_344' title='bbox 874 3897 1228 3960; x_wconf 89' lang='lat' dir='ltr'><strong>ostentabis</strong></span> <span class='ocrx_word' id='word_1_345' title='bbox 1273 3896 1458 3957; x_wconf 89' lang='lat' dir='ltr'><strong>annis</strong></span> <span class='ocrx_word' id='word_1_346' title='bbox 1505 3892 1935 3973; x_wconf 70' lang='lat' dir='ltr'><strong>sequentibus</strong></span> <span class='ocrx_word' id='word_1_347' title='bbox 2024 3892 2159 3954; x_wconf 91' lang='lat' dir='ltr'><strong>Hoc</strong></span> <span class='ocrx_word' id='word_1_348' title='bbox 2192 3892 2275 3954; x_wconf 90' lang='lat' dir='ltr'><strong>sit</strong></span> <span class='ocrx_word' id='word_1_349' title='bbox 2310 3891 2628 3972; x_wconf 85' lang='lat' dir='ltr'><strong>negotium</strong></span> <span class='ocrx_word' id='word_1_350' title='bbox 2658 3900 2687 3927; x_wconf 71' lang='lat'>⁸</span> 
     </span>
     <span class='ocr_line' id='line_1_42' title="bbox 450 3975 2685 4059; baseline -0.005 -11"><span class='ocrx_word' id='word_1_351' title='bbox 450 3991 512 4047; x_wconf 89' lang='lat' dir='ltr'><strong>et</strong></span> <span class='ocrx_word' id='word_1_352' title='bbox 557 3986 755 4048; x_wconf 86' lang='lat' dir='ltr'><strong>otium</strong></span> <span class='ocrx_word' id='word_1_353' title='bbox 819 3988 1016 4046; x_wconf 86' lang='lat' dir='ltr'><strong>tuum.</strong></span> <span class='ocrx_word' id='word_1_354' title='bbox 1117 3984 1185 4045; x_wconf 94' lang='lat' dir='ltr'><strong>In</strong></span> <span class='ocrx_word' id='word_1_355' title='bbox 1244 3981 1340 4043; x_wconf 85' lang='lat' dir='ltr'><strong>his</strong></span> <span class='ocrx_word' id='word_1_356' title='bbox 1387 4002 1648 4042; x_wconf 87' lang='lat' dir='ltr'><strong>somnus</strong></span> <span class='ocrx_word' id='word_1_357' title='bbox 1691 3984 1755 4039; x_wconf 90' lang='lat' dir='ltr'><strong>et</strong></span> <span class='ocrx_word' id='word_1_358' title='bbox 1802 3980 2050 4058; x_wconf 87' lang='lat' dir='ltr'><strong>vigiliae</strong></span> <span class='ocrx_word' id='word_1_359' title='bbox 2097 3983 2497 4059; x_wconf 89' lang='lat' dir='ltr'><strong>reponantur.</strong></span> <span class='ocrx_word' id='word_1_360' title='bbox 2586 3975 2685 4037; x_wconf 90' lang='lat' dir='ltr'><strong>Dii</strong></span> 
     </span>
    </p>
   </div>
   <div class='ocr_carea' id='block_1_3' title="bbox 430 4126 801 4135">
    <p class='ocr_par' dir='ltr' id='par_1_3' title="bbox 430 4126 801 4135">
     <span class='ocr_line' id='line_1_43' title="bbox 430 4126 801 4135; baseline -0.011 -2"><span class='ocrx_word' id='word_1_361' title='bbox 430 4126 520 4135; x_wconf 67' lang='lat'><strong>,-—</strong></span> <span class='ocrx_word' id='word_1_362' title='bbox 542 4126 801 4131; x_wconf 67' lang='lat'><em>——-..-..-</em></span> 
     </span>
    </p>
   </div>
   <div class='ocr_carea' id='block_1_4' title="bbox 436 4183 2681 4461">
    <p class='ocr_par' dir='ltr' id='par_1_4' title="bbox 583 4183 2596 4254">
     <span class='ocr_line' id='line_1_44' title="bbox 583 4183 2596 4254; baseline -0.005 -13"><span class='ocrx_word' id='word_1_363' title='bbox 583 4204 610 4231; x_wconf 55' lang='grc' dir='ltr'><strong>ὃ</strong></span> <span class='ocrx_word' id='word_1_364' title='bbox 638 4190 684 4240; x_wconf 90' lang='lat' dir='ltr'><strong>ci</strong></span> <span class='ocrx_word' id='word_1_365' title='bbox 719 4194 782 4240; x_wconf 81' lang='lat' dir='ltr'><strong>st.</strong></span> <span class='ocrx_word' id='word_1_366' title='bbox 819 4188 873 4242; x_wconf 83' lang='lat' dir='ltr'><strong>ti.</strong></span> <span class='ocrx_word' id='word_1_367' title='bbox 981 4192 1007 4229; x_wconf 89' lang='lat' dir='ltr'><strong>b</strong></span> <span class='ocrx_word' id='word_1_368' title='bbox 1037 4185 1334 4252; x_wconf 86' lang='lat' dir='ltr'><strong>extirpabis.</strong></span> <span class='ocrx_word' id='word_1_369' title='bbox 1443 4198 1466 4225; x_wconf 85' lang='lat'><em>0</em></span> <span class='ocrx_word' id='word_1_370' title='bbox 1493 4184 1639 4235; x_wconf 87' lang='lat' dir='ltr'><strong>trade</strong></span> <span class='ocrx_word' id='word_1_371' title='bbox 1682 4183 1827 4235; x_wconf 72' lang='lat' dir='ltr'><strong>Tem.</strong></span> <span class='ocrx_word' id='word_1_372' title='bbox 2588 4246 2596 4254; x_wconf 34' lang='grc'>,</span> 
     </span>
    </p>

    <p class='ocr_par' dir='ltr' id='par_1_5' title="bbox 436 4248 2681 4461">
     <span class='ocr_line' id='line_1_45' title="bbox 583 4248 2681 4323; baseline -0.006 -12"><span class='ocrx_word' id='word_1_373' title='bbox 583 4261 596 4290; x_wconf 86' lang='lat'><strong>¹</strong></span> <span class='ocrx_word' id='word_1_374' title='bbox 633 4258 772 4312; x_wconf 88' lang='lat' dir='ltr'><strong>Heil.</strong></span> <span class='ocrx_word' id='word_1_375' title='bbox 809 4258 972 4311; x_wconf 72' lang='lat' dir='ltr'><strong>Stz&#39;itte</strong></span> <span class='ocrx_word' id='word_1_376' title='bbox 1010 4258 1101 4309; x_wconf 87' lang='lat' dir='ltr'><strong>des</strong></span> <span class='ocrx_word' id='word_1_377' title='bbox 1126 4254 1322 4323; x_wconf 49' lang='lat' dir='ltr'><strong>,Thales</strong></span> <span class='ocrx_word' id='word_1_378' title='bbox 1357 4277 1419 4292; x_wconf 49' lang='grc' dir='ltr'><strong>ιι</strong></span> <span class='ocrx_word' id='word_1_379' title='bbox 1460 4252 1821 4320; x_wconf 86' lang='lat' dir='ltr'><strong>Georgenthal.</strong></span> <span class='ocrx_word' id='word_1_380' title='bbox 1931 4254 1949 4282; x_wconf 82' lang='lat'><em>²</em></span> <span class='ocrx_word' id='word_1_381' title='bbox 1970 4250 2243 4302; x_wconf 74' lang='lat' dir='ltr'><strong>Maximus..</strong></span> <span class='ocrx_word' id='word_1_382' title='bbox 2352 4248 2681 4300; x_wconf 68' lang='lat' dir='ltr'><strong>‘&#39;Suetomus</strong></span> 
     </span>
     <span class='ocr_line' id='line_1_46' title="bbox 437 4315 2679 4389; baseline -0.006 -9"><span class='ocrx_word' id='word_1_383' title='bbox 437 4330 457 4359; x_wconf 76' lang='lat'>⁴</span> <span class='ocrx_word' id='word_1_384' title='bbox 492 4327 626 4381; x_wconf 86' lang='lat' dir='ltr'><strong>Phil.</strong></span> <span class='ocrx_word' id='word_1_385' title='bbox 665 4328 949 4381; x_wconf 73' lang='lat' dir='ltr'><strong>Beroaldus</strong></span> <span class='ocrx_word' id='word_1_386' title='bbox 986 4327 1077 4379; x_wconf 88' lang='lat' dir='ltr'><strong>der</strong></span> <span class='ocrx_word' id='word_1_387' title='bbox 1112 4324 1288 4377; x_wconf 89' lang='lat' dir='ltr'><strong>Altere</strong></span> <span class='ocrx_word' id='word_1_388' title='bbox 1323 4339 1418 4375; x_wconf 86' lang='lat' dir='ltr'><strong>aus</strong></span> <span class='ocrx_word' id='word_1_389' title='bbox 1453 4321 1685 4389; x_wconf 87' lang='lat' dir='ltr'><strong>Bologna</strong></span> <span class='ocrx_word' id='word_1_390' title='bbox 1719 4323 1757 4387; x_wconf 93' lang='lat'><strong>†</strong></span> <span class='ocrx_word' id='word_1_391' title='bbox 1796 4320 1941 4373; x_wconf 82' lang='lat'><strong>1505.</strong></span> <span class='ocrx_word' id='word_1_392' title='bbox 2012 4319 2061 4371; x_wconf 81' lang='lat' dir='ltr'><strong>S.</strong></span> <span class='ocrx_word' id='word_1_393' title='bbox 2098 4320 2163 4371; x_wconf 88' lang='lat'><strong>49</strong></span> <span class='ocrx_word' id='word_1_394' title='bbox 2199 4321 2259 4370; x_wconf 88' lang='lat' dir='ltr'><strong>A.</strong></span> <span class='ocrx_word' id='word_1_395' title='bbox 2302 4321 2344 4372; x_wconf 86' lang='lat'><strong>1.</strong></span> <span class='ocrx_word' id='word_1_396' title='bbox 2499 4318 2520 4348; x_wconf 75' lang='lat'>5</span> <span class='ocrx_word' id='word_1_397' title='bbox 2554 4315 2679 4369; x_wconf 86' lang='lat' dir='ltr'><strong>Rai-</strong></span> 
     </span>
     <span class='ocr_line' id='line_1_47' title="bbox 436 4384 2547 4461; baseline -0.004 -13"><span class='ocrx_word' id='word_1_398' title='bbox 436 4397 602 4449; x_wconf 88' lang='lat' dir='ltr'><strong>mund</strong></span> <span class='ocrx_word' id='word_1_399' title='bbox 637 4413 736 4449; x_wconf 78' lang='lat' dir='ltr'><strong>von</strong></span> <span class='ocrx_word' id='word_1_400' title='bbox 781 4396 1106 4456; x_wconf 86' lang='lat' dir='ltr'><strong>Pennaforte,</strong></span> <span class='ocrx_word' id='word_1_401' title='bbox 1143 4395 1181 4461; x_wconf 93' lang='lat'>†</span> <span class='ocrx_word' id='word_1_402' title='bbox 1221 4393 1367 4459; x_wconf 81' lang='lat'><strong>1275,</strong></span> <span class='ocrx_word' id='word_1_403' title='bbox 1416 4391 1674 4445; x_wconf 86' lang='lat' dir='ltr'><strong>Sammler</strong></span> <span class='ocrx_word' id='word_1_404' title='bbox 1709 4392 1801 4443; x_wconf 88' lang='lat' dir='ltr'><strong>der</strong></span> <span class='ocrx_word' id='word_1_405' title='bbox 1834 4388 2163 4441; x_wconf 87' lang='lat' dir='ltr'><strong>Dekretalien</strong></span> <span class='ocrx_word' id='word_1_406' title='bbox 2200 4388 2418 4455; x_wconf 87' lang='lat' dir='ltr'><strong>Gregors</strong></span> <span class='ocrx_word' id='word_1_407' title='bbox 2452 4384 2547 4447; x_wconf 88' lang='lat' dir='ltr'><strong>IX.</strong></span> 
     </span>
    </p>
   </div>
  </div>
 </body>
</html>
