3084 4895
1228 424 1440 479 Mutiari
1479 440 1549 478 an
1589 423 1787 479 Urban.
2506 429 2627 492 391

380 646 612 715 (Gotha.)
1428 631 1571 696 320.
2102 647 2241 716 (Ans.
2276 649 2413 704 Nov.
2455 648 2627 718 1513.)

1059 777 1064 781 ·
1119 757 1409 828 Mutiau
1453 779 1551 828 an
1596 756 1875 829 Urban.

374 886 711 956 (Emdhlunq
747 886 835 940 des
881 873 1180 940 Okono‘mus
1214 887 1493 940 Friedrich
1524 905 1627 940 von
1659 888 1750 940 der
1794 887 2163 955 Wittenberyer
2208 887 2461 942 Hoehxeit
2512 889 2627 941 und

375 956 556 1008 dessen
604 952 924 1024 Aussickten
967 955 1078 1023 auf
1111 953 1195 1008 die
1240 955 1527 1024 Nachfolye
1562 957 1625 1008 in
1658 958 1751 1010 der
1783 955 1939 1010 Abtei
1984 974 2085 1009 von
2130 954 2621 1010 Reinhardsbrwm.

374 1025 542 1078 Bittet
575 1041 670 1077 um
706 1021 1012 1092 Bexahluny
1046 1025 1132 1077 des
1168 1023 1579 1078 Kathriminses
1613 1027 1727 1097 und
1759 1025 2047 1095 Reohnun'y
2080 1025 2175 1094 fiir
2207 1026 2307 1078 den
2353 1026 2621 1080 Hilarius

1249 1093 1737 1162 Biickerauftrc'iye.)
2036 1099 2042 1105 '

436 1207 1068 1268 Circumspectiesimo
1107 1211 1440 1260 oeconomo
1476 1210 1772 1272 magistro
1808 1209 1891 1262 H.
1928 1210 2183 1261 Urbano
2220 1222 2351 1270 suo,
2384 1210 2555 1271 patri

1133 1296 1477 1347 reverendo
1514 1297 1603 1348 M.
1638 1295 1861 1347 Rufus,

572 1402 778 1469 Salus,
868 1403 1139 1470 Narrare
1183 1407 1304 1470 tibi
1349 1405 1553 1488 gestio
1618 1429 1745 1472 non
1812 1407 1999 1472 modo
2062 1408 2434 1484 necessaria,
2509 1407 2617 1471 sed

364 1490 556 1555 etiam
627 1491 836 1555 aliena
901 1497 964 1555 et
1031 1493 1378 1576 popularia.
1495 1495 1727 1558 Audivi
1792 1516 1871 1557 ex
1942 1513 2286 1556 oeconomo
2350 1515 2619 1574 magnae

361 1579 688 1660 potentiae
764 1577 1108 1642 Friderico¹
1189 1584 1392 1643 totam
1477 1579 1757 1645 fabulam
1848 1580 2153 1662 nuptialis
2220 1577 2615 1662 spectaculi.²

367 1661 730 1744 „Fuimus“,
777 1664 1005 1747 inquit,
1059 1687 1222 1747 „uno
1266 1667 1333 1729 in
1381 1665 1679 1748 hospitio,
1712 1663 2061 1730 Duronius⁸
2096 1670 2159 1730 et
2192 1686 2325 1746 eg0.
2396 1665 2619 1749 Spala-

361 1751 540 1814 tinus
575 1750 862 1814 ‘dedisset
907 1749 1157 1814 abituro
1203 1752 1362 1815 mihi
1407 1752 1759 1833 epistolam,
1821 1753 1928 1816 sed
1976 1752 2095 1816 sub
2138 1751 2305 1814 idem
2366 1756 2616 1836 tempus

362 1836 765 1900 sacrificavit.
821 1835 1329 1924 ’megenhardus‘
1377 1839 1639 1902 mirifice
1686 1843 1748 1916 te
1794 1838 2069 1902 salutat“
2108 1843 2172 1901 et
2204 1843 2428 1902 cetera.
2495 1837 2615 1902 Hic

359 1925 564 2005 pater,
612 1924 735 1988 nisi
781 1943 880 1986 me
925 1920 1108 1988 fallat
1150 1926 1391 2005 opinio,
1439 1926 1737 1989 succedet
1780 1925 1986 1989 abbae
2032 1946 2146 1988 suo
2202 1924 2331 2006 jam
2392 1946 2615 2006 aegro-

360 2009 550 2082 tanti,
599 2010 890 2093 quamvis
937 2013 1158 2074 coetus
1202 2009 1695 2076 Bursfeldensis⁵
1743 2013 1905 2075 serio
1940 2015 2003 2074 et
2032 2033 2244 2075 severe
2291 2011 2615 2094 praeficiat

357 2096 704 2161 antistites.
818 2093 942 2160 Sed
1011 2100 1302 2179 penetrat
1378 2099 1645 2179 pecunia
1712 2101 1777 2161 et
1840 2097 2182 2162 efficaciter
2257 2095 2611 2180 persuadet.

355 2181 482 2260 θυι
530 2180 926 2262 rothi-numia?
971 2184 1150 2244 mnfltt
1195 2187 1316 2245 balb
1364 2189 1466 2246 nub
1513 2184 1649 2262 qnid)
1700 2185 1821 2262 aud)
1866 2185 1952 2245 hie
1998 2188 2109 2245 bete
2152 2203 2254 2245 nun
2283 2186 2428 2244 hiett
2468 2203 2611 2256 3tmu

355 2266 600 2340 [tumltu
643 2273 748 2330 bun
791 2270 880 2330 hie
919 2270 1053 2340 3ttit
1099 2273 1282 2344 brtnsst
1329 2272 1424 2331 mit
1470 2271 1575 2346 sid)
1626 2291 1722 2349 ton
1767 2290 1895 2349 peut
1943 2273 2064 2352 nass
2110 2287 2457 2332 nttsrunmus
2506 2275 2607 2331 nub

357 2355 746 2416 tontumutinn.
835 2353 1027 2418 Item:
1099 2361 1239 2417 stntt
1309 2377 1376 2419 nu
1443 2355 1785 2421 Hilarium⁷
1854 2361 1971 2420 etc.
2063 2356 2223 2420 Nol-o
2288 2357 2474 2435 enim,
2539 2360 2611 2420 ut

353 2443 473 2505 tua
514 2439 824 2506 benevola
867 2443 1220 2525 paternitas
1269 2443 1840 2508 circumscribatur.
1934 2443 2023 2506 De
2067 2443 2247 2507 libris
2291 2443 2606 2507 excellen-

352 2526 535 2593 tibus
597 2528 1034 2610 perquirendis
1079 2552 1332 2599 assume
1378 2532 1440 2594 in
1489 2531 1797 2594 auxilium
1860 2528 2122 2594 Schalbi
2182 2528 2410 2595 nostri⁸
2466 2530 2608 2596 dili-

356 2606 662 2695 gentiam.
751 2614 947 2679 Novit
1011 2615 1118 2679 ille
1183 2618 1577 2680 verecundus
1635 2616 1889 2699 juvenis
1942 2621 2008 2681 et
2063 2616 2608 2681 commendatione

355 2699 698 2781 probitatis
745 2700 1125 2783 diligendum,
1173 2704 1316 2785 quis
1361 2702 1626 2766 idoneos
1682 2702 2005 2785 possideat
2063 2707 2372 2766 auctores.
2462 2702 2602 2766 Non

353 2786 519 2851 enim
589 2786 828 2851 latinus
874 2791 973 2851 est
1016 2788 1290 2866 tantum,
1347 2790 1455 2852 sed
1509 2790 1701 2851 etiam
1758 2789 2247 2871 semigraeculus
2294 2793 2357 2851 et
2401 2789 2604 2852 studi-

351 2894 533 2937 orum
600 2874 1095 2938 amantissimus.
1174 2875 1545 2951 Quaerafis
1610 2874 1837 2949 amabo
1905 2874 2221 2957 Epistolas
2289 2875 2605 2939 Ambrosii

352 2959 670 3037 monachi,
718 2959 995 3043 ejusdem
1063 2980 1352 3041 graecam
1400 2959 1949 3025 Grammaticam.⁹
2035 2961 2191 3025 Item
2260 2960 2601 3043 Egnatium

349 3046 416 3109 in
473 3044 770 3125 Plinium,
842 3047 1400 3131 Opportunitatem
1470 3045 1845 3129 Equiculi.¹⁰
1912 3045 2279 3120 Solinum,¹⁸
2346 3048 2422 3112 de
2478 3068 2604 3128 quo

351 3132 640 3215 Petrejus
685 3131 988 3197 scribit.¹²
1077 3132 1346 3197 Multum
1399 3134 1583 3198 nobis
1626 3133 1922 3221 prodesse
1968 3139 2032 3197 et
2075 3134 2349 3198 inimicis
2384 3154 2605 3197 nocere

353 3220 606 3298 poterit.
719 3219 953 3283 Vellem
1021 3223 1094 3282 ut
1169 3219 1488 3284 Schalbus
1564 3220 1754 3283 etiam
1829 3218 2066 3283 Rornae
2140 3224 2374 3301 ageret,
2454 3221 2605 3301 quia

349 3306 560 3384 graeci
635 3304 925 3371 doctores
992 3306 1070 3367 ad
1141 3307 1414 3371 Leonem
1483 3306 1560 3369 X.
1631 3305 1988 3369 convolant.
2101 3306 2207 3370 Sic
2272 3306 2604 3386 proficeret

349 3390 589 3454 sodalis
657 3400 826 3467 tuus,
895 3393 1021 3455 imo
1091 3396 1322 3455 noster.
1413 3392 1576 3455 Nam
1646 3392 1799 3455 boni
1862 3392 2109 3455 codices
2178 3414 2314 3456 sero
2360 3392 2436 3455 ad
2488 3414 2601 3453 nos

235 3528 242 3535 .
349 3476 715 3541 deveniunt.
808 3477 958 3541 Vale
1003 3482 1066 3541 et
1110 3479 1298 3542 salve.

657 3576 779 3632 eod.
816 3576 950 3633 Frof.
990 3562 1103 3634 129'.

491 3788 508 3818 ¹
546 3774 848 3838 Okonomus
882 3800 987 3837 von
1022 3784 1502 3839 Reinhardsbrunn.
1576 3784 1626 3837 S.
1666 3786 1761 3838 201
1800 3786 1853 3837 ff.
1998 3786 2017 3815 ²
2052 3784 2275 3837 Wessen
2326 3780 2598 3845 Hochzeit,

343 3855 589 3908 erfahren
626 3854 724 3906 wir
758 3854 922 3907 nicht.
1031 3855 1052 3885 ³
1086 3854 1195 3906 Der
1228 3854 1348 3907 Abt.
1405 3852 1454 3907 S.
1497 3854 1595 3907 108
1630 3856 1692 3907 A.
1735 3856 1778 3906 1.
1887 3854 1908 3885 ⁴
1942 3853 2233 3920 Pfeffinger.
2293 3852 2343 3905 S.
2379 3852 2414 3903 4
2448 3854 2510 3904 A.
2550 3850 2596 3905 2.

343 3927 366 3955 ⁵
398 3922 502 3975 Die
540 3939 639 3974 von
678 3922 953 3975 Bursfelde
992 3923 1325 3990 ausgehende
1341 3922 1683 3992 ‘reformierte
1718 3918 2469 3990 Benediktinercongoegation,
2506 3919 2599 3972 der

341 3992 480 4045 auch
519 3990 984 4043 Reinhardsbrunn
1025 3992 1319 4059 angehorte.
1459 3992 1481 4023 ὅ
1517 3990 1637 4059 Vgl.
1665 3990 1715 4044 S.
1741 3991 1844 4044 390
1869 3994 1929 4044 A.
1950 3992 1999 4045 8.
2141 3992 2160 4023 ⁷
2194 3988 2599 4057 »Veranschlagt

341 4062 443 4113 den
480 4059 628 4113 Preis
665 4061 757 4113 des
792 4059 1074 4112 Hilarius«
1128 4060 1631 4128 Vg1.S.390A.‚11.
1773 4062 1795 4091 ⁸
1830 4059 1881 4113 S.
1901 4060 2001 4113 346
2020 4062 2083 4113 A.
2104 4060 2151 4113 6.
2292 4061 2313 4091 ⁹
2347 4050 2492 4112 Uber
2512 4058 2596 4111 (lie

339 4130 514 4183 Briefe
551 4129 644 4182 des
681 4128 861 4181 Ambr.
899 4146 949 4182 v,
977 4128 1270 4181 Camalduli
1320 4129 1423 4197 vgl.
1460 4129 1494 4181 J
1506 4128 2049 4198 &cher-Adelung
2084 4127 2127 4194 Ι,
2166 4129 2279 4182 707.
2350 4127 2597 4180 Darnach

342 4214 517 4251 waren
553 4197 630 4251 sie
666 4199 782 4251 Ans.
821 4199 975 4252 (1.16.
1015 4196 1068 4251 S.
1105 4198 1242 4251 noch
1276 4198 1424 4251 nicht
1459 4198 1729 4266 gedruckt‚
1765 4198 2025 4251 vielmehr
2064 4214 2172 4251 war
2209 4197 2326 4250 eine
2360 4196 2592 4249 Hei-aus-

339 4268 474 4335 gabe
509 4266 682 4321 durch
718 4266 851 4321 Paul
890 4266 924 4318 J
925 4266 1158 4319 ustinian
1191 4284 1292 4319 nur
1327 4266 1692 4334 beabsichtigt.
1764 4267 1881 4320 Von
1907 4267 2050 4319 einer
2072 4266 2270 4335 griech.
2308 4265 2591 4319 Grammat.

341 4336 621 4391 desselben
673 4335 744 4391 ist
793 4335 972 4388 nichts
1029 4336 1267 4389 bekannt.
1356 4336 1426 4390 M.
1484 4336 1743 4389 berichtet
1793 4354 1893 4389 nur
1945 4352 2040 4389 aus
2096 4337 2216 4389 dem
2269 4334 2441 4387 Bn'efe
2501 4334 2593 4385 des

337 4405 594 4473 Petrejus.
669 4404 785 4473 vgl.
825 4404 875 4459 S.
917 4404 1019 4456 244
1053 4406 1116 4457 A.
1153 4406 1198 4459 1.
1345 4406 1385 4437 ¹⁰
1419 4405 1534 4473 Vgl.
1584 4404 1637 4458 S.
1676 4405 1778 4458 390
1811 4408 1873 4459 A.
1913 4405 1961 4458 6.
2000 4406 2045 4457 7.
2194 4406 2232 4437 ¹¹
2266 4402 2593 4471 Epitomator

339 4475 431 4528 des
466 4471 701 4527 Plinius:
737 4473 1051 4541 Polyhistor.
1094 4472 1224 4526 Ven.
1265 4474 1412 4529 1473.
1560 4476 1599 4506 ¹²
1633 4472 1683 4527 S.
1722 4474 1823 4527 379
1859 4476 1920 4525 A.
1965 4474 2009 4527 1.
