<?xml version="1.0" encoding="UTF-8"?>
<!DOCTYPE html PUBLIC "-//W3C//DTD XHTML 1.0 Transitional//EN"
    "http://www.w3.org/TR/xhtml1/DTD/xhtml1-transitional.dtd">
<html xmlns="http://www.w3.org/1999/xhtml" xml:lang="en" lang="en">
 <head>
  <title>
</title>
<meta http-equiv="Content-Type" content="text/html;charset=utf-8" />
  <meta name='ocr-system' content='tesseract 3.04.00' />
  <meta name='ocr-capabilities' content='ocr_page ocr_carea ocr_par ocr_line ocrx_word'/>
</head>
<body>
  <div class='ocr_page' id='page_1' title='image "./derbriefwechsel02kraugoog_0578.png"; bbox 0 0 3084 4895; ppageno 0'>
   <div class='ocr_carea' id='block_1_1' title="bbox 452 403 1892 470">
    <p class='ocr_par' dir='ltr' id='par_1_1' title="bbox 452 403 1892 470">
     <span class='ocr_line' id='line_1_1' title="bbox 452 403 1892 470; baseline -0.003 -2"><span class='ocrx_word' id='word_1_1' title='bbox 452 403 579 470; x_wconf 82' lang='grc'><strong>492</strong></span> <span class='ocrx_word' id='word_1_2' title='bbox 1302 405 1483 460; x_wconf 77' lang='lat' dir='ltr'><strong>Briete</strong></span> <span class='ocrx_word' id='word_1_3' title='bbox 1520 409 1618 462; x_wconf 84' lang='lat' dir='ltr'><strong>des</strong></span> <span class='ocrx_word' id='word_1_4' title='bbox 1653 409 1703 463; x_wconf 85' lang='lat' dir='ltr'><strong>J.</strong></span> <span class='ocrx_word' id='word_1_5' title='bbox 1747 407 1892 463; x_wconf 80' lang='lat'><strong>1514.</strong></span> 
     </span>
    </p>
   </div>
   <div class='ocr_carea' id='block_1_2' title="bbox 454 577 2741 2455">
    <p class='ocr_par' dir='ltr' id='par_1_2' title="bbox 454 577 2741 2455">
     <span class='ocr_line' id='line_1_2' title="bbox 460 577 2741 662; baseline 0.001 -20"><span class='ocrx_word' id='word_1_6' title='bbox 460 577 810 643; x_wconf 85' lang='lat' dir='ltr'><strong>arbitraris.</strong></span> <span class='ocrx_word' id='word_1_7' title='bbox 901 581 1057 662; x_wconf 86' lang='lat' dir='ltr'><strong>Ego,</strong></span> <span class='ocrx_word' id='word_1_8' title='bbox 1102 579 1383 656; x_wconf 82' lang='lat' dir='ltr'>Urbane,</span> <span class='ocrx_word' id='word_1_9' title='bbox 1435 581 1513 646; x_wconf 89' lang='lat' dir='ltr'><strong>de</strong></span> <span class='ocrx_word' id='word_1_10' title='bbox 1559 580 1928 646; x_wconf 90' lang='lat' dir='ltr'><strong>hominibus</strong></span> <span class='ocrx_word' id='word_1_11' title='bbox 1975 580 2163 644; x_wconf 90' lang='lat' dir='ltr'><strong>bonis</strong></span> <span class='ocrx_word' id='word_1_12' title='bbox 2193 585 2258 644; x_wconf 89' lang='lat' dir='ltr'><strong>et</strong></span> <span class='ocrx_word' id='word_1_13' title='bbox 2288 581 2478 645; x_wconf 88' lang='lat' dir='ltr'><strong>malis</strong></span> <span class='ocrx_word' id='word_1_14' title='bbox 2520 586 2741 646; x_wconf 87' lang='lat' dir='ltr'><strong>sancte</strong></span> 
     </span>
     <span class='ocr_line' id='line_1_3' title="bbox 463 664 2736 748; baseline 0.002 -22"><span class='ocrx_word' id='word_1_15' title='bbox 463 670 528 726; x_wconf 88' lang='lat' dir='ltr'><strong>et</strong></span> <span class='ocrx_word' id='word_1_16' title='bbox 570 665 851 745; x_wconf 87' lang='lat' dir='ltr'><strong>graviter</strong></span> <span class='ocrx_word' id='word_1_17' title='bbox 888 665 1137 748; x_wconf 89' lang='lat' dir='ltr'><strong>judico;</strong></span> <span class='ocrx_word' id='word_1_18' title='bbox 1178 664 1297 730; x_wconf 83' lang='lat' dir='ltr'><strong>hos</strong></span> <span class='ocrx_word' id='word_1_19' title='bbox 1338 666 1592 744; x_wconf 84' lang='lat' dir='ltr'><strong>damno,</strong></span> <span class='ocrx_word' id='word_1_20' title='bbox 1627 667 1772 730; x_wconf 89' lang='lat' dir='ltr'><strong>illos</strong></span> <span class='ocrx_word' id='word_1_21' title='bbox 1801 666 2088 730; x_wconf 87' lang='lat' dir='ltr'><strong>observ0.</strong></span> <span class='ocrx_word' id='word_1_22' title='bbox 2165 666 2487 730; x_wconf 85' lang='lat' dir='ltr'><strong>Judicium</strong></span> <span class='ocrx_word' id='word_1_23' title='bbox 2528 689 2736 732; x_wconf 88' lang='lat' dir='ltr'><strong>meum</strong></span> 
     </span>
     <span class='ocr_line' id='line_1_4' title="bbox 465 749 2736 816; baseline 0.002 -4"><span class='ocrx_word' id='word_1_24' title='bbox 465 749 665 813; x_wconf 91' lang='lat' dir='ltr'><strong>livore</strong></span> <span class='ocrx_word' id='word_1_25' title='bbox 710 754 885 813; x_wconf 88' lang='lat' dir='ltr'><strong>caret</strong></span> <span class='ocrx_word' id='word_1_26' title='bbox 930 754 997 814; x_wconf 92' lang='lat' dir='ltr'><strong>et</strong></span> <span class='ocrx_word' id='word_1_27' title='bbox 1040 751 1509 815; x_wconf 80' lang='lat' dir='ltr'><strong>malevolentia.</strong></span> <span class='ocrx_word' id='word_1_28' title='bbox 1603 752 1804 816; x_wconf 85' lang='lat' dir='ltr'><strong>Nemo</strong></span> <span class='ocrx_word' id='word_1_29' title='bbox 1857 750 2172 816; x_wconf 87' lang='lat' dir='ltr'><strong>hactenus</strong></span> <span class='ocrx_word' id='word_1_30' title='bbox 2237 752 2540 816; x_wconf 83' lang='lat' dir='ltr'><strong>fidemet</strong></span> <span class='ocrx_word' id='word_1_31' title='bbox 2583 773 2736 816; x_wconf 89' lang='lat' dir='ltr'><strong>con-</strong></span> 
     </span>
     <span class='ocr_line' id='line_1_5' title="bbox 464 836 2735 901; baseline 0.002 -4"><span class='ocrx_word' id='word_1_32' title='bbox 464 836 767 898; x_wconf 78' lang='lat' dir='ltr'><strong>stantiam</strong></span> <span class='ocrx_word' id='word_1_33' title='bbox 818 857 1023 899; x_wconf 89' lang='lat' dir='ltr'><strong>meam</strong></span> <span class='ocrx_word' id='word_1_34' title='bbox 1070 836 1473 900; x_wconf 87' lang='lat' dir='ltr'><strong>desideravit.</strong></span> <span class='ocrx_word' id='word_1_35' title='bbox 1563 837 1780 901; x_wconf 78' lang='lat' dir='ltr'><strong>Virtus</strong></span> <span class='ocrx_word' id='word_1_36' title='bbox 1825 842 1892 900; x_wconf 91' lang='lat' dir='ltr'><strong>et</strong></span> <span class='ocrx_word' id='word_1_37' title='bbox 1943 837 2234 901; x_wconf 86' lang='lat' dir='ltr'><strong>doctrina</strong></span> <span class='ocrx_word' id='word_1_38' title='bbox 2295 839 2534 900; x_wconf 88' lang='lat' dir='ltr'><strong>amicos</strong></span> <span class='ocrx_word' id='word_1_39' title='bbox 2581 836 2735 901; x_wconf 90' lang='lat' dir='ltr'><strong>mihi</strong></span> 
     </span>
     <span class='ocr_line' id='line_1_6' title="bbox 464 920 2736 1004; baseline 0.001 -20"><span class='ocrx_word' id='word_1_40' title='bbox 464 920 641 998; x_wconf 84' lang='lat' dir='ltr'><strong>facit,</strong></span> <span class='ocrx_word' id='word_1_41' title='bbox 700 920 926 984; x_wconf 85' lang='lat' dir='ltr'><strong>vitium</strong></span> <span class='ocrx_word' id='word_1_42' title='bbox 987 926 1053 985; x_wconf 89' lang='lat' dir='ltr'><strong>et</strong></span> <span class='ocrx_word' id='word_1_43' title='bbox 1106 921 1457 986; x_wconf 77' lang='lat' dir='ltr'><strong>insolentia</strong></span> <span class='ocrx_word' id='word_1_44' title='bbox 1519 922 1832 986; x_wconf 87' lang='lat' dir='ltr'><strong>inimicos.</strong></span> <span class='ocrx_word' id='word_1_45' title='bbox 1925 921 2024 986; x_wconf 89' lang='lat' dir='ltr'><strong>Sit</strong></span> <span class='ocrx_word' id='word_1_46' title='bbox 2081 922 2281 1004; x_wconf 90' lang='lat' dir='ltr'><strong>igitur</strong></span> <span class='ocrx_word' id='word_1_47' title='bbox 2327 928 2497 996; x_wconf 78' lang='lat' dir='ltr'><strong>tuuS‚</strong></span> <span class='ocrx_word' id='word_1_48' title='bbox 2546 923 2605 987; x_wconf 88' lang='lat' dir='ltr'><strong>si</strong></span> <span class='ocrx_word' id='word_1_49' title='bbox 2645 924 2736 986; x_wconf 89' lang='lat' dir='ltr'><strong>ita</strong></span> 
     </span>
     <span class='ocr_line' id='line_1_7' title="bbox 463 1006 2736 1088; baseline 0.002 -20"><span class='ocrx_word' id='word_1_50' title='bbox 463 1007 581 1083; x_wconf 79' lang='lat' dir='ltr'><strong>viS,</strong></span> <span class='ocrx_word' id='word_1_51' title='bbox 626 1006 891 1082; x_wconf 87' lang='lat' dir='ltr'><strong>amicus,</strong></span> <span class='ocrx_word' id='word_1_52' title='bbox 946 1027 1129 1070; x_wconf 87' lang='lat' dir='ltr'><strong>meus</strong></span> <span class='ocrx_word' id='word_1_53' title='bbox 1182 1029 1310 1072; x_wconf 89' lang='lat' dir='ltr'><strong>non</strong></span> <span class='ocrx_word' id='word_1_54' title='bbox 1373 1008 1497 1072; x_wconf 89' lang='lat' dir='ltr'><strong>erit</strong></span> <span class='ocrx_word' id='word_1_55' title='bbox 1540 1007 1870 1071; x_wconf 89' lang='lat' dir='ltr'><strong>Cerberus.</strong></span> <span class='ocrx_word' id='word_1_56' title='bbox 1961 1008 2326 1072; x_wconf 89' lang='lat' dir='ltr'><strong>Herebordo</strong></span> <span class='ocrx_word' id='word_1_57' title='bbox 2389 1029 2536 1070; x_wconf 90' lang='lat' dir='ltr'><strong>vero</strong></span> <span class='ocrx_word' id='word_1_58' title='bbox 2595 1029 2736 1088; x_wconf 85' lang='lat' dir='ltr'><strong>gra-</strong></span> 
     </span>
     <span class='ocr_line' id='line_1_8' title="bbox 462 1092 2734 1174; baseline 0.001 -20"><span class='ocrx_word' id='word_1_59' title='bbox 462 1092 627 1156; x_wconf 87' lang='lat' dir='ltr'><strong>viter</strong></span> <span class='ocrx_word' id='word_1_60' title='bbox 672 1092 931 1162; x_wconf 81' lang='lat' dir='ltr'><strong>irascor.</strong></span> <span class='ocrx_word' id='word_1_61' title='bbox 976 1092 1148 1173; x_wconf 88' lang='lat' dir='ltr'><strong>quod</strong></span> <span class='ocrx_word' id='word_1_62' title='bbox 1196 1094 1413 1157; x_wconf 86' lang='lat' dir='ltr'><strong>sordes</strong></span> <span class='ocrx_word' id='word_1_63' title='bbox 1458 1092 1853 1170; x_wconf 79' lang='lat' dir='ltr'><strong>liberalitati,</strong></span> <span class='ocrx_word' id='word_1_64' title='bbox 1897 1093 2332 1174; x_wconf 82' lang='lat' dir='ltr'><strong>arrogantiam</strong></span> <span class='ocrx_word' id='word_1_65' title='bbox 2362 1093 2734 1171; x_wconf 82' lang='lat' dir='ltr'><strong>modestiae,</strong></span> 
     </span>
     <span class='ocr_line' id='line_1_9' title="bbox 459 1175 2734 1261; baseline 0.001 -22"><span class='ocrx_word' id='word_1_66' title='bbox 459 1175 992 1259; x_wconf 83' lang='lat' dir='ltr'><strong>ingratitudinem</strong></span> <span class='ocrx_word' id='word_1_67' title='bbox 1062 1182 1246 1258; x_wconf 87' lang='lat' dir='ltr'><strong>grato</strong></span> <span class='ocrx_word' id='word_1_68' title='bbox 1314 1178 1531 1242; x_wconf 84' lang='lat' dir='ltr'><strong>animo</strong></span> <span class='ocrx_word' id='word_1_69' title='bbox 1597 1179 1951 1261; x_wconf 85' lang='lat' dir='ltr'><strong>praeponit.</strong></span> <span class='ocrx_word' id='word_1_70' title='bbox 2067 1178 2139 1242; x_wconf 92' lang='lat' dir='ltr'><strong>Si</strong></span> <span class='ocrx_word' id='word_1_71' title='bbox 2207 1179 2438 1260; x_wconf 89' lang='lat' dir='ltr'><strong>corrigi</strong></span> <span class='ocrx_word' id='word_1_72' title='bbox 2504 1182 2734 1261; x_wconf 88' lang='lat' dir='ltr'><strong>potest,</strong></span> 
     </span>
     <span class='ocr_line' id='line_1_10' title="bbox 462 1261 2736 1344; baseline 0.002 -20"><span class='ocrx_word' id='word_1_73' title='bbox 462 1261 827 1343; x_wconf 91' lang='lat' dir='ltr'><strong>castigabo;</strong></span> <span class='ocrx_word' id='word_1_74' title='bbox 876 1263 932 1325; x_wconf 90' lang='lat' dir='ltr'><strong>si</strong></span> <span class='ocrx_word' id='word_1_75' title='bbox 976 1284 1103 1326; x_wconf 87' lang='lat' dir='ltr'><strong>non</strong></span> <span class='ocrx_word' id='word_1_76' title='bbox 1152 1267 1385 1344; x_wconf 87' lang='lat' dir='ltr'><strong>potest,</strong></span> <span class='ocrx_word' id='word_1_77' title='bbox 1434 1263 1537 1326; x_wconf 91' lang='lat' dir='ltr'><strong>hei</strong></span> <span class='ocrx_word' id='word_1_78' title='bbox 1583 1263 1738 1326; x_wconf 90' lang='lat' dir='ltr'><strong>mihi</strong></span> <span class='ocrx_word' id='word_1_79' title='bbox 1801 1283 1994 1344; x_wconf 86' lang='lat' dir='ltr'><strong>quam</strong></span> <span class='ocrx_word' id='word_1_80' title='bbox 2061 1284 2298 1341; x_wconf 89' lang='lat' dir='ltr'><strong>vereor,</strong></span> <span class='ocrx_word' id='word_1_81' title='bbox 2351 1286 2430 1326; x_wconf 89' lang='lat' dir='ltr'><strong>ne</strong></span> <span class='ocrx_word' id='word_1_82' title='bbox 2485 1264 2736 1328; x_wconf 89' lang='lat' dir='ltr'><strong>duobus</strong></span> 
     </span>
     <span class='ocr_line' id='line_1_11' title="bbox 459 1345 2727 1426; baseline 0.001 -16"><span class='ocrx_word' id='word_1_83' title='bbox 459 1345 613 1410; x_wconf 89' lang='lat' dir='ltr'><strong>mali</strong></span> <span class='ocrx_word' id='word_1_84' title='bbox 678 1346 797 1410; x_wconf 85' lang='lat' dir='ltr'><strong>fati</strong></span> <span class='ocrx_word' id='word_1_85' title='bbox 861 1347 1228 1412; x_wconf 84' lang='lat' dir='ltr'><strong>causidicis¹</strong></span> <span class='ocrx_word' id='word_1_86' title='bbox 1303 1349 1368 1412; x_wconf 90' lang='lat' dir='ltr'><strong>in</strong></span> <span class='ocrx_word' id='word_1_87' title='bbox 1438 1349 1816 1412; x_wconf 81' lang='lat' dir='ltr'><strong>criminibus</strong></span> <span class='ocrx_word' id='word_1_88' title='bbox 1861 1360 1928 1412; x_wconf 84' lang='lat' dir='ltr'><strong>et</strong></span> <span class='ocrx_word' id='word_1_89' title='bbox 1971 1348 2296 1426; x_wconf 82' lang='lat' dir='ltr'><strong>dedecore,</strong></span> <span class='ocrx_word' id='word_1_90' title='bbox 2362 1348 2595 1412; x_wconf 86' lang='lat' dir='ltr'><strong>nedum</strong></span> <span class='ocrx_word' id='word_1_91' title='bbox 2662 1350 2727 1412; x_wconf 89' lang='lat' dir='ltr'><strong>in</strong></span> 
     </span>
     <span class='ocr_line' id='line_1_12' title="bbox 460 1430 2735 1510; baseline 0.001 -15"><span class='ocrx_word' id='word_1_92' title='bbox 460 1430 814 1510; x_wconf 85' lang='lat' dir='ltr'><strong>honoribus</strong></span> <span class='ocrx_word' id='word_1_93' title='bbox 860 1434 1245 1498; x_wconf 83' lang='lat' dir='ltr'><strong>successisse</strong></span> <span class='ocrx_word' id='word_1_94' title='bbox 1291 1433 1614 1498; x_wconf 86' lang='lat' dir='ltr'><strong>videatur!</strong></span> <span class='ocrx_word' id='word_1_95' title='bbox 1707 1434 1997 1498; x_wconf 84' lang='lat' dir='ltr'><strong>Patriani</strong></span> <span class='ocrx_word' id='word_1_96' title='bbox 2050 1435 2148 1498; x_wconf 89' lang='lat' dir='ltr'><strong>tui</strong></span> <span class='ocrx_word' id='word_1_97' title='bbox 2201 1434 2552 1500; x_wconf 79' lang='lat' dir='ltr'><strong>blanditias</strong></span> <span class='ocrx_word' id='word_1_98' title='bbox 2597 1455 2735 1498; x_wconf 89' lang='lat' dir='ltr'><strong>sus-</strong></span> 
     </span>
     <span class='ocr_line' id='line_1_13' title="bbox 460 1516 2734 1602; baseline 0.001 -22"><span class='ocrx_word' id='word_1_99' title='bbox 460 1538 583 1600; x_wconf 89' lang='lat' dir='ltr'><strong>que</strong></span> <span class='ocrx_word' id='word_1_100' title='bbox 628 1516 833 1599; x_wconf 84' lang='lat' dir='ltr'><strong>deque</strong></span> <span class='ocrx_word' id='word_1_101' title='bbox 887 1517 1085 1597; x_wconf 63' lang='lat' dir='ltr'><strong>facim</strong></span> <span class='ocrx_word' id='word_1_102' title='bbox 1152 1539 1283 1582; x_wconf 86' lang='lat' dir='ltr'><strong>non</strong></span> <span class='ocrx_word' id='word_1_103' title='bbox 1353 1520 1584 1600; x_wconf 88' lang='lat' dir='ltr'><strong>negavi</strong></span> <span class='ocrx_word' id='word_1_104' title='bbox 1650 1540 1780 1582; x_wconf 89' lang='lat' dir='ltr'><strong>rem</strong></span> <span class='ocrx_word' id='word_1_105' title='bbox 1849 1521 2137 1602; x_wconf 85' lang='lat' dir='ltr'><strong>petitam,</strong></span> <span class='ocrx_word' id='word_1_106' title='bbox 2209 1542 2446 1583; x_wconf 86' lang='lat' dir='ltr'><strong>munus</strong></span> <span class='ocrx_word' id='word_1_107' title='bbox 2512 1541 2734 1601; x_wconf 85' lang='lat' dir='ltr'><strong>capere</strong></span> 
     </span>
     <span class='ocr_line' id='line_1_14' title="bbox 456 1604 2736 1679; baseline 0.001 -12"><span class='ocrx_word' id='word_1_108' title='bbox 456 1605 762 1667; x_wconf 84' lang='lat' dir='ltr'><strong>recusavi.</strong></span> <span class='ocrx_word' id='word_1_109' title='bbox 854 1604 925 1666; x_wconf 89' lang='lat' dir='ltr'><strong>In</strong></span> <span class='ocrx_word' id='word_1_110' title='bbox 991 1625 1063 1668; x_wconf 86' lang='lat' dir='ltr'><strong>eo</strong></span> <span class='ocrx_word' id='word_1_111' title='bbox 1126 1626 1227 1668; x_wconf 91' lang='lat' dir='ltr'><strong>me</strong></span> <span class='ocrx_word' id='word_1_112' title='bbox 1288 1604 1511 1667; x_wconf 81' lang='lat' dir='ltr'><strong>laudes</strong></span> <span class='ocrx_word' id='word_1_113' title='bbox 1579 1625 1838 1668; x_wconf 84' lang='lat' dir='ltr'><strong>necesse</strong></span> <span class='ocrx_word' id='word_1_114' title='bbox 1903 1609 2021 1679; x_wconf 85' lang='lat' dir='ltr'><strong>est,</strong></span> <span class='ocrx_word' id='word_1_115' title='bbox 2099 1625 2242 1668; x_wconf 91' lang='lat' dir='ltr'><strong>cum</strong></span> <span class='ocrx_word' id='word_1_116' title='bbox 2314 1629 2394 1668; x_wconf 82' lang='lat' dir='ltr'><strong>ex</strong></span> <span class='ocrx_word' id='word_1_117' title='bbox 2461 1606 2736 1669; x_wconf 80' lang='lat' dir='ltr'><strong>avaritia</strong></span> 
     </span>
     <span class='ocr_line' id='line_1_15' title="bbox 455 1688 2733 1771; baseline 0.001 -20"><span class='ocrx_word' id='word_1_118' title='bbox 455 1688 720 1752; x_wconf 87' lang='lat' dir='ltr'><strong>damnes</strong></span> <span class='ocrx_word' id='word_1_119' title='bbox 764 1688 1223 1754; x_wconf 87' lang='lat' dir='ltr'><strong>Herebordum.</strong></span> <span class='ocrx_word' id='word_1_120' title='bbox 1319 1689 1531 1753; x_wconf 88' lang='lat' dir='ltr'><strong>Pudor</strong></span> <span class='ocrx_word' id='word_1_121' title='bbox 1577 1693 1642 1753; x_wconf 89' lang='lat' dir='ltr'><strong>et</strong></span> <span class='ocrx_word' id='word_1_122' title='bbox 1685 1690 1980 1771; x_wconf 89' lang='lat' dir='ltr'><strong>aequitas</strong></span> <span class='ocrx_word' id='word_1_123' title='bbox 2025 1711 2154 1753; x_wconf 87' lang='lat' dir='ltr'><strong>non</strong></span> <span class='ocrx_word' id='word_1_124' title='bbox 2199 1691 2374 1767; x_wconf 86' lang='lat' dir='ltr'><strong>sinit,</strong></span> <span class='ocrx_word' id='word_1_125' title='bbox 2435 1694 2512 1753; x_wconf 91' lang='lat' dir='ltr'><strong>ut</strong></span> <span class='ocrx_word' id='word_1_126' title='bbox 2557 1712 2733 1754; x_wconf 87' lang='lat' dir='ltr'><strong>meas</strong></span> 
     </span>
     <span class='ocr_line' id='line_1_16' title="bbox 458 1772 2728 1840; baseline 0 -2"><span class='ocrx_word' id='word_1_127' title='bbox 458 1774 677 1838; x_wconf 85' lang='lat' dir='ltr'><strong>Musas</strong></span> <span class='ocrx_word' id='word_1_128' title='bbox 721 1795 894 1838; x_wconf 88' lang='lat' dir='ltr'><strong>more</strong></span> <span class='ocrx_word' id='word_1_129' title='bbox 940 1774 1307 1839; x_wconf 79' lang='lat' dir='ltr'><strong>tabularum</strong></span> <span class='ocrx_word' id='word_1_130' title='bbox 1354 1776 1644 1839; x_wconf 84' lang='lat' dir='ltr'><strong>vendam.</strong></span> <span class='ocrx_word' id='word_1_131' title='bbox 1738 1775 1898 1839; x_wconf 91' lang='lat' dir='ltr'><strong>Dedi</strong></span> <span class='ocrx_word' id='word_1_132' title='bbox 1942 1774 2244 1840; x_wconf 88' lang='lat' dir='ltr'><strong>defuncto</strong></span> <span class='ocrx_word' id='word_1_133' title='bbox 2279 1772 2552 1840; x_wconf 84' lang='lat' dir='ltr'><strong>Adamo²</strong></span> <span class='ocrx_word' id='word_1_134' title='bbox 2587 1797 2728 1839; x_wconf 89' lang='lat' dir='ltr'><strong>cum</strong></span> 
     </span>
     <span class='ocr_line' id='line_1_17' title="bbox 454 1859 2726 1941; baseline 0.001 -19"><span class='ocrx_word' id='word_1_135' title='bbox 454 1859 581 1923; x_wconf 89' lang='lat' dir='ltr'><strong>alia</strong></span> <span class='ocrx_word' id='word_1_136' title='bbox 640 1865 775 1923; x_wconf 90' lang='lat' dir='ltr'><strong>tum</strong></span> <span class='ocrx_word' id='word_1_137' title='bbox 841 1860 1253 1924; x_wconf 67' lang='lat' dir='ltr'><strong>Deci-storum</strong></span> <span class='ocrx_word' id='word_1_138' title='bbox 1314 1859 1531 1924; x_wconf 68' lang='lat' dir='ltr'><strong>libros</strong></span> <span class='ocrx_word' id='word_1_139' title='bbox 1625 1860 1696 1924; x_wconf 92' lang='lat' dir='ltr'><strong>Si</strong></span> <span class='ocrx_word' id='word_1_140' title='bbox 1757 1861 2034 1924; x_wconf 89' lang='lat' dir='ltr'><strong>moriens</strong></span> <span class='ocrx_word' id='word_1_141' title='bbox 2081 1860 2237 1924; x_wconf 91' lang='lat' dir='ltr'><strong>mihi</strong></span> <span class='ocrx_word' id='word_1_142' title='bbox 2282 1861 2554 1941; x_wconf 84' lang='lat' dir='ltr'><strong>gratiam</strong></span> <span class='ocrx_word' id='word_1_143' title='bbox 2604 1882 2726 1924; x_wconf 90' lang='lat' dir='ltr'><strong>non</strong></span> 
     </span>
     <span class='ocr_line' id='line_1_18' title="bbox 454 1944 2724 2029; baseline 0.001 -21"><span class='ocrx_word' id='word_1_144' title='bbox 454 1945 695 2019; x_wconf 84' lang='lat' dir='ltr'><strong>retulit,</strong></span> <span class='ocrx_word' id='word_1_145' title='bbox 745 1947 1035 2026; x_wconf 87' lang='lat' dir='ltr'><strong>quiescat</strong></span> <span class='ocrx_word' id='word_1_146' title='bbox 1083 1944 1499 2009; x_wconf 86' lang='lat' dir='ltr'><strong>nihilominus</strong></span> <span class='ocrx_word' id='word_1_147' title='bbox 1546 1945 1610 2007; x_wconf 90' lang='lat' dir='ltr'><strong>in</strong></span> <span class='ocrx_word' id='word_1_148' title='bbox 1660 1967 1814 2026; x_wconf 88' lang='lat' dir='ltr'><strong>pace</strong></span> <span class='ocrx_word' id='word_1_149' title='bbox 1860 1953 2187 2029; x_wconf 86' lang='lat' dir='ltr'><strong>perpetua.</strong></span> <span class='ocrx_word' id='word_1_150' title='bbox 2282 1947 2378 2009; x_wconf 87' lang='lat' dir='ltr'><strong>An</strong></span> <span class='ocrx_word' id='word_1_151' title='bbox 2429 1967 2577 2010; x_wconf 89' lang='lat' dir='ltr'><strong>vero</strong></span> <span class='ocrx_word' id='word_1_152' title='bbox 2607 1948 2724 2010; x_wconf 85' lang='lat' dir='ltr'><strong>sim</strong></span> 
     </span>
     <span class='ocr_line' id='line_1_19' title="bbox 456 2031 2730 2113; baseline 0.001 -19"><span class='ocrx_word' id='word_1_153' title='bbox 456 2051 706 2094; x_wconf 82' lang='lat' dir='ltr'><strong>eversor</strong></span> <span class='ocrx_word' id='word_1_154' title='bbox 738 2037 804 2094; x_wconf 90' lang='lat' dir='ltr'><strong>et</strong></span> <span class='ocrx_word' id='word_1_155' title='bbox 835 2031 1155 2113; x_wconf 88' lang='lat' dir='ltr'><strong>malignus</strong></span> <span class='ocrx_word' id='word_1_156' title='bbox 1199 2033 1512 2112; x_wconf 83' lang='lat' dir='ltr'><strong>interpres</strong></span> <span class='ocrx_word' id='word_1_157' title='bbox 1558 2031 1762 2094; x_wconf 89' lang='lat' dir='ltr'><strong>bonae</strong></span> <span class='ocrx_word' id='word_1_158' title='bbox 1795 2031 2062 2096; x_wconf 89' lang='lat' dir='ltr'><strong>aliorum</strong></span> <span class='ocrx_word' id='word_1_159' title='bbox 2100 2031 2472 2106; x_wconf 73' lang='lat' dir='ltr'><strong>voluntatis,</strong></span> <span class='ocrx_word' id='word_1_160' title='bbox 2507 2037 2730 2112; x_wconf 89' lang='lat' dir='ltr'><strong>postea</strong></span> 
     </span>
     <span class='ocr_line' id='line_1_20' title="bbox 454 2115 2730 2196; baseline -0.001 -16"><span class='ocrx_word' id='word_1_161' title='bbox 454 2116 688 2181; x_wconf 80' lang='lat' dir='ltr'><strong>videro.</strong></span> <span class='ocrx_word' id='word_1_162' title='bbox 780 2117 865 2178; x_wconf 65' lang='lat' dir='ltr'><strong>Ge</strong></span> <span class='ocrx_word' id='word_1_163' title='bbox 914 2119 1066 2190; x_wconf 68' lang='lat' dir='ltr'><strong>manli</strong></span> <span class='ocrx_word' id='word_1_164' title='bbox 1114 2121 1221 2178; x_wconf 77' lang='lat' dir='ltr'><strong>mol</strong></span> <span class='ocrx_word' id='word_1_165' title='bbox 1266 2118 1386 2178; x_wconf 73' lang='lat' dir='ltr'><strong>sein</strong></span> <span class='ocrx_word' id='word_1_166' title='bbox 1427 2121 1527 2178; x_wconf 65' lang='lat' dir='ltr'><strong>Das</strong></span> <span class='ocrx_word' id='word_1_167' title='bbox 1571 2121 1666 2177; x_wconf 68' lang='lat' dir='ltr'><strong>bct</strong></span> <span class='ocrx_word' id='word_1_168' title='bbox 1713 2135 1925 2178; x_wconf 74' lang='lat' dir='ltr'><strong>monins</strong></span> <span class='ocrx_word' id='word_1_169' title='bbox 1974 2128 2137 2178; x_wconf 66' lang='lat' dir='ltr'><strong>timus</strong></span> <span class='ocrx_word' id='word_1_170' title='bbox 2193 2117 2458 2196; x_wconf 54' lang='lat' dir='ltr'><strong>stupidis</strong></span> <span class='ocrx_word' id='word_1_171' title='bbox 2505 2119 2587 2176; x_wconf 76' lang='lat' dir='ltr'><strong>bic</strong></span> <span class='ocrx_word' id='word_1_172' title='bbox 2633 2115 2730 2178; x_wconf 77' lang='lat' dir='ltr'><strong>mit</strong></span> 
     </span>
     <span class='ocr_line' id='line_1_21' title="bbox 456 2200 2723 2284; baseline 0.001 -23"><span class='ocrx_word' id='word_1_173' title='bbox 456 2201 643 2281; x_wconf 60' lang='lat' dir='ltr'><strong>titubet.</strong></span> <span class='ocrx_word' id='word_1_174' title='bbox 734 2201 940 2266; x_wconf 89' lang='lat' dir='ltr'><strong>Homo</strong></span> <span class='ocrx_word' id='word_1_175' title='bbox 985 2223 1147 2266; x_wconf 90' lang='lat' dir='ltr'><strong>sum.</strong></span> <span class='ocrx_word' id='word_1_176' title='bbox 1240 2200 1403 2265; x_wconf 88' lang='lat' dir='ltr'><strong>Illud</strong></span> <span class='ocrx_word' id='word_1_177' title='bbox 1450 2207 1667 2266; x_wconf 87' lang='lat' dir='ltr'><strong>tamen</strong></span> <span class='ocrx_word' id='word_1_178' title='bbox 1700 2203 2124 2278; x_wconf 84' lang='lat' dir='ltr'><strong>verissimum,</strong></span> <span class='ocrx_word' id='word_1_179' title='bbox 2157 2201 2315 2267; x_wconf 89' lang='lat' dir='ltr'><strong>nihil</strong></span> <span class='ocrx_word' id='word_1_180' title='bbox 2347 2205 2412 2265; x_wconf 86' lang='lat' dir='ltr'><strong>te</strong></span> <span class='ocrx_word' id='word_1_181' title='bbox 2444 2222 2723 2284; x_wconf 88' lang='lat' dir='ltr'><strong>unquam</strong></span> 
     </span>
     <span class='ocr_line' id='line_1_22' title="bbox 458 2286 2722 2372; baseline 0 -22"><span class='ocrx_word' id='word_1_182' title='bbox 458 2287 697 2351; x_wconf 87' lang='lat' dir='ltr'><strong>vidisse</strong></span> <span class='ocrx_word' id='word_1_183' title='bbox 742 2287 1095 2370; x_wconf 86' lang='lat' dir='ltr'><strong>simplicius</strong></span> <span class='ocrx_word' id='word_1_184' title='bbox 1140 2291 1207 2351; x_wconf 88' lang='lat' dir='ltr'><strong>et</strong></span> <span class='ocrx_word' id='word_1_185' title='bbox 1250 2287 1519 2371; x_wconf 89' lang='lat' dir='ltr'><strong>aequius</strong></span> <span class='ocrx_word' id='word_1_186' title='bbox 1557 2287 1800 2372; x_wconf 84' lang='lat' dir='ltr'><strong>judicio</strong></span> <span class='ocrx_word' id='word_1_187' title='bbox 1846 2287 2141 2353; x_wconf 88' lang='lat' dir='ltr'><strong>Mutiani.</strong></span> <span class='ocrx_word' id='word_1_188' title='bbox 2232 2286 2456 2352; x_wconf 87' lang='lat' dir='ltr'><strong>Potest</strong></span> <span class='ocrx_word' id='word_1_189' title='bbox 2512 2291 2722 2350; x_wconf 86' lang='lat' dir='ltr'><strong>tamen</strong></span> 
     </span>
     <span class='ocr_line' id='line_1_23' title="bbox 460 2371 1315 2455; baseline 0.001 -20"><span class='ocrx_word' id='word_1_190' title='bbox 460 2371 616 2452; x_wconf 85' lang='lat' dir='ltr'><strong>fieri,</strong></span> <span class='ocrx_word' id='word_1_191' title='bbox 662 2375 737 2437; x_wconf 90' lang='lat' dir='ltr'><strong>ut</strong></span> <span class='ocrx_word' id='word_1_192' title='bbox 782 2393 1052 2455; x_wconf 88' lang='lat' dir='ltr'><strong>peccem.</strong></span> <span class='ocrx_word' id='word_1_193' title='bbox 1147 2372 1315 2437; x_wconf 87' lang='lat' dir='ltr'><strong>Vale.</strong></span> 
     </span>
    </p>
   </div>
   <div class='ocr_carea' id='block_1_3' title="bbox 768 2472 1219 2529">
    <p class='ocr_par' dir='ltr' id='par_1_3' title="bbox 768 2472 1219 2529">
     <span class='ocr_line' id='line_1_24' title="bbox 768 2472 1219 2529; baseline -0.004 -1"><span class='ocrx_word' id='word_1_194' title='bbox 768 2473 893 2529; x_wconf 87' lang='lat' dir='ltr'><strong>Cod.</strong></span> <span class='ocrx_word' id='word_1_195' title='bbox 930 2472 1064 2527; x_wconf 82' lang='lat' dir='ltr'><strong>Frcf.</strong></span> <span class='ocrx_word' id='word_1_196' title='bbox 1101 2473 1219 2529; x_wconf 85' lang='lat'><strong>406.</strong></span> 
     </span>
    </p>
   </div>
   <div class='ocr_carea' id='block_1_4' title="bbox 458 2606 2722 2729">
    <p class='ocr_par' dir='ltr' id='par_1_4' title="bbox 458 2606 2722 2729">
     <span class='ocr_line' id='line_1_25' title="bbox 458 2606 2722 2729; baseline 0 -17"><span class='ocrx_word' id='word_1_197' title='bbox 458 2620 689 2729; x_wconf 77' lang='lat' dir='ltr'><strong>(eotha.)</strong></span> <span class='ocrx_word' id='word_1_198' title='bbox 1504 2645 1657 2709; x_wconf 83' lang='lat'><strong>425.</strong></span> <span class='ocrx_word' id='word_1_199' title='bbox 2333 2661 2382 2714; x_wconf 86' lang='lat'><strong>9.</strong></span> <span class='ocrx_word' id='word_1_200' title='bbox 2419 2660 2538 2715; x_wconf 63' lang='grc' dir='ltr'><strong>οη.</strong></span> <span class='ocrx_word' id='word_1_201' title='bbox 2580 2606 2722 2715; x_wconf 61' lang='grc'><strong>1514.</strong></span> 
     </span>
    </p>
   </div>
   <div class='ocr_carea' id='block_1_5' title="bbox 1061 2772 2125 2846">
    <p class='ocr_par' dir='ltr' id='par_1_5' title="bbox 1061 2772 2125 2846">
     <span class='ocr_line' id='line_1_26' title="bbox 1061 2772 2125 2846; baseline -0.001 -3"><span class='ocrx_word' id='word_1_202' title='bbox 1061 2772 1350 2846; x_wconf 83' lang='lat' dir='ltr'><strong>Mutian</strong></span> <span class='ocrx_word' id='word_1_203' title='bbox 1395 2793 1493 2844; x_wconf 84' lang='lat' dir='ltr'><strong>an</strong></span> <span class='ocrx_word' id='word_1_204' title='bbox 1540 2773 1629 2843; x_wconf 89' lang='grc' dir='ltr'><strong>Η.</strong></span> <span class='ocrx_word' id='word_1_205' title='bbox 1674 2772 2125 2843; x_wconf 81' lang='lat' dir='ltr'><strong>Eberbach.⁸</strong></span> 
     </span>
    </p>
   </div>
   <div class='ocr_carea' id='block_1_6' title="bbox 458 2898 2724 3037">
    <p class='ocr_par' dir='ltr' id='par_1_6' title="bbox 458 2898 2724 3037">
     <span class='ocr_line' id='line_1_27' title="bbox 458 2898 2724 2971; baseline 0 -19"><span class='ocrx_word' id='word_1_206' title='bbox 458 2899 592 2967; x_wconf 85' lang='lat' dir='ltr'><strong>(Lob</strong></span> <span class='ocrx_word' id='word_1_207' title='bbox 625 2899 803 2953; x_wconf 76' lang='lat' dir='ltr'><strong>seiner</strong></span> <span class='ocrx_word' id='word_1_208' title='bbox 850 2900 1138 2971; x_wconf 71' lang='lat' dir='ltr'><strong>Vorlestmq</strong></span> <span class='ocrx_word' id='word_1_209' title='bbox 1170 2901 1301 2956; x_wconf 67' lang='lat' dir='ltr'><strong>iiber</strong></span> <span class='ocrx_word' id='word_1_210' title='bbox 1340 2902 1537 2966; x_wconf 72' lang='lat' dir='ltr'><strong>Celsus,</strong></span> <span class='ocrx_word' id='word_1_211' title='bbox 1575 2900 1781 2955; x_wconf 70' lang='lat' dir='ltr'><strong>Frende</strong></span> <span class='ocrx_word' id='word_1_212' title='bbox 1813 2900 1944 2955; x_wconf 62' lang='lat' dir='ltr'><strong>iiber</strong></span> <span class='ocrx_word' id='word_1_213' title='bbox 1977 2899 2120 2955; x_wconf 73' lang='lat' dir='ltr'><strong>scine</strong></span> <span class='ocrx_word' id='word_1_214' title='bbox 2161 2901 2338 2955; x_wconf 73' lang='lat' dir='ltr'><strong>Gumt</strong></span> <span class='ocrx_word' id='word_1_215' title='bbox 2365 2916 2526 2969; x_wconf 74' lang='lat' dir='ltr'><strong>yeyen</strong></span> <span class='ocrx_word' id='word_1_216' title='bbox 2543 2898 2724 2953; x_wconf 81' lang='lat' dir='ltr'><strong>Eoban</strong></span> 
     </span>
     <span class='ocr_line' id='line_1_28' title="bbox 1247 2970 1936 3037; baseline -0.003 -13"><span class='ocrx_word' id='word_1_217' title='bbox 1247 2971 1365 3024; x_wconf 82' lang='lat' dir='ltr'><strong>und</strong></span> <span class='ocrx_word' id='word_1_218' title='bbox 1408 2971 1554 3024; x_wconf 75' lang='lat' dir='ltr'><strong>Bitte</strong></span> <span class='ocrx_word' id='word_1_219' title='bbox 1587 2987 1687 3023; x_wconf 78' lang='lat' dir='ltr'><strong>um</strong></span> <span class='ocrx_word' id='word_1_220' title='bbox 1721 2970 1936 3037; x_wconf 72' lang='lat' dir='ltr'><strong>Pium.)</strong></span> 
     </span>
    </p>
   </div>
   <div class='ocr_carea' id='block_1_7' title="bbox 501 3082 2669 3221">
    <p class='ocr_par' dir='ltr' id='par_1_7' title="bbox 501 3082 2669 3221">
     <span class='ocr_line' id='line_1_29' title="bbox 501 3082 2669 3147; baseline -0 -14"><span class='ocrx_word' id='word_1_221' title='bbox 501 3082 778 3135; x_wconf 79' lang='lat' dir='ltr'><strong>Hem-loo</strong></span> <span class='ocrx_word' id='word_1_222' title='bbox 813 3084 1245 3144; x_wconf 74' lang='lat' dir='ltr'><strong>Aperbaeoho,</strong></span> <span class='ocrx_word' id='word_1_223' title='bbox 1280 3084 1662 3135; x_wconf 83' lang='lat' dir='ltr'><strong>medicorum</strong></span> <span class='ocrx_word' id='word_1_224' title='bbox 1696 3084 2256 3147; x_wconf 76' lang='lat' dir='ltr'><strong>praestantissimo,</strong></span> <span class='ocrx_word' id='word_1_225' title='bbox 2291 3083 2490 3133; x_wconf 79' lang='lat' dir='ltr'><strong>amico</strong></span> <span class='ocrx_word' id='word_1_226' title='bbox 2525 3095 2669 3132; x_wconf 82' lang='lat' dir='ltr'><strong>oon·</strong></span> 
     </span>
     <span class='ocr_line' id='line_1_30' title="bbox 1070 3168 2104 3221; baseline -0.003 0"><span class='ocrx_word' id='word_1_227' title='bbox 1070 3172 1316 3221; x_wconf 77' lang='lat' dir='ltr'><strong>stanter</strong></span> <span class='ocrx_word' id='word_1_228' title='bbox 1352 3169 1717 3221; x_wconf 83' lang='lat' dir='ltr'><strong>honorando</strong></span> <span class='ocrx_word' id='word_1_229' title='bbox 1753 3171 1842 3221; x_wconf 77' lang='lat' dir='ltr'><strong>M.</strong></span> <span class='ocrx_word' id='word_1_230' title='bbox 1877 3168 2104 3220; x_wconf 76' lang='lat' dir='ltr'><strong>Rufus.</strong></span> 
     </span>
    </p>
   </div>
   <div class='ocr_carea' id='block_1_8' title="bbox 453 3277 2726 4217">
    <p class='ocr_par' dir='ltr' id='par_1_8' title="bbox 453 3277 2726 4217">
     <span class='ocr_line' id='line_1_31' title="bbox 664 3277 2722 3363; baseline -0.001 -20"><span class='ocrx_word' id='word_1_231' title='bbox 664 3278 871 3344; x_wconf 85' lang='lat' dir='ltr'><strong>Salus.</strong></span> <span class='ocrx_word' id='word_1_232' title='bbox 966 3280 1135 3345; x_wconf 90' lang='lat' dir='ltr'><strong>Bene</strong></span> <span class='ocrx_word' id='word_1_233' title='bbox 1207 3282 1423 3363; x_wconf 87' lang='lat' dir='ltr'><strong>agitur</strong></span> <span class='ocrx_word' id='word_1_234' title='bbox 1469 3304 1610 3345; x_wconf 89' lang='lat' dir='ltr'><strong>cum</strong></span> <span class='ocrx_word' id='word_1_235' title='bbox 1657 3281 2040 3363; x_wconf 85' lang='lat' dir='ltr'><strong>optimarum</strong></span> <span class='ocrx_word' id='word_1_236' title='bbox 2113 3278 2345 3342; x_wconf 86' lang='lat' dir='ltr'><strong>artium</strong></span> <span class='ocrx_word' id='word_1_237' title='bbox 2417 3277 2722 3342; x_wconf 85' lang='lat' dir='ltr'><strong>studiosis</strong></span> 
     </span>
     <span class='ocr_line' id='line_1_32' title="bbox 454 3362 2720 3446; baseline -0 -21"><span class='ocrx_word' id='word_1_238' title='bbox 454 3366 519 3426; x_wconf 90' lang='lat' dir='ltr'><strong>te</strong></span> <span class='ocrx_word' id='word_1_239' title='bbox 566 3364 928 3430; x_wconf 86' lang='lat' dir='ltr'><strong>Cornelium</strong></span> <span class='ocrx_word' id='word_1_240' title='bbox 1000 3366 1251 3431; x_wconf 88' lang='lat' dir='ltr'><strong>Celsum</strong></span> <span class='ocrx_word' id='word_1_241' title='bbox 1326 3368 1714 3431; x_wconf 89' lang='lat' dir='ltr'><strong>medicorum</strong></span> <span class='ocrx_word' id='word_1_242' title='bbox 1760 3366 2215 3430; x_wconf 86' lang='lat' dir='ltr'><strong>latinissimum</strong></span> <span class='ocrx_word' id='word_1_243' title='bbox 2263 3365 2328 3427; x_wconf 90' lang='lat' dir='ltr'><strong>in</strong></span> <span class='ocrx_word' id='word_1_244' title='bbox 2375 3362 2720 3446; x_wconf 88' lang='lat' dir='ltr'><strong>Erphurdi-</strong></span> 
     </span>
     <span class='ocr_line' id='line_1_33' title="bbox 455 3448 2722 3531; baseline -0 -21"><span class='ocrx_word' id='word_1_245' title='bbox 455 3450 593 3511; x_wconf 90' lang='lat' dir='ltr'><strong>ensi</strong></span> <span class='ocrx_word' id='word_1_246' title='bbox 658 3449 1006 3531; x_wconf 88' lang='lat' dir='ltr'><strong>Gymnasio</strong></span> <span class='ocrx_word' id='word_1_247' title='bbox 1066 3457 1418 3516; x_wconf 87' lang='lat' dir='ltr'><strong>enarrante.</strong></span> <span class='ocrx_word' id='word_1_248' title='bbox 1516 3452 1746 3516; x_wconf 89' lang='lat' dir='ltr'><strong>Vellem</strong></span> <span class='ocrx_word' id='word_1_249' title='bbox 1797 3458 1862 3514; x_wconf 88' lang='lat' dir='ltr'><strong>et</strong></span> <span class='ocrx_word' id='word_1_250' title='bbox 1908 3451 2064 3513; x_wconf 89' lang='lat' dir='ltr'><strong>mihi</strong></span> <span class='ocrx_word' id='word_1_251' title='bbox 2121 3450 2340 3513; x_wconf 88' lang='lat' dir='ltr'><strong>liceret</strong></span> <span class='ocrx_word' id='word_1_252' title='bbox 2398 3454 2460 3511; x_wconf 86' lang='lat' dir='ltr'><strong>te</strong></span> <span class='ocrx_word' id='word_1_253' title='bbox 2508 3448 2722 3512; x_wconf 87' lang='lat' dir='ltr'><strong>audire</strong></span> 
     </span>
     <span class='ocr_line' id='line_1_34' title="bbox 454 3534 2722 3619; baseline 0 -23"><span class='ocrx_word' id='word_1_254' title='bbox 454 3534 891 3616; x_wconf 77' lang='lat' dir='ltr'><strong>profitentem3</strong></span> <span class='ocrx_word' id='word_1_255' title='bbox 959 3538 1244 3619; x_wconf 84' lang='lat' dir='ltr'><strong>profecto</strong></span> <span class='ocrx_word' id='word_1_256' title='bbox 1312 3538 1655 3619; x_wconf 89' lang='lat' dir='ltr'><strong>plurimum</strong></span> <span class='ocrx_word' id='word_1_257' title='bbox 1719 3536 1942 3599; x_wconf 88' lang='lat' dir='ltr'><strong>auxilii</strong></span> <span class='ocrx_word' id='word_1_258' title='bbox 2005 3536 2311 3599; x_wconf 88' lang='lat' dir='ltr'><strong>adversus</strong></span> <span class='ocrx_word' id='word_1_259' title='bbox 2373 3536 2542 3599; x_wconf 91' lang='lat' dir='ltr'><strong>mala</strong></span> <span class='ocrx_word' id='word_1_260' title='bbox 2587 3556 2722 3597; x_wconf 86' lang='lat' dir='ltr'><strong>cor-</strong></span> 
     </span>
     <span class='ocr_line' id='line_1_35' title="bbox 457 3618 2722 3705; baseline -0.001 -22"><span class='ocrx_word' id='word_1_261' title='bbox 457 3620 634 3700; x_wconf 85' lang='lat' dir='ltr'><strong>poris</strong></span> <span class='ocrx_word' id='word_1_262' title='bbox 679 3622 1036 3705; x_wconf 89' lang='lat' dir='ltr'><strong>colligerem</strong></span> <span class='ocrx_word' id='word_1_263' title='bbox 1086 3628 1149 3687; x_wconf 89' lang='lat' dir='ltr'><strong>et</strong></span> <span class='ocrx_word' id='word_1_264' title='bbox 1195 3623 1714 3705; x_wconf 86' lang='lat' dir='ltr'><strong>praesentissima</strong></span> <span class='ocrx_word' id='word_1_265' title='bbox 1759 3620 2056 3684; x_wconf 89' lang='lat' dir='ltr'><strong>remedia.</strong></span> <span class='ocrx_word' id='word_1_266' title='bbox 2153 3622 2275 3683; x_wconf 92' lang='lat' dir='ltr'><strong>Vos</strong></span> <span class='ocrx_word' id='word_1_267' title='bbox 2323 3620 2450 3683; x_wconf 86' lang='lat' dir='ltr'><strong>duo</strong></span> <span class='ocrx_word' id='word_1_268' title='bbox 2499 3618 2722 3683; x_wconf 85' lang='lat' dir='ltr'><strong>fratres</strong></span> 
     </span>
     <span class='ocr_line' id='line_1_36' title="bbox 457 3705 2722 3787; baseline -0 -20"><span class='ocrx_word' id='word_1_269' title='bbox 457 3705 537 3767; x_wconf 88' lang='lat' dir='ltr'><strong>ad</strong></span> <span class='ocrx_word' id='word_1_270' title='bbox 578 3706 899 3787; x_wconf 88' lang='lat' dir='ltr'><strong>juvandos</strong></span> <span class='ocrx_word' id='word_1_271' title='bbox 958 3707 1249 3772; x_wconf 89' lang='lat' dir='ltr'><strong>homines</strong></span> <span class='ocrx_word' id='word_1_272' title='bbox 1306 3709 1440 3771; x_wconf 90' lang='lat' dir='ltr'><strong>nati</strong></span> <span class='ocrx_word' id='word_1_273' title='bbox 1507 3708 1680 3771; x_wconf 85' lang='lat' dir='ltr'><strong>est-is.</strong></span> <span class='ocrx_word' id='word_1_274' title='bbox 1773 3706 1870 3769; x_wconf 86' lang='lat' dir='ltr'><strong>Ex</strong></span> <span class='ocrx_word' id='word_1_275' title='bbox 1915 3706 2087 3771; x_wconf 84' lang='lat' dir='ltr'><strong>Urbe</strong></span> <span class='ocrx_word' id='word_1_276' title='bbox 2154 3706 2444 3786; x_wconf 87' lang='lat' dir='ltr'><strong>Petrejus</strong></span> <span class='ocrx_word' id='word_1_277' title='bbox 2511 3712 2722 3771; x_wconf 88' lang='lat' dir='ltr'><strong>noster</strong></span> 
     </span>
     <span class='ocr_line' id='line_1_37' title="bbox 458 3791 2724 3876; baseline 0 -24"><span class='ocrx_word' id='word_1_278' title='bbox 458 3812 705 3873; x_wconf 86' lang='lat' dir='ltr'><strong>semper</strong></span> <span class='ocrx_word' id='word_1_279' title='bbox 749 3794 992 3876; x_wconf 89' lang='lat' dir='ltr'><strong>aliquid</strong></span> <span class='ocrx_word' id='word_1_280' title='bbox 1040 3792 1196 3858; x_wconf 90' lang='lat' dir='ltr'><strong>mihi</strong></span> <span class='ocrx_word' id='word_1_281' title='bbox 1242 3794 1464 3869; x_wconf 87' lang='lat' dir='ltr'><strong>donat,</strong></span> <span class='ocrx_word' id='word_1_282' title='bbox 1510 3814 1639 3875; x_wconf 87' lang='lat' dir='ltr'><strong>quo</strong></span> <span class='ocrx_word' id='word_1_283' title='bbox 1684 3794 2012 3873; x_wconf 86' lang='lat' dir='ltr'><strong>ingenium</strong></span> <span class='ocrx_word' id='word_1_284' title='bbox 2071 3791 2280 3855; x_wconf 89' lang='lat' dir='ltr'><strong>alatur</strong></span> <span class='ocrx_word' id='word_1_285' title='bbox 2325 3795 2392 3854; x_wconf 91' lang='lat' dir='ltr'><strong>et</strong></span> <span class='ocrx_word' id='word_1_286' title='bbox 2435 3792 2724 3855; x_wconf 88' lang='lat' dir='ltr'><strong>doctrina</strong></span> 
     </span>
     <span class='ocr_line' id='line_1_38' title="bbox 456 3875 2723 3958; baseline 0.001 -21"><span class='ocrx_word' id='word_1_287' title='bbox 456 3876 573 3939; x_wconf 82' lang='lat' dir='ltr'><strong>fiat</strong></span> <span class='ocrx_word' id='word_1_288' title='bbox 614 3878 894 3958; x_wconf 78' lang='lat' dir='ltr'><strong>politior,</strong></span> <span class='ocrx_word' id='word_1_289' title='bbox 986 3878 1081 3941; x_wconf 92' lang='lat' dir='ltr'><strong>Tu</strong></span> <span class='ocrx_word' id='word_1_290' title='bbox 1128 3899 1276 3943; x_wconf 88' lang='lat' dir='ltr'><strong>vero</strong></span> <span class='ocrx_word' id='word_1_291' title='bbox 1325 3879 1510 3942; x_wconf 90' lang='lat' dir='ltr'><strong>bonis</strong></span> <span class='ocrx_word' id='word_1_292' title='bbox 1557 3882 1622 3942; x_wconf 90' lang='lat' dir='ltr'><strong>et</strong></span> <span class='ocrx_word' id='word_1_293' title='bbox 1667 3878 1872 3942; x_wconf 81' lang='lat' dir='ltr'><strong>doctis</strong></span> <span class='ocrx_word' id='word_1_294' title='bbox 1918 3878 2071 3942; x_wconf 89' lang='lat' dir='ltr'><strong>viris</strong></span> <span class='ocrx_word' id='word_1_295' title='bbox 2116 3875 2379 3940; x_wconf 86' lang='lat' dir='ltr'><strong>mirifice</strong></span> <span class='ocrx_word' id='word_1_296' title='bbox 2410 3876 2723 3941; x_wconf 83' lang='lat' dir='ltr'><strong>succurris</strong></span> 
     </span>
     <span class='ocr_line' id='line_1_39' title="bbox 458 3961 2723 4046; baseline 0 -23"><span class='ocrx_word' id='word_1_297' title='bbox 458 3961 555 4024; x_wconf 92' lang='lat' dir='ltr'><strong>vel</strong></span> <span class='ocrx_word' id='word_1_298' title='bbox 589 3964 794 4027; x_wconf 87' lang='lat' dir='ltr'><strong>muria</strong></span> <span class='ocrx_word' id='word_1_299' title='bbox 827 3964 924 4027; x_wconf 90' lang='lat' dir='ltr'><strong>vel</strong></span> <span class='ocrx_word' id='word_1_300' title='bbox 950 3964 1089 4046; x_wconf 89' lang='lat' dir='ltr'><strong>jure</strong></span> <span class='ocrx_word' id='word_1_301' title='bbox 1126 3965 1220 4027; x_wconf 85' lang='lat' dir='ltr'><strong>vel</strong></span> <span class='ocrx_word' id='word_1_302' title='bbox 1258 3964 1636 4027; x_wconf 82' lang='lat' dir='ltr'><strong>devorandis</strong></span> <span class='ocrx_word' id='word_1_303' title='bbox 1669 3964 2026 4046; x_wconf 79' lang='lat' dir='ltr'><strong>catapotiiS.</strong></span> <span class='ocrx_word' id='word_1_304' title='bbox 2118 3961 2339 4044; x_wconf 87' lang='lat' dir='ltr'><strong>Neque</strong></span> <span class='ocrx_word' id='word_1_305' title='bbox 2384 3966 2723 4026; x_wconf 89' lang='lat' dir='ltr'><strong>contentus</strong></span> 
     </span>
     <span class='ocr_line' id='line_1_40' title="bbox 453 4047 2726 4130; baseline 0 -21"><span class='ocrx_word' id='word_1_306' title='bbox 453 4048 804 4128; x_wconf 87' lang='lat' dir='ltr'><strong>gratuitum</strong></span> <span class='ocrx_word' id='word_1_307' title='bbox 876 4051 1270 4130; x_wconf 84' lang='lat' dir='ltr'><strong>praestitisse</strong></span> <span class='ocrx_word' id='word_1_308' title='bbox 1334 4048 1634 4124; x_wconf 88' lang='lat' dir='ltr'><strong>officium,</strong></span> <span class='ocrx_word' id='word_1_309' title='bbox 1705 4048 1878 4113; x_wconf 90' lang='lat' dir='ltr'><strong>domi</strong></span> <span class='ocrx_word' id='word_1_310' title='bbox 1941 4050 2135 4112; x_wconf 87' lang='lat' dir='ltr'><strong>etiam</strong></span> <span class='ocrx_word' id='word_1_311' title='bbox 2197 4047 2483 4112; x_wconf 85' lang='lat' dir='ltr'><strong>liberalis</strong></span> <span class='ocrx_word' id='word_1_312' title='bbox 2540 4069 2609 4111; x_wconf 90' lang='lat' dir='ltr'><strong>es</strong></span> <span class='ocrx_word' id='word_1_313' title='bbox 2663 4051 2726 4111; x_wconf 86' lang='lat' dir='ltr'><strong>et</strong></span> 
     </span>
     <span class='ocr_line' id='line_1_41' title="bbox 458 4132 2722 4217; baseline 0 -22"><span class='ocrx_word' id='word_1_314' title='bbox 458 4133 674 4197; x_wconf 90' lang='lat' dir='ltr'><strong>comis.</strong></span> <span class='ocrx_word' id='word_1_315' title='bbox 790 4133 1001 4212; x_wconf 86' lang='lat' dir='ltr'><strong>Mitto,</strong></span> <span class='ocrx_word' id='word_1_316' title='bbox 1080 4157 1269 4217; x_wconf 90' lang='lat' dir='ltr'><strong>quam</strong></span> <span class='ocrx_word' id='word_1_317' title='bbox 1340 4134 1711 4201; x_wconf 87' lang='lat' dir='ltr'><strong>commodus</strong></span> <span class='ocrx_word' id='word_1_318' title='bbox 1779 4138 1844 4197; x_wconf 90' lang='lat' dir='ltr'><strong>et</strong></span> <span class='ocrx_word' id='word_1_319' title='bbox 1912 4135 2228 4215; x_wconf 84' lang='lat' dir='ltr'><strong>benignus</strong></span> <span class='ocrx_word' id='word_1_320' title='bbox 2305 4132 2722 4197; x_wconf 87' lang='lat' dir='ltr'><strong>disertissimo</strong></span> 
     </span>
    </p>
   </div>
   <div class='ocr_carea' id='block_1_9' title="bbox 454 4271 866 4279">
    <p class='ocr_par' dir='ltr' id='par_1_9' title="bbox 454 4271 866 4279">
     <span class='ocr_line' id='line_1_42' title="bbox 454 4271 866 4279; baseline 0 616"><span class='ocrx_word' id='word_1_321' title='bbox 454 4271 866 4279; x_wconf 95' lang='lat' dir='ltr'><strong> </strong></span> 
     </span>
    </p>
   </div>
   <div class='ocr_carea' id='block_1_10' title="bbox 452 4324 2741 4473">
    <p class='ocr_par' dir='ltr' id='par_1_10' title="bbox 452 4324 2741 4473">
     <span class='ocr_line' id='line_1_43' title="bbox 595 4324 2741 4405; baseline -0.001 -18"><span class='ocrx_word' id='word_1_322' title='bbox 595 4335 610 4365; x_wconf 84' lang='lat'><em>¹</em></span> <span class='ocrx_word' id='word_1_323' title='bbox 647 4334 854 4388; x_wconf 85' lang='lat' dir='ltr'><strong>Goedes</strong></span> <span class='ocrx_word' id='word_1_324' title='bbox 891 4335 1000 4387; x_wconf 83' lang='lat' dir='ltr'><strong>und</strong></span> <span class='ocrx_word' id='word_1_325' title='bbox 1035 4324 1331 4390; x_wconf 59' lang='lat' dir='ltr'><strong>Bobezanss</strong></span> <span class='ocrx_word' id='word_1_326' title='bbox 1393 4336 1511 4405; x_wconf 88' lang='lat' dir='ltr'><strong>Vgl.</strong></span> <span class='ocrx_word' id='word_1_327' title='bbox 1551 4335 1603 4390; x_wconf 83' lang='lat' dir='ltr'><strong>S.</strong></span> <span class='ocrx_word' id='word_1_328' title='bbox 1643 4335 1747 4390; x_wconf 85' lang='lat'><strong>483</strong></span> <span class='ocrx_word' id='word_1_329' title='bbox 1783 4338 1845 4389; x_wconf 83' lang='lat' dir='ltr'><strong>A.</strong></span> <span class='ocrx_word' id='word_1_330' title='bbox 1884 4336 1930 4389; x_wconf 81' lang='lat'><strong>2.</strong></span> <span class='ocrx_word' id='word_1_331' title='bbox 2053 4336 2074 4369; x_wconf 72' lang='lat'><strong>⁹</strong></span> <span class='ocrx_word' id='word_1_332' title='bbox 2108 4336 2272 4389; x_wconf 89' lang='lat' dir='ltr'><strong>Wohl</strong></span> <span class='ocrx_word' id='word_1_333' title='bbox 2313 4336 2409 4389; x_wconf 88' lang='lat' dir='ltr'><strong>der</strong></span> <span class='ocrx_word' id='word_1_334' title='bbox 2438 4333 2741 4401; x_wconf 70' lang='lat' dir='ltr'><strong>Presbyter</strong></span> 
     </span>
     <span class='ocr_line' id='line_1_44' title="bbox 452 4398 2107 4473; baseline 0.002 -20"><span class='ocrx_word' id='word_1_335' title='bbox 452 4398 764 4455; x_wconf 78' lang='lat' dir='ltr'><strong>Holtmann.</strong></span> <span class='ocrx_word' id='word_1_336' title='bbox 835 4402 953 4471; x_wconf 88' lang='lat' dir='ltr'><strong>Vgl.</strong></span> <span class='ocrx_word' id='word_1_337' title='bbox 994 4401 1045 4457; x_wconf 83' lang='lat' dir='ltr'><strong>S.</strong></span> <span class='ocrx_word' id='word_1_338' title='bbox 1082 4403 1187 4457; x_wconf 84' lang='lat'><strong>472</strong></span> <span class='ocrx_word' id='word_1_339' title='bbox 1224 4406 1284 4457; x_wconf 87' lang='lat' dir='ltr'><strong>A.</strong></span> <span class='ocrx_word' id='word_1_340' title='bbox 1322 4404 1370 4457; x_wconf 89' lang='grc'><strong>9.</strong></span> <span class='ocrx_word' id='word_1_341' title='bbox 1515 4405 1536 4437; x_wconf 77' lang='lat'>⁸</span> <span class='ocrx_word' id='word_1_342' title='bbox 1570 4404 1689 4473; x_wconf 84' lang='lat' dir='ltr'><strong>Vgl.</strong></span> <span class='ocrx_word' id='word_1_343' title='bbox 1727 4404 1778 4459; x_wconf 82' lang='lat' dir='ltr'><strong>S.</strong></span> <span class='ocrx_word' id='word_1_344' title='bbox 1821 4404 1920 4457; x_wconf 89' lang='grc'><strong>119</strong></span> <span class='ocrx_word' id='word_1_345' title='bbox 1955 4406 2018 4459; x_wconf 87' lang='lat' dir='ltr'><strong>A.</strong></span> <span class='ocrx_word' id='word_1_346' title='bbox 2057 4406 2107 4457; x_wconf 84' lang='lat'><strong>5.</strong></span> 
     </span>
    </p>
   </div>
   <div class='ocr_carea' id='block_1_11' title="bbox 3021 1827 3023 2344">
    <p class='ocr_par' dir='ltr' id='par_1_11' title="bbox 3021 1827 3023 2344">
     <span class='ocr_line' id='line_1_45' title="bbox 3021 1827 3023 2344; baseline 0 0"><span class='ocrx_word' id='word_1_347' title='bbox 3021 1827 3023 2344; x_wconf 95' lang='lat' dir='ltr'><strong> </strong></span> 
     </span>
    </p>
   </div>
  </div>
 </body>
</html>
