3084 4895
412 425 541 489 478
1248 425 1425 481 Briel'e
1460 425 1558 480 des
1589 426 1638 481 J.
1681 427 1826 481 1514.

416 619 595 662 suam
659 597 1192 662 benevolentiam.
1282 597 1433 662 Dixi
1478 599 1559 662 ad
1619 621 1850 682 pueros
1905 599 2185 664 affinesz¹
2256 601 2416 684 „Vos
2474 606 2676 669 redite

417 685 499 748 ad
546 684 872 748 dominum
918 687 984 748 et
1027 684 1220 748 dicite
1264 705 1367 748 me
1412 685 1572 748 velle
1617 707 1756 749 cras
1810 707 1952 750 eum
2012 687 2348 752 salutare.“
2443 691 2526 754 Et
2581 692 2673 754 ita

417 769 623 833 facere
678 771 1155 848 constitueram,
1200 774 1275 832 ut
1316 775 1562 851 patrem
1625 771 1747 834 tibi
1805 773 2262 836 amicissimum
2327 776 2671 840 redderem.

422 855 729 920 Praemisi
795 875 936 918 cum
998 854 1119 919 hac
1164 854 1398 919 scheda
1463 855 1814 920 Vulcanum
1883 856 2186 921 Drusum²
2249 866 2395 940 post
2453 861 2668 925 horam

417 942 728 1024 quintam,
777 946 851 1004 ut
896 941 1121 1005 saltem
1192 961 1657 1018 cognoscerem,
1731 964 1880 1006 num
1949 943 2233 1022 abiisset,
2297 967 2377 1008 ne
2437 946 2674 1010 frustra

415 1028 620 1092 lutum
688 1026 1013 1090 calcarem.
1106 1025 1401 1106 Abierat3
1468 1029 1562 1090 ita
1627 1049 1754 1092 non
1824 1030 2005 1110 potui
2069 1051 2211 1094 meo
2277 1032 2400 1094 tibi
2456 1033 2673 1097 debito

414 1113 629 1178 studio
693 1111 1074 1190 satisfacere,
1143 1133 1529 1194 quamquam
1602 1115 1877 1177 maxime
1943 1115 2094 1177 mihi
2165 1115 2290 1180 fuit
2360 1121 2671 1200 optatum.

420 1199 643 1262 Verum
690 1219 769 1260 ne
815 1219 913 1261 me
958 1219 1217 1262 accuses
1263 1198 1340 1261 de
1384 1198 1796 1280 negligentia,
1831 1200 2208 1264 descendam
2239 1203 2308 1265 in
2341 1202 2675 1267 Convalles

413 1285 590 1349 coelo
636 1305 878 1362 serem,
926 1290 995 1347 ut
1042 1283 1359 1347 voluntati
1399 1283 1710 1366 jungatur
1753 1285 2035 1348 effectus.
2125 1286 2297 1351 Haec
2357 1288 2671 1353 habebam

410 1370 563 1520 ἑθτθ,
612 1390 776 1521 mbae
818 1374 883 1434 te
929 1369 1090 1434 scire
1119 1368 1430 1435 volebam.
1509 1370 1660 1432 Vale
1692 1374 1756 1433 et
1786 1392 1930 1434 ama
1963 1393 2059 1434 me
2093 1377 2333 1438 mutuo.
2408 1374 2675 1440 Eidibus

462 1460 667 1538 eptem
722 1506 733 1517 .

723 1572 847 1626 Cod.
885 1571 1016 1626 Frcf.
1054 1571 1171 1625 402.

413 1778 647 1848 (Gotha.)
1467 1761 1614 1826 411.
2045 1777 2162 1847 (vor
2197 1781 2279 1835 14.
2315 1779 2458 1849 Sept.
2499 1781 2670 1850 1514.)

1166 1887 1459 1958 Mutian
1502 1907 1597 1958 an
1645 1887 1923 1958 Urban.

416 2018 701 2086 (Bericktet
746 2035 849 2071 aus
896 2017 1069 2070 ciuem
1118 2016 1298 2085 Briefe
1344 2017 1432 2070 des
1476 2015 1742 2070 Kanxlers
1795 2017 2090 2085 Enylender
2145 2036 2247 2072 von
2297 2020 2399 2072 den
2459 2019 2673 2072 Wirren

1168 2086 1233 2138 in
1280 2086 1503 2153 Umam
1534 2087 1652 2138 und
1684 2086 1919 2155 Hessm.)

1142 2200 1225 2250 Η..
1260 2199 1517 2250 Urbano
1555 2196 1666 2266 (M.
1699 2196 1945 2267 Rufus).

622 2312 686 2377 S.
763 2310 996 2375 Caesar
1018 2311 1443 2376 Tabernarius
1469 2309 1535 2351 ⁸⁵⁸
1580 2309 1715 2376 heri
1747 2312 1904 2376 mihi
1933 2311 2210 2375 reddidit
2239 2311 2674 2392 Engellendri⁴

412 2402 649 2479 literae,
694 2399 914 2481 plenas
959 2397 1156 2463 officii
1202 2401 1267 2462 et
1310 2397 1544 2462 amoris
1588 2419 1736 2481 erga
1782 2420 1898 2462 me.
1989 2396 2160 2461 Inter
2193 2397 2336 2477 alia,
2370 2398 2497 2461 imo
2529 2404 2677 2481 post

412 2487 618 2551 multa
663 2486 753 2548 sic
798 2485 921 2548 ait:
976 2484 1348 2566 „Praeterea
1392 2506 1564 2549 nunc
1606 2485 1672 2547 in
1720 2484 1874 2548 orbe
1917 2484 2236 2547 mirabilia
2293 2485 2676 2548 nuntiantur

414 2574 692 2636 maxime
737 2571 813 2634 de
858 2568 1178 2650 Ungariae
1238 2570 1630 2651 crucigeriS,⁵
1687 2571 1797 2653 qui
1840 2570 2168 2634 nobilibus
2227 2570 2676 2633 ecclesiasticis

411 2660 713 2740 omnique
736 2657 1102 2737 potentatui
1134 2676 1514 2737 magnopere
1547 2662 1700 2720 sunt
1729 2654 1967 2733 infesti,
2001 2656 2348 2737 episcopOS,
2383 2655 2672 2734 barones,

412 2744 661 2808 nobiles
707 2750 771 2805 et
816 2761 1231 2822 quoscunque
1275 2743 1623 2822 repererint
1665 2741 1828 2824 palis
1872 2740 2341 2823 transfigenteS,
2408 2742 2671 2815 misera-

415 2830 539 2893 bile
584 2831 745 2892 visu.
836 2826 1248 2909 Multiplicati
1308 2832 1460 2891 sunt
1521 2848 1713 2909 super
1759 2848 2087 2891 numerum
2135 2826 2221 2889 60
2267 2826 2507 2891 milium
2555 2849 2672 2890 nec

414 2920 532 2991 est,
595 2916 706 2997 qui
758 2913 955 2977 furori
1012 2913 1305 2977 resistere
1366 2914 1588 2994 possit.
1679 2913 1778 2977 Ex
1837 2912 1982 2975 aliis
2041 2912 2234 2975 etiam
2304 2913 2672 2994 regionibus

414 3002 591 3067 varia
636 3005 701 3063 et
744 2998 1123 3063 meticulosa
1158 2998 1546 3063 deferuntur.
1637 2998 1874 3080 Magna
1905 3018 2179 3078 namque
2212 3019 2354 3060 cum
2385 3003 2672 3078 tempore

413 3094 479 3152 et
522 3086 761 3168 majora
806 3085 927 3162 his,
956 3086 985 3123 ¹¹
1030 3084 1241 3168 prohc
1302 3083 1510 3148 dolor!
1575 3082 1952 3164 intelligeS.“
2047 3084 2218 3147 Haec
2269 3086 2424 3147 sunt
2477 3083 2669 3148 verba

413 3173 602 3237 amici
647 3173 871 3245 nostri,
918 3171 1021 3255 cui
1067 3192 1334 3252 magnae
1378 3192 1479 3233 res
1524 3173 1742 3251 gestae
1785 3173 1852 3233 'et
1894 3168 2207 3250 gerendae
2237 3189 2367 3231 non
2400 3173 2673 3250 possunt

410 3280 540 3323 non
618 3280 755 3321 esse
829 3258 1219 3332 notissimae,
1310 3259 1534 3338 utpote
1627 3276 1856 3336 magno
1946 3254 2321 3319 cancellario
2399 3258 2462 3318 et
2539 3256 2668 3319 viro

412 3345 780 3409 clarissimo,
876 3342 1009 3407 Pax
1078 3347 1143 3405 et
1204 3342 1405 3405 otium
1468 3343 1558 3405 sit
1603 3348 1836 3407 nostro
1903 3339 2176 3403 saeculo,
2265 3339 2388 3403 Diu
2454 3345 2667 3403 tamen

410 3432 635 3495 abesse
696 3428 844 3493 cleri
902 3429 1201 3492 interitus
1246 3426 1382 3491 fata
1429 3448 1553 3491 non
1603 3428 2002 3507 permittunt.
2095 3427 2282 3488 Astra
2341 3426 2670 3489 minantur

410 3517 670 3599 aliquid.
765 3515 1119 3596 Episcopus
1176 3510 1682 3593 Herbipolensis⁶
1742 3513 1806 3575 in
1865 3516 2150 3575 extremo
2210 3516 2308 3573 est
2367 3512 2664 3593 pericul0.

410 3603 577 3680 Quid
650 3601 849 3665 habes
924 3600 1001 3663 de
1076 3599 1439 3662 Herebordo
1516 3603 1581 3662 et
1654 3603 1865 3661 vestra
1945 3595 2320 3679 republica?
2438 3596 2669 3661 Hassia

409 3687 843 3753 tumultuatur
888 3690 953 3748 et
996 3685 1157 3749 male
1204 3684 1443 3765 regitur
1488 3706 1527 3747 a
1571 3682 1857 3747 femina.⁷
1896 3743 1901 3747 ,
1945 3682 2114 3745 Vale.

718 3802 843 3855 Cod.
878 3800 1012 3853 Frcf.
1051 3801 1152 3853 375
1170 3800 1246 3852 b.⁸

546 4044 574 4073 a
603 4029 710 4081 Am
745 4026 961 4080 Raude:
1000 4024 1189 4079 Kaiser
1221 4040 1327 4076 von
1360 4024 1630 4077 taverstat.
1728 4024 1756 4064 b
1783 4021 1868 4075 his
1901 4020 2027 4087 fehlt
2061 4020 2146 4073 bei
2181 4019 2330 4076 Tenx.
2435 4032 2460 4061 e
2488 4019 2671 4087 procli.

557 4101 572 4130 ¹
612 4097 925 4149 Verwandte
961 4096 1056 4148 des
1091 4095 1255 4147 Abtes
1290 4093 1364 4143 im
1400 4090 1627 4144 Kloster.
1699 4090 1932 4158 Nepotes
1967 4091 2021 4142 in
2055 4090 2142 4143 ΒΓ.
2180 4088 2297 4141 372.
2404 4088 2424 4121 ²¹
2459 4088 2670 4141 Diener.

412 4167 463 4220 S.
500 4168 603 4219 416
638 4168 699 4219 A.
739 4168 785 4219 3.
915 4167 935 4197 ³
968 4164 1122 4217 Nach
1160 4164 1253 4215 der
1288 4158 1643 4227 Randglosse:
1679 4159 1868 4215 Kaiser
1901 4174 2006 4212 von
2041 4158 2365 4221 'favel-stadt,
2401 4156 2484 4208 ein
2522 4155 2671 4222 Bote,

410 4236 547 4289 noch
584 4235 819 4287 erwahnt
856 4234 926 4285 im
966 4232 1084 4300 folg.
1127 4232 1211 4284 ΒΓ.
1355 4230 1377 4259 ⁴
1409 4228 1600 4281 Mainz.
1638 4228 1881 4281 Kanzler.
1953 4228 2005 4280 S.
2042 4228 2144 4280 435
2181 4228 2243 4279 A.
2281 4228 2328 4278 6.
2470 4227 2491 4257 ⁶
2528 4215 2676 4276 Uber

413 4305 498 4355 die
535 4320 714 4371 ungar.
754 4303 1032 4354 Kuruczen
1071 4302 1122 4354 S.
1158 4300 1264 4352 474
1299 4302 1362 4351 A.
1398 4296 1446 4350 4.
1591 4298 1613 4328 ‘³
1647 4296 1846 4349 Lorenz
1883 4312 1988 4349 von
2022 4295 2200 4349 Bibra.
2344 4294 2362 4325 ⁷
2399 4282 2544 4345 Uber
2587 4294 2674 4345 die

410 4372 637 4437 Wirten,
670 4372 869 4423 welche
890 4372 1009 4421 dem
1037 4370 1343 4436 Regimente
1366 4366 1546 4419 Annas
1570 4380 1675 4417 von
1701 4365 1905 4417 Hessen
1929 4364 2328 4431 vorausgingen,
2354 4360 2512 4414 Rom
2528 4377 2580 4413 m
2595 4377 2624 4411 e
2639 4361 2674 4427 l,

409 4440 547 4493 Phil.
588 4442 636 4491 d.
675 4440 903 4492 orosam.
942 4440 983 4505 1,
1021 4441 1087 4491 39
1122 4440 1174 4493 ff.
1318 4440 1338 4467 ⁸
1371 4423 1518 4486 Uber
1555 4434 1638 4485 die
1675 4434 1767 4486 Nr.
1806 4434 1898 4485 des
1935 4433 2058 4485 Cod.
2096 4449 2137 4486 s.
2175 4432 2228 4486 S.
2264 4432 2367 4482 448
2403 4433 2464 4483 A.
2503 4432 2550 4484 5.
