3084 4895
838 420 1052 474 Mutian
1089 435 1157 472 an
1194 419 1396 473 Urban.
1468 419 1682 472 Mutian
1719 435 1787 472 an
1825 419 2144 486 Campegua
2503 417 2631 482 485

358 587 845 668 Herebordum,¹
904 593 1123 672 tamen
1183 593 1505 666 nostrum3
1572 608 1778 651 mores
1838 589 2006 652 enim
2072 608 2199 651 non
2263 585 2632 651 disturbant

350 677 703 740 amicitiam
768 674 961 738 semel
1022 673 1360 749 firmatam,
1426 679 1500 736 ut
1555 674 1778 736 saltem
1849 677 2158 754 agnoscat
2225 694 2410 754 quem
2478 673 2628 736 olim

355 761 587 826 dilexit
662 760 997 824 Eobanum
1079 759 1331 842 poetico
1408 757 1621 821 furore
1694 758 2030 839 insignem.
2147 757 2408 821 Eobano
2482 779 2630 821 vero

353 851 581 910 auctor
642 846 755 920 fui,
815 849 890 908 ut
952 845 1259 910 scriberet
1327 844 1420 907 ad'
1470 843 1920 906 cancellarium
1990 843 2274 906 Hassiae.
2365 843 2436 906 Id
2505 843 2630 906 sibi

355 932 597 996 nedum
643 931 805 994 mihi
848 931 967 994 erit
1013 929 1411 993 fructiferum
1458 933 1523 992 et
1569 933 1844 1009 gratum.
1927 925 2322 992 Schilonem²
2357 929 2628 1014 attingO‚

353 1018 471 1082 sed
520 1017 760 1080 leviter.
852 1014 1081 1090 Jubeo‚
1130 1019 1205 1078 ut
1246 1014 1372 1078 tibi
1418 1019 1480 1076 et
1526 1011 1998 1095 Engelmanno³
2046 1013 2272 1076 reddat
2316 1015 2626 1077 rationem

353 1102 770 1166 villicationis
816 1123 987 1165 suae.
1079 1098 1301 1182 Neque
1346 1099 1513 1162 enim
1563 1099 1698 1183 pati
1754 1097 2038 1162 fraudem
2103 1099 2347 1162 diutius
2409 1099 2629 1174 debe0‚

352 1191 483 1252 imo
531 1211 611 1250 ne
654 1209 914 1270 possum
976 1185 1254 1268 quidem.
1347 1184 1526 1261 Quod
1593 1185 1905 1266 reliquum
1973 1188 2091 1261 est,
2161 1185 2366 1266 arripe
2432 1185 2628 1248 istum

358 1273 681 1337 vulturem
716 1276 781 1336 et
811 1271 1112 1352 depluma
1158 1271 1424 1334 caudam
1474 1270 1628 1352 ejus.
1707 1269 1780 1334 Si
1813 1269 2128 1333 mordebit
2157 1274 2272 1333 aut
2303 1270 2629 1350 unguibus

357 1358 671 1422 lacerabit
714 1357 841 1437 (est
884 1357 1049 1420 enim
1115 1354 1457 1438 petulans),
1519 1355 1703 1437 pulsa
1767 1360 1960 1437 caput
2025 1355 2194 1418 foedi
2236 1355 2630 1419 'animalculi

358 1465 491 1508 non
522 1457 550 1484 ⁸
578 1447 713 1508 tam
745 1443 1032 1524 scipione
1054 1446 1119 1505 et
1146 1442 1389 1523 pertica
1412 1463 1602 1523 quam
1629 1441 1858 1506 acerba
1884 1440 2404 1504 contradictione.
2455 1441 2623 1504 Vale.

666 1543 790 1598 Cod.
828 1543 871 1598 F
870 1543 961 1597 rcf.
1000 1541 1118 1597 392.

354 1731 590 1800 (Gotha.)
1408 1715 1553 1778 418.
2177 1729 2258 1782 26.
2298 1728 2440 1796 Sept.
2480 1728 2630 1782 1514.

1004 1839 1297 1910 Mutian
1341 1861 1441 1909 an
1488 1838 1967 1926 Campegus.⁴

358 1969 843 2038 (Entsckuldiyunq
875 1970 1098 2022 seltenen
1137 1968 1456 2022 Sekreibens.
1521 1968 1686 2021 Freut
1720 1968 1851 2035 sich,
1890 1969 2016 2020 dass
2052 1985 2110 2019 er
2145 1966 2339 2018 Eobcm
2381 1967 2496 2030 lobt,
2544 1967 2636 2018 der

356 2038 451 2090 ein
484 2037 695 2090 xwe‘iter
737 2037 883 2090 Ovid.
967 2037 1234 2090 Wc'ikre‘nd
1278 2037 1449 2090 dieser
1482 2038 1582 2090 den
1615 2037 1796 2089 Rukm
1840 2037 1930 2088 der
1987 2034 2421 2088 Unsterbliclekeit
2465 2035 2632 2092 sucht.

353 2107 475 2174 qekt
510 2105 749 2159 Her-bord
780 2106 901 2158 dem
934 2105 1332 2173 verydnylichen
1376 2106 1587 2159 Ruhme
1619 2107 1708 2158 ‹Ie-s·
1740 2105 1984 2158 Juristen
2028 2104 2182 2156 nach.
2259 2103 2435 2167 Bittet,
2480 2109 2636 2156 water

730 2173 914 2226 seium
948 2174 1117 2228 Aleten
1150 2175 1251 2226 den
1284 2173 1477 2226 Mus-cn
1508 2174 1658 2226 nieht
1691 2179 1887 2226 untreu
1922 2191 1998 2226 zu
2031 2172 2272 2238 werden.)

472 2289 632 2338 Caro
669 2272 780 2338 suo
815 2288 1126 2350 Campego
1164 2287 1494 2338 imbellium·
1526 2287 1688 2338 bene
1723 2287 1976 2337 literato
2013 2289 2076 2336 et
2113 2284 2303 2334 officii
2336 2283 2524 2344 pleno

1320 2373 1409 2422 Μ.
1444 2371 1670 2422 Rufus.

569 2481 641 2547 Si
708 2484 1035 2547 commode
1118 2483 1293 2546 vales
1362 2486 1426 2545 et
1490 2481 1782 2546 fortunas
1861 2503 2058 2563 auges
2124 2484 2188 2543 et
2260 2479 2500 2543 utiliter
2566 2480 2636 2543 in

354 2569 720 2633 forensibus
767 2568 1042 2650 negotiis
1090 2574 1368 2646 versare,
1437 2568 1595 2631 bene
1651 2572 1765 2632 est.
1869 2567 1972 2631 Me
2027 2568 2334 2630 honestae
2392 2566 2633 2647 quietis

355 2658 423 2719 et
469 2654 959 2737 tranquillitatis
1008 2654 1206 2717 animi
1250 2674 1379 2717 non
1427 2655 1730 2735 poe-nitet.
1809 2653 2010 2716 Fruor
2044 2652 2211 2716 enim
2245 2651 2347 2714 dei
2379 2650 2633 2714 cultura

357 2762 622 2805 securus
690 2762 895 2803 rerum
960 2740 1359 2821 agendarum,
1398 2746 1463 2802 et
1509 2739 1804 2803 addictus
1869 2739 2117 2819 legendi
2186 2736 2634 2817 scribendique

356 2826 575 2890 studio
624 2830 984 2907 temporum
1038 2825 1257 2888 horum
1310 2825 1760 2888 inclinationes
1807 2828 1871 2887 et
1915 2824 2244 2887 hominum
2304 2823 2634 2886 levitatem

356 2912 669 2994 singulari
726 2912 1093 2993 constantia
1140 2916 1203 2975 et
1250 2912 1503 2993 egregia
1563 2911 1836 2992 quadam
1897 2911 2213 2991 gravitate
2274 2913 2634 2972 contemno.

358 2996 455 3061 Tu
501 2998 737 3061 amoris
785 2997 1022 3061 fiducia
1070 2997 1506 3060 vehementius
1553 2994 1835 3059 officium
1883 2995 2224 3077 epistolare
2291 2994 2634 3057 desideras,

358 3082 561 3165 Cujus
605 3084 694 3147 rei
740 3082 1077 3160 testandae
1124 3083 1351 3163 gratia,
1401 3084 1709 3161 tanquam
1757 3081 2082 3143 oblivione
2138 3078 2636 3143 necessitudinis

359 3173 619 3233 nostrae
684 3189 985 3249 meaeque
1041 3169 1105 3231 in
1165 3172 1229 3231 te
1277 3168 1760 3231 benevolentiae
1819 3172 2089 3242 taceam,
2137 3164 2392 3245 saepius
2441 3164 2640 3226 inter-

358 3254 575 3335 pellaS‚
628 3258 693 3317 et
738 3254 1029 3334 quamvis
1060 3258 1348 3316 amanter
1393 3258 1459 3315 et
1502 3252 1753 3315 lenibus
1802 3252 2030 3325 verbiS‚
2070 3254 2283 3313 tamen
2316 3270 2418 3313 me
2452 3248 2637 3330 quasi

357 3343 710 3403 cessantem
758 3346 950 3420 atque
994 3339 1431 3419 indiligentem
1466 3337 1791 3419 objurgas
1878 3337 2106 3398 Annon
2139 3333 2640 3415 videS,'quantis

360 3426 563 3489 simus
609 3424 947 3488 itineribus
1000 3424 1275 3500 discreti,
1324 3444 1516 3503 quam
1565 3424 1649 3486 sit
1695 3421 1942 3485 lubrica
2003 3420 2162 3483 fides
2222 3439 2458 3496 eorum,
2525 3418 2639 3498 qui

360 3511 532 3573 inter
578 3531 695 3573 nos
742 3510 1126 3584 discurrunt,
1168 3514 1479 3589 quantum
1516 3508 1883 3580 subolescat
1915 3506 2177 3588 periculi
2211 3509 2274 3568 et
2306 3504 2638 3567 molestiae

366 3616 447 3659 ex
491 3595 695 3659 literis
742 3594 931 3676 paulo
978 3595 1239 3658 liberius
1286 3594 1588 3670 exaratiS‚
1637 3597 1710 3655 ut
1741 3592 2114 3674 peritissimi
2147 3589 2634 3672 pythagoricum

366 3680 691 3743 silentium
739 3680 1129 3756 custodiant,
1176 3684 1251 3742 ut
1296 3678 1517 3741 diserti
1563 3678 1644 3741 ad
1691 3678 2056 3753 infantiam,
2108 3676 2304 3739 fortes
2358 3682 2422 3739 et
2479 3674 2635 3737 boni

358 3766 481 3829 viri
546 3766 627 3829 ad
694 3765 998 3829 desidiam
1070 3787 1145 3828 ac
1211 3764 1620 3827 solitudinem
1688 3761 2138 3826 revertantur?
2245 3763 2370 3824 Aut
2435 3760 2638 3841 igitur

359 3851 577 3914 mirari
640 3850 876 3929 desine,
946 3872 1055 3913 cur
1115 3850 1373 3913 abditus
1420 3850 1484 3911 in
1534 3848 1928 3911 bibliotheca
1991 3847 2457 3928 conquiescam,
2521 3848 2638 3908 aut

365 3935 773 3999 tabellarium
843 3957 996 4017 para
1062 3936 1523 4009 fidelissimum,
1585 3935 1687 3998 cui
1743 3938 1884 3997 tuto
1940 3937 2002 3997 et
2048 3936 2233 4015 grata
2279 3935 2343 3994 et
2388 3934 2634 4011 optata,

359 4022 631 4085 adversa
668 4026 731 4085 et
762 4021 1009 4098 acerba,
1046 4021 1329 4103 jucunda
1360 4024 1425 4083 et
1456 4019 1688 4095 fausta,
1727 4020 1999 4083 breviter
2029 4018 2246 4081 omnia
2278 4016 2630 4079 credamus,

500 4221 692 4329 *ligiis
722 4274 809 4327 ΒΥ.
836 4331 845 4341 ‚
920 4275 940 4305 ²
973 4274 1081 4327 Der
1117 4273 1353 4325 Erfurter
1388 4272 1716 4326 Prokurator.
1753 4271 1840 4323 Br.
1878 4271 1997 4324 404.
2119 4271 2139 4301 ³
2175 4266 2641 4321 Ki'ichenmeister.

356 4342 420 4395 S.
458 4342 559 4396 206
595 4344 660 4396 A.
700 4342 745 4397 2.
820 4331 967 4394 Uber
1014 4342 1099 4395 die
1150 4340 1656 4408 Rechnungsablage
1706 4338 1912 4392 Schilos
1957 4355 2022 4391 au
2069 4338 2252 4391 Urban
2295 4336 2406 4389 und
2454 4334 2646 4403 Engcl·

362 4425 525 4463 mann
561 4410 670 4479 vgl.
710 4410 799 4464 Br.
841 4409 960 4464 408.
1105 4412 1124 4441 ⁴
1161 4409 1415 4478 PyrrhuS,
1452 4409 1688 4462 Erfurter
1722 4407 1920 4462 Scriba.
1992 4406 2043 4461 S.
2083 4406 2184 4461 210
2217 4408 2280 4457 A.
2321 4408 2365 4460 1.
