3084 4895
1231 405 1444 462 Mutina
1479 421 1553 460 an
1588 403 1789 460 Urbani.
2188 428 2193 435 ·
2501 403 2629 468 203

575 582 818 666 Jurgia,
866 580 1210 655 barbaries,
1259 581 1492 655 tumor,
1538 575 1925 658 ignorantia,
1970 574 2279 651 BacchuS‚

680 688 846 750 quae
890 666 1024 730 sint
1052 677 1081 706 ⁸
1125 663 1404 728 clericuli
1446 662 1619 726 facta
1663 661 1918 743 pianda,
1965 665 2171 725 notas.

585 754 804 820 Gauda
847 751 1056 828 salax,
1096 750 1195 828 lis,
1243 749 1358 821 vis,
1403 748 1671 826 lucrum,
1717 747 2047 824 detractio,
2095 746 2320 823 fastuS‚

681 859 844 921 quae
889 837 1022 901 sint
1064 834 1374 900 causidici
1416 833 1637 905 munia
1680 853 1887 907 saeva,
1933 832 2117 913 tegis,
2148 831 2177 871 b

580 925 695 989 His
737 927 954 988 tamen
1000 926 1066 985 et
1106 920 1312 986 foedis
1337 931 1362 978 5²
1407 919 1613 1002 pietas
1658 917 1959 980 simulata
2004 917 2319 982 cucullum

679 1006 1040 1092 praetendit
1085 1005 1258 1070 vitiis
1301 1005 1549 1070 cautior
1592 1004 1731 1084 ipsa
1776 1002 1927 1066 suis,

681 1109 804 1164 Cod.
840 1107 974 1162 Frcf.
1014 1106 1130 1162 109.

377 1312 607 1384 (eotha.)
1431 1293 1573 1360 155.
2298 1303 2631 1374 (1510-11.)

1117 1419 1410 1490 Mutian
1453 1439 1553 1490 an
1598 1417 1877 1488 Urban.

374 1551 608 1618 (Semela
651 1551 835 1603 seium
874 1549 1138 1618 yestrv‘aen
1184 1547 1352 1615 Brief,
1399 1547 1571 1600 werin
1604 1564 1663 1600 er
1694 1547 1794 1598 dm
1826 1545 2384 1599 Bembiktinermimch
2425 1543 2633 1611 yeissclt

370 1637 546 1688 weyen
577 1619 746 1672 seinos
783 1617 1153 1685 Ausspruclaes
1169 1636 1190 1668 .·
1226 1615 1450 1680 „Poetcn
1483 1615 1757 1668 verderbm
1788 1615 1877 1667 «bis
1920 1614 2360 1668 Universitdten.“
2436 1612 2509 1666 Ob
2543 1611 2636 1664 der

371 1687 477 1742 Abt
525 1687 680 1742 Wein
713 1703 815 1741 von
847 1685 964 1740 ihm
996 1685 1195 1754 kaufen
1241 1684 1391 1737 will?
1460 1684 1700 1736 Her-bord
1730 1683 1823 1736 hat
1856 1683 1956 1735 den
1989 1682 2392 1752 ver-sprochenen
2436 1679 2633 1750 Apule-

996 1753 1288 1826 jam'selzen
1321 1753 1485 1808 Indae
1518 1751 1669 1806 nicht
1697 1751 1993 1822 qeschickt.)

580 1867 816 1932 Magn-t·
815 1880 889 1920 ro
929 1867 1015 1920 Η.
1049 1868 1308 1920 Urbano
1354 1867 1571 1918 divina
1608 1867 1673 1917 et
1706 1867 1981 1916 humana
2026 1865 2358 1916 literatura
2403 1862 2635 1925 insigni

1332 1953 1422 2002 M.
1457 1951 1683 2004 Rufus.

581 2063 646 2128 S.
737 2064 878 2128 Etsi
943 2065 1075 2128 scio
1145 2063 1470 2128 ultroneas
1535 2067 1758 2146 putere
1823 2083 2063 2127 merces
2130 2065 2195 2125 et
2238 2084 2277 2124 a
2320 2060 2635 2142 plerisque

373 2149 749 2232 reprehendi
814 2149 1032 2214 literas
1077 2171 1281 2230 neque
1326 2149 1450 2214 tibi
1493 2149 1685 2214 utiles
1744 2171 1950 2231 neque
2012 2147 2166 2211 mihi
2228 2146 2635 2222 necessariaS,

372 2234 703 2318 voluptate
771 2239 984 2300 tamen
1055 2235 1354 2313 adducor,
1420 2238 1494 2300 ut
1558 2234 1920 2300 hesternam
1988 2232 2348 2316 epistolam¹
2420 2231 2500 2294 ad
2569 2235 2635 2293 te

374 2322 645 2385 mittam.
736 2319 811 2385 In
857 2342 986 2404 qua
1045 2341 1174 2385 non
1240 2338 1502 2384 exerceo
1570 2320 1753 2384 melle
1818 2321 2003 2384 litum
2073 2317 2355 2399 gladium
2424 2337 2631 2397 neque

374 2407 738 2471 doctrinam
781 2410 1057 2485 ostentO,
1103 2406 1212 2471 sed
1259 2405 1636 2489 simpliciter
1696 2405 1903 2470 fodico
1968 2409 2305 2470 ventosum
2374 2401 2632 2466 fratrem

375 2497 506 2556 tam
555 2492 747 2556 aulici
789 2492 1135 2557 rumusculi
1183 2513 1374 2573 quam
1437 2490 1764 2573 popularis
1824 2490 2127 2572 gloriolae
2189 2484 2631 2572 captatorem.²

374 2578 534 2655 Quis
575 2579 743 2641 enim
788 2576 951 2641 ferat
995 2576 1196 2643 virum
1245 2576 1547 2641 ecclesiae
1608 2576 2057 2659 pedissequum
2114 2574 2445 2639 Benedicti
2502 2572 2635 2635 dis·

373 2684 630 2727 cursare
676 2662 932 2726 vicatim
980 2668 1175 2743 atque
1219 2664 1577 2745 templatim
1622 2662 1845 2725 relicta
1903 2659 2149 2737 cellula,
2210 2659 2323 2724 ubi
2379 2659 2635 2723 latitare

376 2753 443 2813 et
484 2769 694 2811 rerum
742 2747 1149 2830 profanarum
1199 2750 1544 2829 praeeunte
1591 2747 1849 2811 domino
1894 2747 2137 2811 calcare
2182 2750 2247 2810 et
2289 2746 2490 2827 legem
2532 2744 2633 2807 dei

372 2833 476 2897 die
520 2836 844 2913 noctuque
883 2833 1178 2897 meditari
1210 2836 1274 2897 et
1303 2833 1464 2897 flens
1495 2835 1561 2896 et
1590 2853 1849 2914 gemens
1880 2832 2259 2895 Psalterium
2293 2830 2633 2894 lambendo

363 2918 592 2999 judicii
639 2918 804 2981 diem
851 2923 1222 3001 exspectare
1267 2918 1575 2982 deberet?
1664 2917 1895 2982 Fateor
1928 2918 2289 2998 dignationi
2320 2922 2469 2980 tuae
2504 2936 2631 2979 non

373 3025 474 3067 me
521 3002 732 3067 favere
775 3003 946 3068 dicto
992 3004 1163 3068 illius
1209 3004 1272 3067 in
1323 3003 1917 3081 dehonestationem
1964 3008 2293 3085 poetarum
2326 3002 2631 3065 omnium.

371 3088 538 3153 Nam
585 3088 738 3152 boni
783 3094 1008 3170 poetae
1054 3090 1304 3153 scholas
1351 3092 1601 3153 ornant.
1692 3089 1783 3151 De
1829 3089 2013 3151 malis
2059 3110 2185 3151 non
2220 3091 2433 3168 potest
2460 3085 2633 3168 judi-

373 3196 516 3237 care
579 3174 700 3236 nisi
761 3174 1007 3238 doctus.
1114 3172 1183 3237 Si
1252 3196 1400 3237 vero
1469 3195 1675 3237 mores
1741 3177 1927 3237 notat
1994 3195 2120 3236 non
2188 3172 2628 3247 eruditionem,

371 3259 552 3340 prius
595 3280 776 3322 suam
824 3264 1165 3341 componat
1219 3260 1415 3322 vitam
1462 3266 1526 3321 et
1569 3264 1709 3321 tum
1764 3262 1913 3338 agat
1972 3280 2321 3321 censuram.
2414 3254 2632 3332 Qualis

372 3344 530 3427 haec
591 3344 912 3407 deme-ntia
971 3366 1153 3408 suam
1213 3366 1430 3425 peram
1473 3365 1602 3407 non
1652 3342 1881 3419 videre,
1950 3344 2213 3407 aliorum
2285 3342 2630 3405 manticam

375 3428 723 3511 explicare!
815 3428 885 3493 Si
933 3429 1120 3511 culpa
1162 3433 1260 3493 est
1303 3428 1719 3493 momordisse
1764 3428 2167 3503 monachum,
2216 3428 2417 3491 multo
2464 3430 2633 3489 certe

373 3514 579 3595 major
609 3519 709 3577 est
737 3514 1090 3578 detraxisse
1127 3516 1480 3597 generatim
1525 3514 1750 3596 poetis
1830 3514 2007 3577 Solet
2035 3514 2325 3577 literatos
2356 3511 2631 3575 irridere.

377 3598 500 3663 Sed
570 3599 932 3663 Helisaeum
1009 3600 1342 3663 irridentes
1415 3600 1549 3662 ursi
1624 3598 2052 3662 comederunt.
2164 3597 2489 3661 Hactenus
2556 3597 2631 3659 de

373 3683 953 3766 pseudomonacho.
1044 3683 1116 3747 Si
1177 3685 1365 3748 datur
1422 3684 1673 3747 occasio
1732 3684 2033 3764 loquendi
2096 3705 2237 3746 cum
2300 3679 2633 3759 Duroni0‚³

375 3770 548 3833 dicas
595 3769 804 3845 velim,
849 3790 930 3832 an
981 3770 1310 3833 commode
1355 3773 1551 3851 queat
1595 3790 1799 3832 emere
1844 3769 1971 3832 duo
2017 3792 2171 3832 vasa
2214 3768 2349 3831 vini
2392 3767 2631 3846 nostri3

375 3854 741 3931 sin-minue,
787 3854 1080 3935 significa
1110 3854 1286 3917 mihi.
1363 3854 1723 3917 Reinbotus
1751 3852 1820 3893 ‘¹⁴
1864 3855 2027 3936 petit
2059 3854 2295 3917 vinum.
2369 3852 2634 3928 Dubito,

509 4020 538 4047 a
565 4008 690 4058 sunt
735 4004 884 4058 strix.
987 4010 1016 4047 b
1049 4004 1196 4073 legis.
1243 4006 1445 4059 Camer.
1460 4024 1479 4057 :
1524 4004 1677 4073 tegis.
1829 4021 1854 4049 ο
1881 4004 2145 4073 objectum
2196 4008 2325 4057 stat&
2378 4006 2431 4057 et
2464 4004 2631 4058 foedis

381 4074 584 4129 Gamer.
726 4076 756 4115 d
782 4073 1088 4128 RembotuS.

512 4144 532 4174 ¹
567 4142 1035 4195 Wahrscheinlich
1069 4142 1163 4194 der
1195 4142 1613 4209 vorangehende,
1651 4142 1744 4194 der
1778 4141 1904 4194 aber
1936 4140 2013 4193 im
2049 4140 2170 4194 Ood.
2208 4140 2349 4209 folgt.
2472 4141 2492 4173 ²
2526 4140 2635 4192 Der

373 4210 708 4264 Oekonomus
741 4210 1029 4264 Friedrich.
1105 4210 1221 4278 Vgl.
1260 4210 1344 4263 die
1380 4210 1571 4263 beiden
1604 4224 1714 4262 vor.
1753 4209 1839 4261 Br.
1950 4210 1971 4241 ⁸
2004 4209 2113 4261 Der
2145 4209 2269 4262 Abt.
2306 4208 2360 4261 S.
2382 4210 2481 4262 108
2499 4210 2561 4261 A.
2586 4210 2631 4260 1.

371 4279 394 4309 ⁴
424 4279 496 4331 Es
534 4279 747 4331 werden
781 4294 886 4331 von
919 4278 1428 4345 Falckenstein‚
1475 4278 1611 4330 Hist.
1650 4294 1700 4331 v.
1738 4277 1841 4330 Erf.
1880 4278 1923 4345 Ι,
1960 4277 2063 4329 488
2102 4278 2232 4329 zwei
2268 4277 2361 4329 des
2395 4277 2632 4330 Namens

373 4346 448 4399 als
483 4346 721 4399 Erfurter
768 4346 1070 4399 Verbannte
1105 4347 1199 4399 des
1234 4346 1424 4399 Jahres
1471 4346 1607 4399 1509
1652 4346 1973 4413 ausgefiihrt:
2023 4345 2137 4397 »Dru
2187 4345 2453 4397 Reinboth
2506 4360 2630 4396 zum

370 4416 557 4469 rothen
593 4414 790 4469 Hirsch
824 4414 880 4467 in
919 4416 1014 4469 der
1045 4414 1486 4468 Futter-Gassem
1515 4414 1626 4467 und
1659 4413 1878 4467 »Friedn
1915 4412 2179 4467 Reinbetli
2215 4428 2339 4467 zum
2374 4412 2628 4466 Schwart-
