3084 4895
1165 495 1174 504 .
1246 410 1458 466 Mutian
1495 427 1563 465 an
1607 411 1804 466 Urban.
2522 405 2648 478 343

401 587 636 651 crebris
696 585 928 651 officiis
995 586 1178 669 quasi
1245 585 1633 650 sollemniter
1712 586 2066 662 demerem,
2148 584 2377 649 dedisti
2445 605 2645 666 nuper

399 671 725 737 Aventini¹
775 674 1095 737 aureolum
1153 693 1313 754 opus
1365 672 1645 736 Musardi
1691 672 2034 755 discipuliS,
2100 676 2323 754 captus
2376 671 2645 734 admira-

400 759 576 823 tione
638 759 948 823 bonitatis
1012 759 1201 836 illiue,
1271 777 1656 840 quamquam
1703 759 1797 821 vir
1850 759 2100 840 sapiens
2158 758 2467 821 utilitates
2516 777 2641 820 non

400 845 639 927 paucas
687 845 1014 909 arbitraris
1060 849 1537 924 consecuturas3
1596 845 1841 926 obligas
1886 845 2052 908 enim
2097 843 2220 907 tibi
2266 847 2641 907 assertorem

397 931 736 1012 dignitatis
789 935 856 995 et
897 931 1054 994 mihi
1122 932 1356 1013 pariter
1414 931 1688 994 amicum
1748 951 1978 994 servas.
2066 929 2227 994 Nam
2284 929 2377 992 ita
2422 929 2639 1005 donas,

395 1024 470 1082 ut
513 1017 800 1081 beneficii
846 1019 941 1082 tui
985 1018 1235 1081 laudem
1281 1037 1526 1080 mecum
1575 1017 1865 1098 partiare.
1952 1016 2087 1098 Ego
2133 1015 2496 1079 Musardum
2545 1016 2641 1079 di-

396 1104 526 1184 ligo
571 1108 644 1167 ut
687 1104 1046 1168 studiosum
1093 1107 1156 1167 et
1204 1108 1492 1167 sanctum
1549 1103 1861 1185 juvenem.
1954 1102 2076 1166 Sed
2126 1103 2293 1180 novi,
2352 1103 2495 1166 novi
2541 1102 2639 1166 in-

395 1211 586 1272 quam
634 1211 896 1272 pravum
931 1212 1068 1253 esse
1113 1195 1284 1254 recto
1329 1190 1683 1272 proximum
1722 1193 1783 1252 et
1814 1189 2124 1252 neminem
2158 1211 2295 1253 esse
2324 1199 2453 1252 tam
2488 1209 2638 1252 con·-

397 1280 694 1350 stantem,
742 1299 926 1358 quem
984 1297 1106 1338 non
1139 1276 1390 1338 interim
1439 1276 1720 1339 adulat-io
1768 1276 2031 1357 palpans
2065 1275 2356 1338 infirmet.
2419 1275 2641 1357 Diligit

394 1361 644 1425 Morum
706 1367 768 1425 et
825 1362 1098 1439 Lot-ium,
1171 1363 1235 1424 id
1303 1363 1466 1444 quod
1535 1362 1759 1425 diebus
1829 1362 2257 1444 superioribus
2324 1359 2636 1444 exposui.²

400 1446 717 1529 Suspecta
747 1448 895 1512 talis
929 1448 1140 1511 factio
1211 1447 1305 1510 Tu
1335 1469 1481 1510 vero
1513 1470 1640 1512 non
1675 1453 1873 1512 totam
1909 1447 2224 1530 querelam
2257 1449 2639 1525 summatim,

396 1539 471 1597 ut
517 1534 843 1612 debueraS‚
919 1535 1238 1615 accepisti,
1307 1535 1414 1597 sed
1469 1535 1838 1616 particulam
1905 1534 2161 1597 minime
2224 1535 2635 1597 necessariam

393 1620 597 1684 veluti
643 1621 960 1701 pulverem
1006 1621 1071 1683 in
1119 1621 1336 1683 oculos
1394 1642 1567 1684 meos
1613 1620 1953 1703 conjecisti.
1990 1647 2011 1707 j
2050 1618 2156 1699 „Si
2217 1617 2635 1702 Cotilingum³

395 1706 590 1788 elegit
658 1711 996 1783 astantem,
1059 1706 1216 1770 nihil
1262 1706 1322 1768 id
1371 1710 1436 1769 te
1481 1711 1749 1782 moveat,
1808 1727 1949 1770 cum
1995 1712 2063 1768 tu
2110 1711 2370 1788 rogatus
2414 1706 2477 1790 id
2522 1707 2640 1770 mi-

393 1793 566 1855 nime
599 1791 913 1856 fecisseS.“
953 1793 1147 1868 Quasi
1179 1814 1324 1855 vero
1359 1797 1704 1856 tentassem
1740 1792 2027 1855 sacrificii
2062 1795 2356 1874 regimen.
2406 1792 2637 1857 Notavi

391 1879 922 1960 conspirationem
973 1883 1038 1942 et
1080 1878 1200 1941 tibi
1247 1883 1311 1940 et
1341 1877 1496 1941 mihi
1545 1879 1953 1960 periculosam
2002 1882 2067 1940 et
2094 1879 2329 1942 multas
2358 1880 2635 1943 rationes

391 1965 654 2028 reddidi.
747 1963 844 2028 Tu
889 1965 968 2027 ad
1015 1985 1194 2028 sacra
1239 1987 1336 2027 me
1383 1964 1582 2028 trahis
1628 1969 1693 2029 et
1722 1965 1905 2046 quasi
1937 1965 2212 2028 invidiae
2260 1965 2492 2029 crimen
2526 1966 2633 2044 ‚la-

390 2054 601 2115 tenter
646 2049 802 2114 mihi
849 2049 1122 2132 affingis.
1213 2049 1367 2114 Sum
1415 2071 1551 2132 ege,
1599 2053 1684 2115 mi
1730 2051 2001 2126 Urbane,
2050 2054 2230 2115 extra
2272 2052 2521 2132 culpam
2570 2056 2634 2116 et

389 2157 572 2200 careo
618 2138 743 2212 (dei
788 2137 1017 2218 gratia)
1061 2141 1132 2200 ut
1176 2137 1422 2200 ambitu
1469 2142 1534 2201 et
1564 2137 1923 2219 arrogantia
1969 2137 2060 2200 ita
2095 2137 2393 2202 livore.et
2440 2138 2634 2202 male-

389 2223 682 2288 volentia.
775 2222 1036 2299 Quaeris
1101 2223 1555 2286 testimonium.
1669 2223 1755 2287 Te
1816 2227 2045 2287 testem
2102 2229 2350 2306 coopt0‚
2416 2228 2488 2288 tu
2534 2247 2633 2288 me

391 2310 631 2391 optime
690 2310 880 2373 nosti.
981 2308 1300 2372 Meliorem
1364 2309 1639 2391 judicem
1713 2310 1886 2373 nullo
1952 2314 2231 2394 tempore
2295 2311 2628 2392 requiram.

390 2395 642 2460 Damna
686 2417 807 2473 me,
855 2395 910 2459 si
956 2416 1234 2478 unquam
1297 2396 1600 2474 invidiam
1660 2397 1725 2460 in
1772 2417 1871 2461 me
1916 2399 2169 2463 notasti.
2258 2397 2490 2461 Judicii
2537 2401 2634 2462 est

397 2504 666 2547 censura
713 2486 930 2546 nostra
977 2486 1040 2545 et
1085 2484 1376 2561 rationiS,
1441 2504 1569 2546 non
1615 2484 1849 2548 livoris
1942 2482 2009 2547 Si
2057 2506 2202 2562 non,
2248 2488 2321 2547 ut
2366 2484 2631 2560 confidO,

387 2571 651 2645 notasti,
681 2590 876 2650 qnare
907 2568 1272 2649 scripseras:
1305 2591 1485 2651 „cum
1518 2573 1588 2632 tu
1621 2574 1881 2651 rogatus
1912 2570 1973 2633 id
2011 2572 2263 2634 minime
2296 2570 2629 2634 fecisses“‘?

393 2655 546 2731 Im0,
597 2655 873 2728 Urbane,
919 2654 1060 2737 plus
1104 2656 1392 2736 praestiti
1439 2656 1517 2719 ad
1550 2678 1683 2719 eam
1732 2678 1857 2719 rem
1900 2656 2213 2732 Musardo,
2263 2677 2448 2738 quam
2484 2658 2633 2720 dare

389 2742 594 2823 possit
639 2741 882 2805 Lotius.
951 2742 1207 2805 Praeter
1251 2743 1413 2804 enim
1465 2744 1699 2805 Acutas
1730 2742 2206 2817 InstructioneS,
2254 2743 2486 2824 quibus
2516 2744 2628 2807 ad-

385 2827 644 2892 modum
695 2827 1148 2904 delectabatur,
1213 2828 1357 2891 dedi
1401 2828 1693 2891 Formam
1742 2828 2046 2893 Sacrificii
2099 2829 2465 2909 Moguntiae
2510 2830 2627 2894 im-

383 2936 686 2997 pressam,
737 2913 1020 2977 libellum
1071 2914 1551 2977 divinissimum.
1644 2914 1815 2991 Quae
1860 2938 1999 2980 cum
2037 2916 2129 2979 ita
2174 2916 2321 2993 sint,
2370 2916 2626 2980 absolve

385 3020 644 3081 quaese,
718 2999 1206 3063 clementissime
1267 3004 1465 3081 pater,
1527 3000 1885 3063 Matianum
1941 3008 2142 3081 tuum,
2210 3002 2317 3085 qui
2363 3006 2427 3066 te
2470 3002 2629 3066 bene

385 3087 593 3150 valere
637 3107 712 3149 ac
761 3085 1006 3149 salvum
1054 3108 1190 3149 esse
1236 3086 1527 3149 laetatur.
1622 3088 1713 3149 Ad
1762 3086 1974 3152 Nonas
2020 3087 2293 3171 Augusti
2336 3086 2620 3152 MDXIII.

688 3187 808 3241 Cod.
845 3187 976 3242 Frcf.
1017 3188 1130 3241 198.

391 3350 628 3419 (sotha.)
1443 3334 1585 3399 281.
2219 3355 2269 3407 5.
2307 3353 2437 3421 Aug.
2478 3352 2623 3405 1513.

1099 3461 1386 3531 Mutian
1430 3482 1526 3532 an
1570 3460 1937 3550 Petrejus.

381 3590 639 3656 (Herbord
679 3590 918 3711 selue-ffi'qt
963 3593 1062 3643 seit
1106 3591 1216 3643 vie-r
1261 3590 1522 3644 Monateu.
1612 3592 1725 3645 Das
1773 3592 1933 3643 Breve
1974 3592 2059 3645 des
2110 3592 2342 3659 Petrcjus
2390 3592 2485 3658 fiir
2527 3594 2625 3647 den

384 3658 611 3725 Offixial
653 3659 764 3711 wilc
869 3701 879 3711 .
916 3660 1248 3712 durchsehcn.
1327 3660 1540 3712 Tilom‘n
1588 3661 1731 3713 sollte
1773 3660 1910 3713 heim
1957 3661 2383 3714 Rechtsstudium
2430 3662 2624 3715 bleiben

379 3729 497 3780 und
529 3727 645 3780 sich
677 3728 824 3781 nieht
878 3729 1045 3782 durch
1088 3729 1231 3781 aeine
1265 3730 1547 3797 affektiertc
1600 3730 2004 3783 Gelehrsamkevzz
2057 3729 2335 3783 leicherlich
2367 3732 2623 3798 macheu.)

503 3843 754 3903 Petrejo
789 3856 900 3894 suo
936 3842 1402 3905 disciplinarum
1438 3844 1623 3895 laude
1659 3845 2059 3895 celeberrimo
2097 3842 2204 3913 (M.
2243 3844 2485 3912 Rufus).

592 3944 655 4010 S.
749 3945 1133 4010 Stertentem
1194 3969 1441 4011 menses
1505 3952 1777 4030 quatuor
1830 3953 1893 4012 et
1940 3970 2016 4012 ne
2060 3946 2308 4012 literam
2368 3948 2618 4030 quidem

518 4117 534 4147 ¹
569 4116 835 4169 Johannes
886 4116 1153 4169 Turmaier
1203 4134 1302 4171 von
1353 4118 1655 4185 Abensberg
1707 4120 1766 4183 (Ἰ-
1814 4120 1980 4185 1534).
2034 4120 2159 4174 bair.
2209 4120 2616 4188 Historiograph.

375 4185 492 4237 Von
528 4185 707 4237 seinen
755 4184 1012 4236 Schriften
1059 4185 1128 4238 ist
1162 4186 1278 4238 hier
1311 4186 1540 4253 gemeint
1592 4187 1943 4241 Grammatica
1979 4189 2212 4241 omnium
2248 4190 2533 4243 utilissima
2568 4193 2620 4241 et

378 4254 700 4306 brevissima.
755 4252 890 4307 Mon.
934 4255 1078 4306 1512.
1115 4254 1218 4308 Erf.
1262 4257 1406 4307 1513.
1478 4255 1608 4306 Eine
1646 4272 1779 4308 neue
1817 4260 1977 4325 Ausg.
2016 4258 2185 4311 seiner
2202 4258 2395 4311 Wcrke
2432 4274 2617 4310 veran-

377 4322 557 4375 staltet
592 4323 676 4374 die
713 4322 774 4373 K.
795 4320 852 4375 B.
876 4323 1162 4375 Akademie
1197 4324 1291 4377 der
1323 4324 1773 4377 wissenschaften
1811 4326 1866 4377 in
1900 4324 2179 4381 Mfinchen.
2322 4329 2341 4359 ²
2376 4328 2461 4379 Br.
2501 4326 2615 4381 278.

443 4394 466 4422 ³
497 4390 915 4459 Speichellecker
948 4393 1040 4445 des
1077 4392 1220 4445 Cotio
1265 4392 1649 4461 (S'ommering),
1692 4394 1886 4448 LotiuS.
1925 4394 2042 4463 Vgl.
2081 4395 2311 4450 Mutians
2346 4397 2527 4449 Worte
2562 4396 2617 4449 in

373 4458 465 4515 Br.
502 4460 566 4513 27
571 4459 631 4512 2:
667 4459 900 4513 »Lotium
936 4460 1094 4531 elegit
1127 4461 1180 4514 in
1219 4461 1547 4531 μυσταγωγόν
1581 4464 1615 4517 i.
1654 4478 1697 4515 e.
1736 4467 2033 4517 astantem«
