3084 4895
445 403 526 486 32
1203 417 1378 472 Briefe
1413 433 1512 471 von
1556 417 1906 492 1505-1508.

435 596 758 674 reguntur,
806 597 879 655 ut.
922 613 1093 678 opeS,
1140 615 1212 658 ea
1243 595 1639 660 mediocriter
1669 600 1934 678 spectas,
2026 596 2163 673 Qua
2193 597 2256 660 in
2291 619 2355 661 re
2389 601 2673 661 nostrum

435 679 789 760 exemplum
857 686 1262 761 nostramque
1329 685 1708 746 sententiam
1783 683 2051 746 imitaris
2120 689 2183 747 et
2251 685 2507 747 omnino
2577 707 2677 747 sa-

435 767 678 846 pienter
734 765 889 846 agiS.
983 766 1374 831 Praedivites
1430 771 1597 831 enim
1656 770 1787 831 fieri
1847 770 2158 851 simulque
2216 772 2496 851 ‘optimos
2563 771 2678 834 im-

436 852 732 934 possibile
765 859 878 914 est.
951 851 1071 916 Sed
1123 853 1498 918 ditissimum
1535 876 1850 937 quemque
1883 857 2219 937 pessimum
2256 878 2391 918 esse
2424 878 2677 918 necesse

435 942 550 1016 est,
596 945 670 1001 ut
713 939 916 1000 elucet
963 938 1296 1003 manifeste
1342 941 1406 1003 in
1453 942 1664 1016 moris,
1712 943 1821 1022 qui
1868 942 2071 1004 aliena
2123 964 2335 1005 mensa
2376 943 2674 1022 gaudent,

434 1046 618 1088 suum
654 1029 723 1087 ut
758 1025 1061 1105 impleant
1091 1028 1469 1107 granarium.
1564 1027 1938 1090 Plutarchus
1983 1028 2204 1090 scribit
2255 1029 2603 1110 Lycurgum
2638 1051 2676 1091 a

435 1110 679 1174 civibus
711 1111 843 1174 suis
877 1112 1356 1193 interrogatum,
1391 1115 1706 1196 quomodo
1739 1114 2047 1177 obsistere
2072 1114 2369 1176 ⁴hostibus
2398 1119 2673 1195 possent,

432 1197 856 1279 respondisse:
934 1195 1041 1277 „Si
1105 1219 1410 1279 pauperes
1470 1201 1611 1263 sitis
1675 1222 1787 1263 nec
1848 1201 2012 1262 inter
2074 1222 2183 1263 vos
2249 1201 2541 1275 vicissim,
2605 1206 2677 1263 ut

437 1283 599 1346 alius
629 1284 754 1347 alio
788 1283 974 1346 ditior
1006 1285 1253 1358 evadat,
1289 1285 1711 1350 decertetis.“¹
1805 1285 1910 1348 Sic
1942 1285 2093 1348 facit
2126 1286 2203 1348 ad
2238 1284 2671 1349 fortitudinem

432 1371 665 1450 inopia.
776 1369 953 1432 Addo
1022 1371 1167 1433 huic
1235 1393 1479 1434 summo
1548 1374 1757 1454 legum
1823 1373 2112 1452 scriptori
2180 1370 2494 1449 Solonem,
2565 1373 2673 1453 qui

431 1456 926 1519 Atheniensibus
976 1456 1145 1536 leges
1190 1458 1357 1520 tulit.
1451 1457 1687 1522 Cantat
1717 1459 1930 1534 etiam,
1964 1460 2013 1520 si
2050 1459 2162 1520 deo
2201 1459 2419 1538 placet,
2454 1463 2674 1522 tantus

434 1543 527 1604 vir
573 1546 636 1604 et
682 1542 884 1622 lepide
930 1543 1180 1623 quidem
1242 1548 1460 1607 cantat
1504 1545 1570 1607 in
1600 1545 1843 1608 'divites
1898 1566 2007 1624 pro
2062 1545 2246 1606 laude
2302 1565 2672 1626 pauperum:

441 1627 680 1710 „Saepe
735 1629 937 1691 malus
1001 1629 1194 1702 diveS,
1253 1651 1436 1710 saepe
1481 1636 1578 1693 est
1627 1632 2019 1713 pauperrima
2078 1631 2293 1692 virtus
2386 1631 2500 1692 Ast
2560 1651 2674 1710 ego

437 1714 731 1776 virtutem
801 1715 1078 1794 praefero
1149 1716 1404 1779 divitiis.
1494 1716 1611 1779 Illa
1670 1718 1841 1797 viget
1897 1738 2139 1796 semper
2202 1717 2556 1796 florensque
2614 1721 2678 1778 et

432 1801 644 1864 vivida
710 1801 913 1877 durat,
980 1800 1094 1864 has
1139 1801 1394 1864 fortuna
1439 1825 1552 1866 suo
1600 1803 1834 1884 datque
1878 1803 2173 1883 capitque
2240 1800 2515 1864 mod0.“²
2592 1801 2676 1864 Ut

436 1886 592 1950 haec
635 1886 987 1964 scriberem,
1035 1887 1196 1950 duae
1241 1887 1497 1951 fuerunt.
1544 1911 1795 1952 causae:
1842 1889 2057 1965 altera,
2104 1889 2252 1970 quia
2309 1910 2503 1970 nuper
2541 1887 2675 1968 jur-

436 1973 608 2054 gium
657 1976 791 2036 erat
836 1975 999 2039 inter
1040 1973 1217 2036 Jovis
1275 1973 1586 2057 nepotes,³
1649 1976 1791 2056 quis
1860 1996 2093 2056 pauper
2162 1981 2327 2036 esset
2393 1974 2672 2051 clericuS,

437 2060 652 2136 altera,
699 2064 772 2122 ut
817 2058 1136 2123 Urbanum
1188 2082 1514 2142 provocem
1564 2062 1642 2123 ad
1690 2061 2108 2140 colligendum
2166 2081 2324 2142 opus
2370 2060 2554 2122 breve
2600 2059 2676 2122 de

435 2146 731 2209 laudibus
795 2148 1207 2226 paupertatis.
1309 2146 1702 2212 Excitandus
1770 2171 1833 2210 es
1902 2148 2086 2223 enim,
2154 2145 2422 2209 Urbane.
2512 2144 2675 2208 Nam

434 2233 526 2295 ita
595 2254 732 2294 raro
801 2232 1022 2294 scribis
1069 2232 1146 2294 ad
1193 2255 1311 2310 me,
1366 2240 1438 2295 ut
1498 2256 1791 2296 accusare
1839 2237 1902 2295 t'e
1948 2232 2176 2314 possim
2251 2231 2674 2311 negligentiae

435 2319 602 2400 apud
650 2340 840 2381 sanae
887 2319 1117 2381 mentis
1165 2326 1226 2382 et
1267 2319 1506 2400 justum
1556 2324 1745 2400 atque
1792 2319 2136 2381 humanum
2164 2317 2456 2398 judicem.
2529 2317 2677 2380 Pro-

440 2427 606 2488 pono
652 2404 772 2468 tibi
819 2403 982 2467 hanc
1027 2407 1486 2487 quaestionem:
1536 2428 1615 2469 an
1664 2427 1883 2469 aurum
1918 2426 2120 2481 omne,
2155 2405 2323 2485 quod
2356 2404 2675 2467 subterra

436 2513 752 2573 supraque
814 2498 1040 2554 terram
1111 2499 1226 2569 est,
1295 2494 1641 2575 comparari
1711 2493 1911 2573 possit.
1964 2498 2078 2554 aut
2134 2490 2361 2553 debeat
2415 2512 2554 2553 cum
2602 2513 2674 2553 ea

437 2580 631 2641 animi
680 2576 1025 2658 voluptate,
1074 2600 1260 2659 quam
1310 2579 1536 2641 eruditi
1580 2580 1865 2641 homines
1898 2578 1975 2641 de
2006 2578 2323 2640 literarum
2360 2578 2675 2639 suavitate

432 2665 660 2728 studiis
730 2664 1161 2745 percipiunt.³
1249 2664 1390 2727 Tibi
1447 2687 1609 2741 vero,
1688 2664 2037 2745 Spalatine,
2096 2664 2499 2744 proponimus
2547 2684 2671 2725 non

433 2753 724 2832 aenigma
782 2750 856 2812 de
905 2750 1098 2813 sacris
1166 2749 1382 2828 literis,
1451 2752 1560 2813 sed
1628 2757 1906 2832 apertam
1974 2750 2531 2829 interrogationem
2600 2750 2673 2811 de

433 2838 665 2901 studiis
729 2837 1026 2917 profanis,
1057 2837 1084 2874 b
1173 2837 1237 2899 Si
1286 2836 1577 2899 Christus
1623 2842 1721 2899 est
1766 2838 1883 2912 via,
1933 2836 2165 2898 veritas
2208 2843 2272 2896 et
2320 2836 2467 2907 vita,
2517 2836 2671 2914 quid

431 2929 530 2987 tot
595 2924 984 2986 saeculorum
1054 2922 1338 2985 homines
1413 2931 1561 2985 ante
1634 2924 2030 2985 nativitatem
2106 2920 2271 2983 illius
2365 2920 2672 3001 egerunt?

430 3010 895 3073 Erraveruntne
923 3021 947 3050 ⁰
994 3010 1225 3071 crebris
1272 3014 1335 3071 et
1381 3010 1591 3072 densis
1638 3010 2035 3090 ignorantiae
2080 3008 2359 3069 tenebris
2422 3007 2673 3087 obsepti

431 3119 512 3159 an
559 3095 783 3159 salutis
811 3101 874 3158 et
906 3097 1032 3157 veri
1079 3096 1418 3177 participes
1465 3094 1765 3157 fuerunt?
1852 3095 1985 3173 Ego
2031 3092 2411 3174 praejudicio
2441 3092 2470 3129 ἃ
2516 3113 2671 3173 quo-

435 3183 576 3245 dam
625 3188 686 3244 te
731 3182 1066 3263 adjuvabo,
1154 3180 1292 3242 Non
1344 3182 1584 3263 incepit
1632 3180 1864 3243 Christi
1910 3180 2128 3259 religio
2174 3200 2313 3242 cum
2361 3179 2529 3241 illius
2574 3180 2672 3240 in-

432 3269 815 3345 carnatione,
885 3268 991 3330 sed
1056 3267 1177 3329 fuit
1241 3273 1387 3330 ante
1454 3269 1665 3330 omnia
1733 3267 1983 3329 saecula
2040 3270 2113 3327 ut
2170 3267 2369 3347 prima
2436 3264 2673 3327 Christi

433 3356 756 3418 nativitas,
848 3354 1006 3430 Quid
1075 3355 1237 3416 enim
1307 3354 1477 3417 aliud
1549 3358 1645 3416 est
1707 3374 1891 3415 verus
1954 3351 2260 3427 ChristuS,
2334 3372 2512 3413 verus
2574 3350 2670 3412 dei

431 3442 596 3505 filius
643 3463 852 3522 quam,
901 3445 973 3503 ut
1016 3439 1251 3502 Paulus
1295 3441 1524 3519 inquit,
1582 3440 1894 3521 sapientia
1928 3436 2071 3500 dei?
2118 3459 2278 3519 quae
2311 3458 2433 3499 non
2469 3436 2672 3498 solum

437 3528 619 3591 affuit
663 3527 921 3590 Judaeis
967 3528 1030 3589 in
1078 3530 1352 3606 angusta
1397 3526 1613 3606 Syriae
1659 3526 1931 3606 regione,
1976 3522 2083 3585 sed
2117 3524 2371 3585 Graecis
2404 3528 2465 3585 et
2496 3522 2671 3584 Italis

437 3620 501 3675 et
545 3614 899 3689 GermaniS,
945 3632 1329 3693 quamquam
1377 3616 1549 3675 vario
1581 3614 1707 3674 ritu
1743 3612 2075 3691 religiones
2104 3620 2127 3647 θ
2172 3609 2669 3671 observarentur.

360 3706 364 3710 “
441 3698 594 3762 Cain
645 3722 723 3761 ex
768 3699 1078 3762 fructibus
1122 3703 1342 3773 terrae,
1395 3697 1549 3761 Abel
1597 3703 1805 3761 autem
1856 3719 1933 3758 ex
1983 3695 2275 3777 primitiis
2314 3695 2525 3757 ovium
2557 3695 2671 3757 ob-

438 3786 590 3848 tulit.
638 3807 863 3848 munus
921 3786 1052 3847 de0.
1146 3784 1308 3860 Quid
1361 3784 1521 3846 aliae
1577 3784 1867 3847 nationes
1899 3783 1921 3820 f
1970 3803 2080 3864 pro
2138 3781 2406 3843 victimis
2451 3784 2514 3843 et
2557 3779 2671 3843 ho-

439 3873 578 3934 stiis
638 3872 1160 3944 consecraverint,
1218 3879 1363 3933 tuae
1425 3870 1712 3933 lectionis
1771 3870 1888 3931 sit..
1981 3866 2325 3929 Germanos
2387 3867 2672 3929 docuisse

439 3978 573 4020 reor
618 3980 793 4018 sacra
837 3957 1122 4019 Druidas,
1195 3957 1362 4019 Sunt
1407 3958 1571 4019 enim
1625 3956 1885 4017 Druides
1931 3954 2249 4016 Gallorum
2299 3954 2671 4025 sacerdoteS,

439 4044 546 4124 qui
592 4052 801 4122 patres
864 4051 1114 4107 nostros
1166 4045 1518 4125 praeceptis
1587 4043 1815 4104 divinis
1883 4039 2397 4101 informaverunt.
2491 4040 2669 4119 Apud

565 4192 592 4219 ⁸·
621 4179 758 4231 Statt
794 4178 1085 4247 percipiunt
1135 4178 1313 4229 Temffl
1369 4177 1558 4229 studiis
1595 4176 1803 4242 (studiis
1839 4174 2062 4241 studiis).
2201 4176 2228 4214 b
2257 4174 2549 4240 prophanis.

435 4261 458 4288 ο
487 4248 803 4301 Effavemnt
836 4260 901 4300 ne
946 4248 1062 4300 Ood.
1135 4248 1466 4311 Erraverunt,
1505 4262 1571 4297 ne
1610 4246 1757 4297 Tem.
1882 4248 1909 4284 d
1938 4243 2227 4311 prejuditiO.
2353 4258 2375 4283 e
2408 4243 2672 4311 religionis

432 4315 577 4367 Tem.
719 4322 741 4358 f
767 4318 999 4385 regiones
1039 4316 1184 4368 Temo.

569 4389 584 4417 ¹
619 4386 737 4439 Lac.
778 4386 1038 4455 Apophth.
1081 4386 1159 4452 12,
1201 4386 1278 4437 10.
1387 4386 1406 4415 ²
1443 4383 1583 4437 Plut.
1622 4383 1722 4436 Sol.
1762 4384 1807 4434 3.
1916 4383 1936 4411 ³
1969 4380 2261 4447 Spottische
2298 4381 2673 4449 Bezeichnung

427 4453 520 4504 der
552 4453 793 4515 Priester,
832 4455 971 4508 auch
1007 4456 1155 4507 Jovis
1191 4453 1454 4520 epulones
