3084 4895
1269 344 1479 397 Mutian
1521 361 1590 402 an
1627 343 1827 398 Urban.
2021 423 2026 426 Ι
2585 347 2668 412 23

420 538 526 580 ore
600 517 845 580 zedoar.
958 515 1229 580 Suffitus
1292 519 1370 581 ad
1426 521 1490 582 te
1545 521 1812 584 mittam.
1901 518 1969 582 Si
2017 541 2132 582 sua
2180 519 2456 601 corporis
2501 519 2665 582 inte-

421 605 619 684 gritas
680 602 1092 674 custodiatur,
1162 604 1219 665 h.
1270 626 1319 666 e.
1367 626 1444 666 ne
1492 605 1638 669 bilis
1684 605 1779 667 vel
1825 605 2058 686 pituita
2115 605 2442 684 redundet,
2510 605 2667 668 bene

424 689 687 753 valebis,
780 688 1163 752 Saturitates
1209 694 1272 752 et
1318 692 1606 773 crapulas
1652 691 1879 754 devita.
1971 691 2166 754 Dabis
2210 691 2363 754 mihi
2395 692 2665 766 veniam,

423 776 478 837 si
522 776 601 838 ad
650 775 1105 838 dedicationem
1154 779 1328 838 tuam
1376 798 1499 840 non
1549 777 1828 841 venero.¹
1921 776 2141 841 Veniet
2186 782 2436 860 tempus
2467 775 2666 840 Musis

420 867 480 924 et
529 861 713 942 genio
762 862 1021 941 gra-tius
1099 860 1274 941 Elige
1323 863 1718 944 coepulones‚
1767 884 1926 944 quos
1971 863 2330 946 patriarcha
2369 868 2522 926 tuus
2568 863 2664 925 di-

420 948 577 1029 ligit.
694 947 850 1010 Nam
920 947 1043 1010 ista
1109 947 1529 1012 Bacchanalia
1591 950 1852 1014 rudibus
1914 950 2301 1012 conveniunt
2361 954 2424 1012 et
2486 971 2664 1031 pares

423 1056 559 1097 cum
610 1035 868 1114 paribus
934 1033 1115 1096 facile
1173 1041 1654 1116 congregantur.
1745 1037 1991 1111 Hortor,
2040 1059 2118 1098 ne
2165 1039 2518 1118 praetereas
2567 1057 2665 1098 sa-

422 1121 695 1201 pientem
746 1119 1121 1183 1110161111111.2
1212 1121 1429 1201 Neque
1473 1123 1639 1185 enim
1689 1144 1822 1184 meo
1863 1122 2121 1203 judicio2
2153 1134 2179 1161 ³
2237 1123 2344 1184 sed
2398 1123 2660 1185 aliorum

422 1206 687 1269 vocandi
758 1213 907 1269 sunt
977 1206 1295 1270 convivae.
1402 1208 1573 1271 Belle
1619 1209 1982 1290 conspirant
2030 1209 2133 1272 isti
2179 1211 2306 1271 tres
2355 1208 2663 1282 canonici,

422 1294 550 1355 sive
596 1298 815 1374 potare
849 1292 1003 1354 velis
1036 1294 1165 1354 sive
1198 1293 1425 1356 ludere.
1505 1294 1684 1370 Quod
1720 1296 1796 1356 ad
1831 1315 1927 1356 me
1961 1295 2214 1370 attinet,
2247 1315 2397 1358 cura
2428 1315 2663 1374 quaeso

422 1383 494 1441 ut
538 1379 756 1441 literae
802 1383 1053 1441 nostrae
1100 1377 1465 1443 Fuchariis³
1514 1402 1640 1442 una
1687 1403 1826 1443 cum
1872 1381 2002 1444 tuis
2049 1382 2404 1445 mitt-antur.
2475 1379 2664 1442 Prae-

420 1470 591 1528 terea
635 1466 689 1527 si
736 1466 887 1545 quid
935 1486 1125 1544 penes
1172 1487 1270 1528 me
1316 1472 1431 1544 est,
1480 1467 1648 1548 quod
1680 1467 1800 1530 tibi
1833 1473 1939 1530 aut
1975 1467 2278 1530 coenobio
2313 1471 2422 1528 tuo
2466 1467 2666 1547 possit

420 1573 555 1614 esse
603 1552 762 1624 usui,
812 1551 1049 1632 impera
1097 1551 1251 1613 mihi
1296 1552 1566 1615 fidenter
1612 1557 1674 1616 et
1719 1552 2040 1616 audenter.
2133 1551 2384 1615 Mittam
2444 1573 2666 1634 prope-

420 1638 581 1700 diem
654 1658 790 1700 cum
858 1637 1237 1712 suffimentis
1280 1638 1586 1714 libellum,
1652 1641 1712 1702 in
1778 1661 1902 1720 quo
1949 1660 2336 1719 gemmarum
2384 1638 2664 1702 omnium

420 1725 593 1787 notio
660 1723 843 1786 facile
904 1723 1283 1804 deprehendi
1344 1723 1613 1806 potest.⁴
1723 1724 1857 1788 Hoc
1904 1727 2058 1789 mire
2102 1725 2379 1808 placebit
2423 1723 2664 1802 abbati,

425 1817 497 1874 ut
542 1809 778 1873 infulae
824 1813 1168 1891 cognoscat
1214 1815 1606 1876 ornamenta.
1697 1810 1865 1875 Vale.

733 1911 853 1965 Cod.
891 1910 1022 1967 Frcf.
1059 1911 1142 1965 46.

421 2049 655 2120 (Gotha.)
1496 2035 1598 2099 22.
2000 2049 2160 2118 (Aug.
2198 2051 2278 2103 od.
2317 2049 2454 2118 Sept.
2495 2048 2664 2116 1505.)

1160 2145 1441 2216 Mutian
1491 2166 1589 2215 an
1635 2143 1908 2214 Urban.

459 2255 893 2326 (Aufforderuny,
932 2276 1007 2311 an
1041 2259 1125 2310 die
1160 2259 1364 2326 Fuyqer
1398 2275 1471 2310 zu
1504 2257 1786 2394 schrgljen.
1860 2256 2078 2310 Mutelan
2112 2255 2204 2308 hat
2238 2256 2384 2308 mehr
2417 2255 2624 2308 Biicher

1378 2345 1413 2380 α
1484 2344 1624 2380 emer
1644 2345 1687 2378 τ.

624 2424 931 2476 Herrieho
979 2425 1232 2476 Urbano
1288 2344 1744 2477 ecelzziastieae
1790 2423 2086 2475 historiae
2137 2422 2242 2474 vel
2293 2422 2666 2484 peritissimo

1470 2513 1560 2562 Μ.
1596 2510 1816 2561 Rufus

625 2604 689 2668 S.
780 2606 1004 2669 Mirum
1054 2607 1117 2669 in
1168 2607 1416 2670 modum
1480 2606 1796 2670 irascebar
1865 2605 2101 2668 cursori
2163 2625 2301 2667 meo
2348 2604 2662 2667 hesterno,

424 2690 575 2752 Hem
625 2692 773 2772 quid
822 2693 1113 2756 cursori?
1160 2694 1519 2776 prorepenti
1566 2693 1824 2755 bestiae.
1915 2691 2142 2754 Limax
2188 2696 2283 2754 est
2329 2695 2391 2753 et
2435 2711 2661 2753 cancro

420 2777 676 2840 tardior.
770 2778 887 2843 Vix
953 2802 1050 2842 me
1113 2781 1414 2857 continui,
1477 2778 1816 2861 quominus
1874 2778 2112 2859 pertica
2179 2776 2429 2839 lumbos
2497 2776 2666 2839 illius

422 2862 832 2928 dedolassem.
924 2865 1082 2928 Nam
1132 2867 1184 2929 si
1232 2866 1578 2929 revenisset
1637 2864 2116 2945 tempestiviter‚
2184 2863 2556 2927 salutassem
2603 2867 2665 2925 te

426 2970 533 3029 per
579 2950 791 3014 alium.
886 2953 1062 3015 ‘Viam
1096 2954 1265 3035 aperi
1298 2959 1360 3015 et
1406 2952 1608 3015 scribe
1645 2951 1984 3013 Fochariis.
2075 2950 2236 3013 Nam
2273 2950 2450 3030 posui
2487 2947 2664 3030 plura

426 3035 725 3100 librorum
777 3039 1030 3101 nomina
1064 3060 1251 3119 quam
1287 3038 1438 3116 heri,
1485 3042 1856 3101 nontamen
1903 3035 2164 3099 omnia.⁵
2239 3034 2459 3117 Neque
2499 3035 2660 3097 enim

556 3223 582 3250 a
615 3208 809 3262 'uditi0.

564 3226 711 3329 ι’11)16
748 3275 1149 3328 Piiesterweihe
1190 3276 1391 3327 Urbans
1428 3275 1641 3342 erfolgte
1677 3274 1928 3327 hiernach
1965 3275 2036 3325 im
2073 3275 2312 3326 Somnier
2351 3273 2495 3324 1505.
2563 3270 2665 3321 Zur

423 3344 571 3396 Feier
607 3347 700 3398 des
736 3346 897 3414 Tages
936 3344 1123 3411 pssegte
1162 3344 1241 3396 bei
1262 3344 1473 3397 solchen
1500 3344 1907 3411 (lelegenheiten
1934 3344 2048 3395 eine
2070 3341 2301 3396 Gasterei
2323 3338 2665 3392 ver-anstaltet

422 3430 488 3464 zu
523 3416 745 3467 werden.
890 3417 908 3445 ²
944 3415 993 3467 S.
1034 3416 1100 3467 20
1146 3418 1205 3465 A.
1246 3415 1291 3465 ⁴2.
1434 3416 1454 3444 ³
1487 3413 1588 3465 Die
1633 3412 1968 3479 Augsburgel·
2010 3412 2214 3479 Fugger
2258 3410 2444 3463 sollteu
2491 3408 2662 3459 Briefe

420 3498 485 3533 an
531 3482 699 3536 Aldus
744 3483 1017 3535 befordern
1072 3482 1255 3535 behufs
1294 3482 1527 3534 dii-ekten
1583 3480 1819 3549 Bezuges
1879 3498 1980 3533 von
2032 3480 2276 3532 Biiehern
2325 3494 2420 3530 aus
2475 3478 2660 3529 dessen

423 3551 624 3605 Offizin.
712 3552 809 3604 Die
856 3552 1157 3603 erhaltenen
1206 3551 1377 3603 Briefe
1431 3551 1638 3603 Urbans
1681 3552 1786 3601 und
1823 3548 2085 3617 Spalatins
2122 3566 2184 3601 an
2224 3547 2391 3599 Aldus
2429 3546 2540 3614 (Nr.
2578 3546 2660 3598 40.

420 3621 508 3683 41)
528 3620 644 3672 sind
671 3638 793 3673 vom
819 3621 898 3674 20.
926 3621 1059 3674 Nov,
1087 3638 1140 3672 u,
1170 3626 1213 3671 1.
1236 3622 1358 3672 Dez.
1382 3620 1584 3683 datiam
1608 3619 1834 3670 Mutians
1861 3618 2006 3670 Briet'
2022 3618 2090 3669 ist
2112 3617 2360 3669 verloren.
2434 3616 2664 3681 Anfangs

421 3688 595 3741 wollte
650 3689 717 3741 M.
768 3690 924 3742 allein
980 3691 1072 3742 das
1119 3690 1362 3742 Gesohiift
1408 3689 1462 3740 in
1513 3689 1599 3739 (110
1636 3688 1788 3739 Hand
1829 3688 2068 3752 nehmen‚
2105 3703 2196 3737 um
2235 3684 2522 3750 gleichsam
2559 3689 2665 3735 erst

421 3757 537 3809 eine
573 3758 741 3811 Probe
778 3776 844 3810 zu
882 3759 1118 3824 1116611611,
1156 3762 1261 3811 erst
1298 3762 1468 3825 spater
1504 3757 1610 3824 (ΒΓ.
1651 3758 1730 3809 36.
1771 3756 1860 3822 39)
1896 3756 2105 3807 werden
2142 3756 2280 3807 auch
2316 3753 2400 3805 die
2424 3752 2661 3804 Freunde

422 3826 601 3879 Urban
637 3828 745 3879 und
782 3827 1010 3894 Spalatin
1052 3844 1171 3879 zum
1210 3828 1492 3880 Schreiben
1529 3826 1890 3891 ausgefordert.
1963 3825 2134 3875 Wenn
2173 3823 2287 3875 hier
2322 3838 2424 3873 von
2457 3821 2664 3873 Urbans

422 3894 504 3949 ΒΓ.
546 3896 629 3948 die
664 3896 807 3949 Rede
844 3896 929 3963 ist,
966 3912 1023 3949 so
1059 3897 1129 3949 ist
1164 3897 1247 3949 ein
1283 3896 1487 3949 soleher
1522 3912 1590 3947 an
1625 3894 1708 3947 die
1729 3894 2180 3961 Fugge1'·gen1eint
2217 3891 2339 3959 (vgl.
2380 3891 2498 3957 folg.
2539 3889 2662 3956 Bu).

424 3964 503 4015 Da
538 3964 606 4017 M.
646 3982 732 4017 am
769 3966 848 4018 21.
888 3969 1017 4033 Aug.
1058 3966 1236 4018 Urban
1273 3966 1554 4017 auffordeit
1589 3965 1686 4016 den
1714 3963 1798 4014 ΒΓ.
1828 3978 1892 4015 611
1920 3963 2086 4014 Aldus
2116 3959 2663 4023 sauberaufzuheben‚

422 4032 503 4085 bis
555 4051 609 4085 01·
646 4033 817 4087 selber
854 4051 939 4086 am
998 4035 1076 4088 27.
1117 4037 1247 4102 Aug.
1308 4034 1441 4086 nach
1480 4033 1722 4085 Sch'onau
1778 4049 1844 4083 zu
1888 4030 2240 4097 personlicher
2293 4028 2666 4095 Besprechung

424 4102 629 4155 komme
672 4103 777 4170 (ΒΓ.
816 4103 920 4170 24),
959 4120 1014 4156 so
1051 4103 1162 4155 faut
1196 4103 1465 4155 vielleicht
1500 4102 1591 4156 Nr.
1631 4102 1696 4152 24
1733 4116 1827 4153 vor
1863 4100 1951 4153 ΝΥ.
1992 4101 2073 4152 21,
2165 4100 2277 4151 Deu
2304 4097 2660 4165 anffinglichen

426 4171 553 4223 Plan
590 4188 719 4240 ganz
768 4172 969 4240 wenige
1013 4172 1224 4225 Biichel·
1260 4171 1705 4236 aufzusehreiben,
1759 4170 1882 4222 liess
1919 4169 1987 4222 M.
2027 4185 2112 4219 6111
2149 4169 2265 4235 folg.
2301 4168 2435 4233 Tage
2473 4165 2666 4218 wieder

423 4240 584 4292 fallen
621 4242 727 4292 und
766 4244 927 4293 setzte
965 4242 1103 4294 viele
1138 4241 1347 4293 Biicher
1395 4242 1485 4293 auf
1518 4240 1620 4292 den
1655 4238 1835 4292 Index,
1892 4238 1977 4290 Br.
2019 4237 2097 4290 22.
2139 4237 2218 4289 23.
2378 4238 2397 4267 ⁴
2433 4236 2503 4288 Es
2537 4234 2665 4311 folgt

426 4308 523 4360 mit
557 4308 642 4362 ΒΓ.
682 4309 764 4373 32,
802 4311 895 4362 der
929 4310 1200 4362 vielleieht
1236 4313 1396 4362 etwas
1432 4310 1594 4361 naher
1629 4324 1694 4368 an
1731 4307 1913 4371 obigen
1955 4323 2019 4358 zu
2057 4307 2253 4358 riioken
2293 4305 2375 4359 ist.
2459 4307 2479 4336 ⁵
2512 4302 2657 4355 Vxel-

422 4377 589 4430 leieht
642 4379 750 4432 also
787 4379 937 4432 einen
975 4380 1080 4447 Tag
1114 4380 1249 4432 nach
1286 4380 1406 4431 dem
1440 4378 1652 4445 vorigen
1690 4376 1776 4429 ΒΓ.
1814 4376 1966 4428 nebst
2001 4376 2181 4428 Index.
