3084 4895
1266 385 1492 439 &Mutian
1526 401 1599 438 an
1632 383 1898 439 Herbord.
2590 361 2711 448 139

457 573 642 628 Gotha.
1521 557 1660 621 113.
2362 571 2498 641 (Anf.
2540 569 2711 640 1509.)

1163 684 1451 754 Mutian
1497 705 1597 754 an
1640 628 2010 753 Her-bord.

548 811 808 881 (Herbord
839 811 939 866 soll
971 810 1152 879 Bries'e
1198 811 1407 866 Urbane
1441 809 2051 946 indelilrfurassefdrdem,
2086 809 2159 863 da
2192 809 2361 862 dieser
2392 807 2651 876 Mayister

1406 898 1512 934 wer
1644 897 1717 934 wc
1758 920 1768 931 .

674 993 1041 1046 Herebordo
1071 995 1419 1055 Margarito
1451 995 1814 1054 jurisperito
1848 993 2081 1054 insigni
2117 991 2227 1059 (M.
2263 985 2508 1056 Rufus).

663 1105 726 1168 S.
819 1105 1066 1168 Literas
1115 1105 1375 1183 Urbani,
1423 1105 1665 1168 literati
1712 1105 1989 1167 hominis
2035 1108 2099 1165 et
2141 1101 2503 1186 perurbani,
2562 1098 2717 1163 fide-

460 1189 602 1254 liter
647 1191 961 1271 dispensa.
1052 1189 1266 1271 Rogat
1313 1193 1385 1265 is,
1431 1195 1506 1254 ut
1552 1191 1678 1254 cito
1724 1189 1787 1253 id
1830 1190 1962 1252 fiat.
2056 1189 2326 1252 Causam
2388 1185 2712 1265 intelligis,

457 1275 727 1340 Aestuat
771 1277 832 1337 in
883 1275 1233 1338 ambitione
1287 1276 1463 1339 brevi
1509 1276 1763 1338 futurus
1819 1274 2136 1355 magister,
2200 1273 2369 1356 quod
2426 1271 2705 1334 faustum

457 1361 588 1425 sit'.
678 1361 984 1425 Eruditus
1029 1363 1196 1424 enim
1243 1361 1611 1442 sophisticis
1659 1359 2201 1441 disputationibus
2266 1358 2605 1421 descendet
2649 1359 2713 1419 in

449 1468 768 1528 campum.
857 1444 1014 1510 Mox
1057 1447 1170 1510 ubi
1215 1447 1349 1510 voti
1395 1468 1655 1528 compos
1700 1448 1838 1524 erit,
1895 1446 1975 1509 ad
2022 1466 2139 1508 nos
2186 1445 2415 1508 veniet.
2510 1443 2601 1506 Ad
2648 1448 2716 1505 te

458 1533 742 1596 celeriter
774 1536 839 1595 et
862 1533 1091 1613 exigue
1123 1533 1351 1609 scribo,
1373 1533 1546 1613 quod
1572 1533 1805 1614 vigiliis
1838 1537 1903 1594 et
1926 1531 2254 1594 laboribus
2286 1531 2415 1593 tuis
2442 1549 2713 1611 parcam.

394 1682 398 1685 ,
459 1618 778 1694 Quantum
851 1618 1020 1690 enim
1091 1619 1319 1696 sentio,
1388 1639 1514 1682 non
1577 1622 1707 1682 tam
1764 1617 2039 1681 delectat
2083 1620 2147 1680 te
2193 1639 2384 1698 quam
2448 1615 2713 1678 offendit

457 1704 668 1766 inanis
701 1703 1020 1769 scribendi
1053 1704 1456 1784 profluentia.
1506 1703 1747 1779 Quaere
1779 1702 2045 1766 feliciter
2077 1703 2289 1783 legum
2322 1700 2713 1764 diverticula.

459 1788 774 1870 Praepara
817 1793 883 1852 te
941 1789 1019 1852 ad
1076 1789 1528 1852 tractationem
1589 1803 1809 1852 rerum
1852 1788 2219 1862 forensium,
2276 1791 2351 1850 ut
2394 1791 2607 1850 orator
2652 1790 2716 1849 et

461 1875 792 1938 consultus
841 1875 976 1937 tuis
1035 1874 1295 1937 tandem
1353 1877 1418 1936 et
1469 1875 1592 1936 tibi
1652 1874 1739 1936 sis
1793 1873 1991 1936 utilis.
2098 1873 2253 1936 Nam
2319 1876 2392 1935 ut
2450 1871 2719 1935 scientia

456 1961 618 2042 juris
684 1961 761 2023 ad
821 1960 1158 2022 dicendum
1225 1961 1581 2024 necessaria
1654 1959 1923 2036 videtur,
1991 1961 2083 2021 ita
2137 1959 2341 2022 oratio
2399 1958 2597 2040 polita
2658 1960 2721 2020 et

463 2067 746 2126 congrua
791 2046 1172 2126 dignitatem
1221 2051 1284 2108 et
1329 2047 1602 2126 gratiam
1650 2046 1861 2126 legum
1907 2044 2187 2128 augebit.
2258 2044 2356 2106 Ad
2389 2044 2718 2108 Urbanum

460 2132 666 2208 rede0,
716 2132 897 2213 cujus
941 2131 1178 2206 literaS,
1236 2136 1310 2194 ut
1356 2130 1510 2206 dixi,
1566 2131 1836 2193 fideliter
1898 2131 2215 2212 dispensa.
2310 2129 2518 2210 Atque
2562 2128 2719 2191 haec

464 2217 622 2282 mihi
668 2217 790 2280 fuit
835 2215 1122 2280 materia.
1215 2217 1378 2295 Quia
1420 2221 1492 2280 tu
1540 2217 1796 2281 stoicari
1845 2217 1939 2279 vis
1984 2219 2049 2278 et
2079 2215 2354 2278 breviter
2398 2214 2577 2296 loqui
2620 2213 2720 2275 vel

460 2303 676 2386 potius
721 2309 795 2366 ut-
836 2303 932 2366 ita
977 2303 1182 2365 dicam
1226 2302 1761 2385 pythagorissare,
1813 2301 2081 2365 habebis
2137 2299 2326 2383 hujus
2387 2323 2487 2363 me
2532 2298 2716 2362 insti-

461 2388 590 2452 tuti
635 2389 730 2452 tui
777 2388 1038 2453 socium.
1132 2387 1215 2452 At
1260 2388 1313 2452 si
1347 2388 1495 2452 stilo
1542 2386 1923 2469 indulgereS,
1969 2387 2396 2451 academicum
2447 2389 2510 2450 et
2554 2385 2719 2467 peri-

462 2475 809 2557 pateticum
861 2496 960 2537 me
1007 2474 1294 2538 facerem.
1386 2475 1555 2538 Vale.
1650 2474 1747 2537 Ex
1792 2473 2004 2541 Gotha
2051 2474 2224 2539 coelo
2272 2474 2512 2539 nivoso,

666 2574 788 2629 Cod.
825 2574 958 2629 Frcf,
997 2574 1113 2627 287.

463 2760 698 2831 (Gotha.)
1515 2750 1653 2813 114.
2210 2765 2472 2835 (Sommer
2508 2761 2680 2832 1509.)
2707 2763 2727 2795 ²

1133 2931 1140 2937 .
1172 2875 1465 2945 Mutian
1509 2898 1607 2945 an
1650 2876 2021 2946 Herbord.

532 3003 744 3070 (Eoban
777 3004 893 3057 und
923 3004 1076 3057 Rain
1110 3005 1293 3057 wollen
1327 3005 1413 3057 die
1445 3004 1827 3071 Bwuemspiece
1860 3006 1923 3057 in
1958 3004 2356 3058 Hokmzlcirclaen
2390 3002 2654 3055 besuclzen.

671 3072 866 3125 Scherx
901 3072 1027 3125 iiber
1061 3073 1217 3125 deren
1248 3073 1621 3141 Beyeistmny
1655 3074 1771 3125 und
1802 3074 1929 3126 icber
1963 3072 2157 3127 Faoh’s
2202 3072 2531 3141 Corpulenx.)

578 3185 796 3235 Nobili
830 3185 1197 3236 Herebordo
1233 3188 1602 3247 margarito,
1638 3188 1804 3237 socio
1839 3186 2217 3246 tranquillae
2254 3185 2607 3235 sodalitatis

1405 3270 1515 3339 (M.
1551 3270 1798 3339 Rufus).

670 3378 735 3442 S.
827 3380 1128 3461 Spectare
1173 3382 1462 3463 gestiunt
1507 3384 1691 3446 ludos
1754 3382 2099 3464 paganicos
2144 3382 2211 3443 in
2259 3380 2724 3463 vico.Spalati-

464 3462 611 3527 neo³
672 3465 1041 3529 Rainensis⁴
1102 3471 1165 3530 et
1215 3467 1569 3545 Eobanus⁵,
1638 3491 1846 3531 rarum
1910 3490 2023 3549 par
2080 3467 2416 3531 amicitiae.
2509 3466 2730 3547 Neque

463 3549 752 3629 gestiunt
807 3551 1031 3623 solum,
1091 3553 1201 3615 sed
1253 3574 1448 3635 prope
1513 3554 1755 3617 saliunt
1814 3554 1986 3617 velut
2049 3575 2312 3615 examen
2381 3573 2723 3616 cervorum.

464 3634 686 3715 Agunt
732 3636 807 3698 de
856 3636 1124 3716 pedibus
1170 3638 1304 3699 sine
1351 3639 1641 3719 pedibUS,
1688 3640 1797 3702 sed
1845 3661 1970 3703 non
2023 3639 2161 3700 sine
2205 3638 2504 3702 testibus,
2574 3638 2729 3701 Pro-

613 3788 626 3817 ¹
663 3776 812 3840 ‘Uber
846 3788 1056 3841 Urbane
1091 3788 1392 3841 Promotion
1428 3806 1550 3841 zum
1586 3789 1837 3857 Magister
1872 3807 1911 3843 S.
1952 3790 2001 3842 S.
2045 3790 2161 3845 107.
2303 3792 2321 3821 ²
2356 3788 2523 3841 Nicht
2558 3791 2732 3855 spater-

461 3854 540 3907 als
580 3856 728 3922 1509,
767 3856 889 3909 weil
923 3856 1101 3909 Ecban
1137 3856 1191 3907 in
1229 3856 1428 3909 diesem
1449 3859 1612 3910 Jahre
1638 3858 1875 3925 (Hei-bet)
1912 3858 2091 3910 Erfurt
2127 3856 2359 3910 vei-liess.
2470 3859 2490 3889 ³
2512 3857 2727 3909 Hohen-

461 3922 696 3990 kirchen,
761 3940 843 3977 wo
890 3924 1126 3991 Spalatin
1173 3926 1275 3978 seit
1320 3926 1450 3978 1507
1505 3926 1621 3978 eine
1674 3928 1905 3979 Pfrfinde
1953 3928 2148 3979 besass.
2292 3926 2312 3957 ⁴
2345 3925 2447 3978 Ein
2491 3925 2730 3977 Erfurter

460 3990 682 4055 Freund,
721 3994 857 4046 noch
895 3994 1026 4045 ‘oster
1060 3994 1167 4045 und
1204 3996 1334 4046 stets
1371 3994 1448 4046 als
1478 3994 1755 4047 Rainensis
1794 3995 2107 4062 ausgefiihit.
2181 3994 2404 4061 Ludwig
2424 4010 2549 4046 vom
2575 3993 2729 4061 Rayn

465 4076 576 4111 war
611 4060 869 4113 erzbisch.
891 4062 1146 4113 Vicedom
1174 4063 1466 4127 1504—323
1506 4063 1849 4116 immatrikul.
1879 4064 2041 4116 1500:
2066 4062 2407 4115 »Ludewicus
2430 4062 2731 4129 Lendergut

461 4128 528 4204 de
566 4127 646 4179 Ra
685 4145 720 4179 n
756 4128 888 4196 (jam
925 4145 1060 4181 anno
1094 4130 1349 4183 vicesimo
1388 4130 1442 4181 in
1479 4130 1706 4199 Cwburg
1741 4132 1811 4197 (2³)
1847 4131 2278 4183 reverendissimi
2312 4130 2731 4197 Moguntinensis

460 4212 516 4247 m
549 4196 620 4247 Er
664 4197 872 4263 urdia)«.
923 4197 1422 4264 Weissenborn,
1461 4200 1579 4252 Akt.
1618 4201 1789 4253 d.Un.
1812 4200 1871 4251 E.
1909 4199 1979 4251 II..
2019 4198 2171 4251 Halle
2199 4199 2348 4264 1884,
2386 4199 2435 4252 S.
2475 4198 2591 4251 218.
2628 4199 2727 4251 Die

458 4263 708 4315 Matrikel
751 4265 926 4333 bringt
959 4282 1063 4319 von
1091 4266 1394 4319 demselben
1421 4268 1630 4319 Namen
1668 4269 1753 4320 die
1770 4267 2218 4319 wunderlichsten
2257 4268 2494 4321 Formen.
2544 4268 2606 4319 In
2637 4268 2731 4318 der

459 4331 606 4385 Liste
643 4332 738 4384 der
771 4332 980 4387 Baccal.
1021 4334 1182 4388 1500:
1233 4334 1505 4403 »Lodewig
1539 4335 1747 4390 Lender
1782 4338 1863 4389 art
1899 4336 1964 4388 de
1999 4336 2200 4403 Reyn«;
2235 4336 2291 4388 in
2327 4336 2420 4387 der
2455 4335 2599 4389 Liste
2636 4335 2729 4386 der

457 4398 711 4469 Magister
747 4401 906 4457 1505:
951 4401 1273 4457 »Lodovious
1307 4402 1610 4472 Londergut
1647 4406 1713 4459 de
1798 4404 1925 4460 ains
2032 4406 2054 4437 ⁶
2072 4404 2277 4459 Hessus
2312 4403 2362 4459 S.
2402 4404 2470 4458 68
2504 4406 2567 4457 A.
2606 4402 2652 4456 2.
