3084 4895
530 413 654 482 322
1355 407 1525 470 Briefe
1561 411 1651 470 des
1688 407 1737 470 J.
1778 417 1922 470 1513.

529 589 849 654 Bernardo
895 610 1070 654 suam
1114 589 1376 674 gloriam
1421 610 1551 653 non
1594 587 1875 654 abstulit.
1944 589 2269 654 Postremo
2314 587 2565 654 tametsi
2620 583 2769 656 bar-

535 676 828 740 barismis
872 680 1092 753 scatet,
1151 679 1248 740 est
1311 681 1521 739 tamen
1582 676 1857 758 ineptior
1917 697 2104 758 quam
2167 676 2598 758 inelegantior.
2690 677 2767 740 In

531 761 850 826 Bernardo
896 761 1192 826 laudatur
1238 761 1650 844 perspicuitas
1683 765 1745 826 et
1776 783 2089 826 sacrarum
2124 763 2441 826 literarum
2476 763 2763 828 scientia.

528 849 698 912 Idem
745 848 1044 912 distincte
1088 848 1366 930 loquitur
1411 852 1474 910 et
1519 852 1616 912 est
1659 849 1874 930 procul
1944 849 2133 912 dubio
2188 849 2283 912 tui
2339 849 2575 912 ordinis
2637 850 2769 912 elo-

531 935 999 1016 quentissimus
1091 933 1303 997 Redde
1349 931 1687 1016 Campeg0‚
1742 935 1910 1014 quod
1956 957 2139 998 suum
2184 934 2325 998 661.ι
2417 935 2549 1016 Ego
2611 956 2766 1009 con-

531 1021 778 1084 veniam
847 1019 1214 1099 Duronium‚
1268 1021 1320 1083 si
1381 1019 1504 1082 huc
1564 1021 1837 1098 venerit;
1905 1026 2232 1084 venturum
2300 1025 2506 1084 autem
2576 1021 2765 1084 credo

535 1107 686 1170 solis
734 1107 831 1170 die
864 1107 1167 1187 proximo.
1259 1103 1328 1168 Si
1362 1127 1484 1168 non
1520 1105 1779 1183 venerit,
1812 1106 2075 1170 invisam
2111 1129 2219 1190 per
2248 1107 2437 1169 officii
2470 1108 2765 1187 speciem.

527 1191 598 1256 In
645 1197 776 1256 tam
824 1191 1050 1256 celebri
1096 1192 1252 1268 loco,
1301 1192 1363 1254 in
1410 1191 1613 1254 tantis
1658 1190 1931 1272 negotiis
1988 1193 2137 1273 quid
2184 1191 2374 1256 faciet
2416 1192 2634 1254 asinus
2680 1195 2767 1256 ad

537 1278 756 1360 lyram,
800 1278 863 1341 id
911 1282 1006 1341 est
1051 1276 1459 1360 manipularis
1505 1276 1735 1357 aliquis
1767 1277 2129 1360 inexpertus
2159 1276 2537 1341 ethardus?
2618 1277 2765 1342 Non

534 1368 632 1427 est
676 1363 810 1427 leve
853 1366 952 1427 tot
995 1384 1327 1445 procurare
1372 1362 1611 1425 reditus
1657 1366 1719 1425 et
1763 1361 2175 1426 nihilominus
2220 1365 2562 1426 vicinorum
2611 1367 2770 1428 reti-

535 1471 680 1513 nere
748 1449 1037 1532 gratiam.
1128 1448 1216 1512 De
1288 1448 1471 1511 domo
1536 1469 1673 1510 mea
1745 1449 1835 1511 sic
1897 1448 2149 1513 habeas,
2240 1448 2766 1529 Quandoquidem

534 1535 843 1598 cerebrosi
888 1539 1036 1599 sunt
1081 1534 1297 1598 vicarii
1343 1537 1406 1596 et
1450 1531 1831 1614 inquilinus²
1888 1535 2099 1598 cedere
2154 1540 2417 1613 recusat,
2466 1533 2643 1597 effice
2688 1543 2769 1600 ut

527 1619 998 1702 Engelmannus
1063 1641 1246 1684 suum
1319 1619 1486 1682 illum
1557 1619 1941 1696 introducat,
2015 1641 2123 1703 pro
2189 1626 2467 1704 tempore
2539 1641 2761 1702 parum

529 1707 834 1770 aedificet.
953 1705 1194 1770 Addam
1270 1699 1529 1786 aliquid.
1648 1705 1819 1768 Nihil
1897 1707 1977 1770 ab
2052 1706 2265 1770 eodem
2342 1711 2571 1788 petam,
2650 1709 2761 1771 sed

532 1791 800 1874 singulis
847 1793 1032 1855 annis
1077 1791 1264 1856 ambo
1310 1795 1768 1865 construamuS‚
1834 1794 2039 1873 quoad
2084 1792 2381 1856 fulciatur
2433 1794 2763 1857 ruinosum

529 1883 593 1943 et
635 1881 887 1942 nutans».
979 1877 1099 1942 Sed
1152 1877 1412 1940 nimium
1458 1877 1693 1940 amicos
1732 1897 1941 1957 urgeo,
2032 1877 2249 1942 Scribe
2295 1884 2362 1942 tu
2409 1879 2488 1941 ad
2534 1876 2765 1960 Spala-

525 1964 750 2028 tinum.
839 1963 939 2028 Me
1002 1963 1205 2044 carpit
1268 1966 1477 2027 motus
1548 1962 1817 2026 arbitror
1883 1963 2142 2027 infamia
2206 1959 2569 2028 116116111111.3
2656 1965 2763 2028 Dii

528 2050 794 2132 perdant
837 2048 1282 2130 theologistasi
1373 2046 1732 2112 Tiloninus‘
1778 2049 2145 2130 profiteatur
2175 2071 2345 2114 more
2376 2071 2509 2113 suc.
2555 2070 2559 2074 ·
2593 2051 2760 2127 Quid

532 2142 720 2200 nocet
765 2134 1090 2220 plagium?
1178 2135 1419 2197 Doceat
1462 2139 1526 2198 et
1570 2139 1792 2215 pergat
1836 2136 2111 2198 excitare
2158 2137 2357 2199 bonas
2401 2137 2617 2200 literas
2663 2137 2763 2200 vel

534 2223 992 2286 vomitantibus
1037 2218 1583 2303 philosophastris.
1674 2219 1896 2283 Melius
1944 2226 2039 2286 est
2083 2243 2197 2285 suo
2242 2223 2426 2286 modo
2482 2223 2761 2286 insanire

530 2330 718 2389 quam
763 2307 980 2371 audire
1023 2307 1121 2370 vel
1167 2306 1492 2387 physicum
1551 2304 1644 2368 vel
1702 2305 2098 2370 dialecticum
2155 2307 2541 2372 Parvulum.⁵
2633 2308 2763 2372 Sed

525 2393 682 2458 haec
722 2393 1018 2479 mysteria
1048 2397 1255 2457 sunt0.
1301 2391 1468 2455 Vale.
1516 2390 1705 2456 Festo
1752 2392 1851 2456 die
1894 2393 2335 2459 immaculatae
2378 2393 2760 2477 Margaritae

527 2502 695 2545 anno
741 2478 1006 2547 Messiae
1049 2475 1366 2543 MDXIII.⁶
1457 2478 1727 2560 Raptim.

837 2580 960 2635 Cod.
994 2578 1128 2633 me.
1165 2578 1279 2633 316.

523 2768 758 2839 (Gotha.)
1566 2751 1710 2817 263.
2212 2768 2281 2836 (n.
2323 2768 2402 2821 13.
2438 2766 2548 2821 Juli
2585 2769 2755 2839 1513.)

1265 2879 1551 2951 Mutian
1598 2900 1722 2959 an,
1739 2878 2014 2950 Urban.

525 3007 686 3075 (Will
716 3025 847 3062 xum
883 3006 1143 3062 Hausbau
1176 3013 1331 3062 etwas
1366 3008 1641 3077 beitraqen.
1717 3008 1953 3061 Tilonins
1980 3006 2302 3075 Triumphus
2334 3006 2619 3075 cupidinis
2646 3009 2760 3061 und

654 3128 667 3139 ,
1153 3077 1268 3129 sein
1302 3076 1514 3146 Kasmpf
1535 3077 1639 3130 mit
1672 3077 1772 3130 den
1808 3078 2119 3145 Sopita-stem.)

1252 3191 1334 3242 H.
1371 3191 1623 3243 Urbano
1660 3191 1747 3242 M.
1786 3190 2007 3242 Rufus.

731 3300 795 3368 S.
886 3302 1154 3369 Causam
1233 3302 1386 3368 mihi
1464 3302 1638 3367 dedit
1707 3302 1929 3368 harum
2003 3303 2323 3367 literarum
2396 3299 2753 3364 aedificatio

527 3389 767 3455 domuS.
858 3389 1019 3454 Nam
1063 3390 1361 3453 indecens
1421 3390 1671 3454 videtur
1722 3411 1979 3453 onerare
2030 3384 2561 3471 Engelmannum⁷
2616 3408 2755 3451 mea

523 3496 732 3554 causa,
793 3474 869 3539 de
928 3497 1053 3559 quo
1112 3475 1274 3541 bene
1335 3477 1559 3541 mereri
1626 3496 1754 3540 non
1823 3485 2097 3557 possum.
2188 3470 2430 3539 Schilo⁸
2498 3471 2756 3537 deberet

521 3560 826 3639 laborare,
878 3562 934 3625 si
985 3562 1114 3629 ulla
1175 3566 1342 3628 esset
1397 3562 1553 3631 fides
1608 3562 1673 3625 in
1732 3561 1985 3627 homine
2055 3560 2343 3625 rustica·
2400 3556 2526 3623 Sed
2588 3580 2751 3623 vana

667 3770 684 3800 ¹
720 3765 1002 3819 Geliehene
1035 3766 1263 3822 Biicher.
1301 3765 1352 3819 S.
1373 3767 1474 3821 315
1509 3767 1572 3819 A.
1594 3767 1639 3819 3.
1746 3766 1769 3798 ²
1800 3764 1907 3819 Der
1940 3764 2118 3818 bisher
2152 3762 2300 3816 darin
2332 3762 2624 3815 wohnende
2664 3760 2752 3814 Of-

520 3835 657 3889 ficial
689 3835 950 3889 Voltzkes.
989 3834 1038 3889 S.
1060 3836 1162 3890 290
1195 3838 1256 3890 A.
1282 3838 1328 3889 5.
1385 3836 1491 3888 Der
1525 3851 1629 3889 neu
1662 3850 1764 3888 von
1800 3834 2136 3903 Engelmann‚
2157 3834 2277 3885 dem
2296 3831 2482 3886 MainZ.
2503 3830 2753 3909 Kiichon-

520 3905 746 3971 meister,
785 3904 1193 3957 einzufiihrende
1226 3905 1296 3957 ist
1313 3904 1567 3966 Dietmar,
1603 3920 1707 3957 von
1734 3904 1852 3955 dem
1888 3903 2008 3956 bald
2032 3902 2181 3954 mehr
2204 3902 2287 3953 die
2306 3900 2448 3952 Rede
2474 3916 2587 3953 66111
2604 3900 2750 3952 wird.

529 3973 638 4041 Vgl.
663 3973 712 4027 S.
738 3974 832 4026 291
855 3977 917 4027 A.
935 3975 982 4027 6.
1089 3975 1108 4005 ⁸
1141 3973 1398 4026 Reuchlin
1436 3973 1659 4025 Genitiv.
1696 3972 1745 4027 S.
1768 3974 1831 4026 65
1858 3974 1917 4026 A.
1949 3974 1991 4023 1.
2102 3974 2122 4002 ⁴
2158 3970 2260 4023 Erf.
2300 3968 2639 4035 Dichterling,
2666 3968 2757 4019 der

521 4042 604 4094 die
639 4042 1331 4110 Universitfitsphilosophen
1377 4046 1655 4109 ungcstiim
1700 4042 1897 4109 angi-iff.
1954 4040 2041 4093 Br.
2080 4040 2197 4091 236.
2338 4040 2357 4070 ⁵
2391 4036 2651 4114 Parvulus
2688 4058 2755 4075 π

522 4110 864 4165 Komrnentar
897 4128 966 4164 zu
1001 4112 1100 4164 den
1133 4111 1304 4165 Parva
1337 4110 1632 4163 Aristotelis
1668 4110 1938 4163 naturalia.
2008 4108 2105 4161 Ein
2142 4106 2345 4160 60101161·
2380 4106 2616 4158 6166111611
2652 4120 2755 4157 von

520 4181 640 4232 dem
693 4180 798 4236 Erf.
836 4180 1101 4233 Professor
1145 4180 1375 4233 Barthol.
1414 4180 1648 4247 Usingen
1699 4178 1855 4232 Basil.
1898 4179 2042 4231 1511.
2110 4176 2312 4229 Ebenso
2361 4175 2460 4243 gab
2502 4190 2559 4226 es
2602 4174 2755 4225 einen

520 4249 780 4302 Parvulus
814 4249 1013 4317 logicae
1047 4250 1157 4301 und
1191 4250 1374 4316 philos.
1413 4248 1639 4301 moralis
1782 4250 1804 4279 ⁶
1836 4244 2339 4313 Kampschulte,
2377 4243 2530 4297 Univ.
2568 4242 2673 4295 Erf.
2710 4242 2752 4308 1,

524 4320 616 4370 171
659 4319 754 4371 hat
785 4320 877 4371 das
910 4319 1104 4371 Datum
1140 4318 1416 4383 ubersehn,
1467 4334 1617 4371 wenn
1655 4333 1710 4368 er
1745 4316 1923 4369 diesen
1957 4314 2101 4367 Biief
2131 4314 2186 4365 in
2221 4314 2313 4365 das
2347 4314 2393 4365 J.
2436 4313 2568 4364 1514
2602 4313 2750 4375 setzt,

521 4386 698 4438 wohin
735 4404 791 4439 er
825 4386 1023 4440 seinem
1063 4402 1258 4455 ganzen
1279 4386 1484 4439 Inhalte
1519 4386 1655 4439 nach
1696 4382 2379 4454 (Hausbauangelegenheit)
2414 4381 2561 4433 nicht
2592 4384 2754 4449 passt.

522 4454 543 4487 ³
577 4454 632 4507 S.
668 4470 774 4511 vor.
811 4454 898 4509 Br.
1037 4456 1058 4487 ⁸
1089 4454 1320 4510 Mutians
1353 4455 1679 4509 Prokurator.
1716 4454 1767 4508 S.
1804 4454 1905 4508 308
1940 4454 1999 4507 A.
2038 4452 2085 4507 3.
