3084 4895
1199 398 1408 452 Mutian
1443 413 1510 450 au
1551 395 1751 451 Urban.
2470 395 2597 460 425

353 575 665 642 mendam.
743 573 939 638 Decet
979 571 1444 636 adulescentem
1479 573 1544 634 et
1574 570 1845 634 Mutiani
1878 569 2341 646 obsonatorem,
2377 570 2603 635 decora

349 665 516 729 tiara
564 666 638 726 ut
679 662 1031 726 instructus
1092 659 1296 722 nitore
1357 658 1587 739 capit-is
1648 661 1713 720 et
1756 659 1985 720 ornatu
2052 656 2315 720 visendo
2380 656 2599 722 herum

351 755 418 814 et
463 772 528 814 se
559 749 767 831 ipsum
812 745 1062 829 publice
1109 743 1522 814 cohonestare
1568 747 1808 826 pergat.
1898 743 2121 824 Itaque
2166 764 2291 806 non
2340 765 2600 827 exspec-

351 837 528 902 tabis
595 833 901 899 celebrem
973 834 1314 896 mercatum
1373 833 1436 894 et
1491 851 1704 894 eorum
1774 829 2199 907 mercimonia,
2268 831 2378 912 qui
2440 831 2601 895 festo

353 922 665 987 trinitatis
721 918 1076 983 -tentoriola
1149 917 1356 999 figunt
1429 937 1539 998 pro
1614 915 1919 994 gradibus
1990 915 2313 993 Marianis,
2391 917 2497 979 sed
2568 939 2601 980 e

354 1009 624 1091 vestigio
671 1006 1014 1089 pretiosum
1061 1025 1197 1068 eme
1262 1003 1671 1085 galericulum
1740 1003 1931 1066 etiam
1998 1003 2434 1084 duodeviginti
2505 1003 2601 1068 vel

359 1117 432 1158 eo
481 1094 754 1176 amplius
799 1090 1096 1170 Βοὲἕιῑιίε.Ι
1187 1089 1350 1153 Nam
1401 1089 1649 1170 prodire
1693 1087 1830 1152 vult
1876 1091 2109 1152 vestit-u
2157 1089 2492 1169 magnifico
2539 1093 2603 1152 et

358 1185 612 1246 euntem
658 1180 724 1242 in
781 1177 1027 1240 coelum
1075 1177 1138 1238 et
1183 1175 1667 1238 descendentem
1723 1175 2011 1257 spiritum
2061 1185 2125 1237 et
2184 1173 2600 1239 ambarvalia²

359 1268 694 1332 decoratus
737 1264 1026 1328 invisere.
1117 1261 1288 1339 Vale,
1333 1262 1674 1325 amicorum
1722 1262 2138 1326 sanctissime.

669 1365 792 1420 Cod.
828 1363 962 1418 Frcf.
1002 1363 1114 1416 165.

363 1503 594 1573 (eotha.)
1405 1484 1550 1550 355.
2144 1499 2225 1554 25.
2264 1499 2370 1554 Mai
2407 1498 2601 1572 (1514).

1114 1595 1398 1666 Mutian
1442 1616 1539 1665 an
1584 1594 1860 1666 Urban.

371 1715 709 1796 (Missbiuiyt
759 1726 845 1780 die
891 1743 1180 1796 gramamc
1242 1725 1563 1793 Vierteiluny
1614 1725 1898 1780 Bobexaems.
1973 1725 2241 1780 &leander
2289 1723 2416 1778 iiber
2464 1723 2607 1778 seina

513 1796 899 1850 Gestiindniase.
959 1795 1072 1850 Em
1105 1795 1406 1849 wammdes
1441 1794 1691 1865 Erempel
1720 1794 1814 1863 fiir
1847 1795 1931 1848 die
1964 1796 2162 1848 stolxen
2193 1792 2469 1864 Juristen.)

531 1911 862 1963 Praeclare
899 1911 1068 1973 patri
1101 1910 1184 1962 H.
1220 1910 1475 1961 Urbano
1509 1903 1827 1972 magistro,
1863 1911 2198 1961 amicorum
2235 1910 2434 1971 primo

1285 1993 1394 2063 (Μ.
1440 1993 1689 2063 Rufus).

571 2091 635 2155 S.
724 2091 859 2155 Etsi
907 2113 1126 2156 omnes
1173 2093 1490 2156 cruciatus
1535 2094 1807 2156 minores
1862 2092 2145 2174 plerique
2208 2113 2394 2174 quam
2453 2089 2605 2152 faci-

362 2199 519 2241 nora
562 2200 638 2240 ex
687 2178 1120 2260 conjuratione
1167 2178 1693 2262 deprehensorum
1741 2178 2147 2256 arbitrentur,
2195 2201 2310 2242 nec
2353 2176 2602 2259 injuria,

363 2285 506 2328 cum
541 2270 802 2346 parata.
833 2266 1124 2330 incendia
1179 2266 1463 2329 insontes
1517 2266 1708 2330 sicuti
1762 2270 1997 2344 sontes,
2068 2267 2192 2330 nisi
2248 2266 2400 2328 deus
2462 2283 2606 2346 pro-

363 2350 696 2428 hibuisset,
770 2351 836 2414 in
911 2352 1253 2433 periculum
1329 2350 1684 2416 traherent:
1753 2352 2183 2416 moderatione
2256 2355 2466 2415 tamen
2544 2351 2608 2412 et

364 2438 700 2502 clementia
745 2439 840 2503 uti
887 2438 1063 2521 plebs
1121 2438 1376 2504 deberet
1418 2440 1483 2504 in
1529 2440 1698 2503 viros
1756 2439 2037 2521 insignes
2093 2462 2297 2521 neque
2353 2436 2606 2520 quadri·-

365 2524 592 2589 fariam
640 2529 942 2588 nocentes
987 2526 1283 2605 dividere,
1331 2548 1488 2609 quos
1534 2527 1631 2590 vel
1678 2548 1818 2591 acer
1863 2528 2119 2608 punitor
2164 2526 2323 2590 satis
2353 2526 2607 2608 putaret

366 2612 578 2693 gladio
625 2610 1088 2675 succubuisse.⁸
1177 2613 1571 2695 Quamquam
1619 2614 1766 2677 olim
1800 2614 2071 2677 Romani
2102 2634 2344 2695 semper
2374 2611 2610 2674 fuerint

369 2698 808 2779 conjuratione
853 2698 1069 2781 aliqua
1116 2699 1432 2782 patefacta
1476 2701 1698 2777 severi,
1747 2712 1824 2763 ne:
1869 2699 2185 2782 ingeniosi
2229 2705 2293 2763 et
2338 2699 2607 2763 audaces

367 2784 579 2867 cupidi
647 2788 859 2848 essent
923 2785 1374 2851 dominationis
1434 2788 1497 2850 et
1539 2808 1745 2851 rerum
1812 2808 2135 2851 novarum.
2228 2786 2383 2864 Hem
2450 2782 2605 2847 heu!

367 2876 677 2954 quantum
724 2871 963 2935 abusus
1009 2878 1106 2936 est
1153 2872 1446 2937 Bobezan
1495 2872 1947 2951 dominatione,
2016 2894 2204 2957 quam
2274 2871 2608 2955 multiplici

366 2959 594 3039 flagrat
636 2957 898 3036 invidia,
955 2963 1215 3041 quanta,
1277 2960 1373 3025 uti
1434 2981 1645 3025 rumor
1688 2960 1797 3037 ait,
1844 2963 2109 3025 tortus*
2168 2959 2479 3023 crudelem
2541 2958 2607 3021 in

366 3045 647 3117 modum,
694 3043 858 3108 ferro
922 3050 984 3108 et
1045 3044 1179 3127 igni
1239 3047 1512 3110 detexit!
1605 3045 1728 3111 Sed
1795 3046 1952 3110 haec
2016 3046 2288 3110 viderint
2354 3044 2610 3126 superbi

369 3131 692 3195 causidici.
785 3131 1002 3194 Vitent
1047 3137 1356 3197 nocturna
1402 3132 1841 3207 conciliabula,
1893 3155 2015 3196 non
2066 3132 2372 3196 invadant
2412 3130 2609 3195 domi-

373 3218 715 3291 nationem,
785 3238 910 3281 non
983 3219 1114 3283 sint
1179 3220 1546 3303 importuni.
1651 3220 1869 3283 Sciant
1936 3242 2071 3283 esse
2138 3218 2467 3300 optimum,
2537 3220 2609 3280 ut

369 3305 590 3386 loquar
667 3304 908 3367 Horatii
983 3305 1209 3383 verbiS,
1283 3305 1406 3388 „nil
1477 3307 1755 3369 conscire
1822 3305 1963 3379 sibi,
2036 3304 2208 3369 nulla
2275 3303 2608 3385 pallescere

369 3388 648 3473 culpa.“‘
734 3389 885 3454 Vale
959 3398 1022 3455 et
1085 3392 1315 3456 saluta'
1355 3392 1804 3456 Herebordum.
1906 3392 1997 3456 Ad
2064 3391 2298 3473 gaudia
2373 3389 2609 3453 Christi

367 3475 826 3559 triumphantis
870 3477 935 3540 in
984 3477 1206 3542 coelo.⁸

683 3577 804 3634 Cod.
843 3578 973 3633 Frcf.
1015 3580 1129 3633 166.

371 3712 601 3784 (Gotha.)
1420 3702 1563 3766 356.
2059 3718 2127 3785 (n.
2166 3716 2248 3767 24.
2293 3714 2395 3768 Mai
2434 3714 2608 3783 1514.)

1113 3811 1398 3881 Mutian
1442 3833 1539 3882 an
1586 3812 1859 3883 Urban.

378 3919 586 3985 (Sendet
621 3921 753 3972 κει-εί
783 3920 975 3987 Briefe‚
1012 3940 1111 3975 von
1147 3924 1310 3975 denen
1344 3923 1435 3975 der
1469 3925 1582 3976 eine
1615 3924 1742 3976 inber
1774 3925 1872 3977 (len
1908 3923 2201 3989 Hersfelder
2240 3920 2466 3975 Schaclis
2500 3919 2617 3971 und

371 3988 516 4040 aeine.
550 3988 782 4057 Anklaye
811 4006 967 4058 qeqen
1002 3991 1104 4045 Abt
1139 3992 1465 4055 Hartmann,
1501 3993 1591 4045 der
1625 3994 1815 4046 andere
1849 3992 1975 4047 aber
2020 3992 2104 4044 die
2159 3988 2611 4055 Gesandtechafts-

511 4122 538 4151 a
563 4112 750 4161 torsuS.

515 4179 530 4209 ¹
567 4177 682 4245 Vgl.
722 4178 771 4232 S.
797 4176 896 4230 397
933 4180 994 4231 A.
1024 4181 1068 4230 1.
1212 4182 1231 4212 ²
1265 4180 1373 4234 Das
1409 4181 1711 4250 Pfingstfest
1744 4182 1851 4234 und
1888 4181 2292 4235 Bonifaziusfest
2327 4180 2425 4231 mit
2457 4177 2609 4229 seier-

380 4246 576 4299 lichem
612 4246 822 4314 Umzug
856 4262 942 4299 am
977 4248 1024 4301 4.
1063 4248 1171 4300 und
1205 4251 1253 4302 5.
1290 4250 1430 4302 Juni.
1573 4252 1593 4283 ³
1627 4250 1866 4303 Bobezan
1916 4252 2093 4303 wurde
2146 4249 2231 4303 bei
2284 4248 2610 4314 lebendigem

376 4315 540 4368 Leibe
585 4315 896 4384 gevierteilt.
957 4316 1070 4369 Von
1117 4317 1294 4370 seinen
1340 4317 1779 4386 Mitangeklagten
1814 4320 2000 4371 endete
2038 4319 2205 4387 Georg
2244 4334 2360 4369 zum
2400 4316 2611 4368 Rochus

379 4384 550 4437 durch
586 4386 680 4439 das
715 4384 966 4439 Schwert.
1041 4385 1446 4455 Burkhardt,
1491 4389 1538 4442 d.
1577 4387 1699 4442 tolle
1747 4388 1877 4443 Jahr
1911 4387 1960 4442 S.
1999 4388 2114 4442 412.
2225 4388 2245 4418 ⁴
2280 4386 2401 4439 Hor.
2438 4385 2530 4454 Ep.
2568 4384 2609 4454 Ι,

375 4456 424 4523 1,
462 4453 544 4508 61.
673 4456 696 4488 ⁶
727 4452 1102 4511 Himmelfahrt
1141 4455 1221 4510 25.
1261 4454 1382 4511 Mai.
