3084 4895
42 4365 56 4401 “
42 4124 77 4335 ινφΓ-
43 3900 46 4103 -”-
42 3864 45 3877 ··

1092 405 1339 493 §palat-in
1377 441 1445 478 an
1485 407 1652 478 Aldus
1690 410 1978 480 Manutius
2573 423 2653 489 4¹?

413 602 540 660 tem
588 589 653 659 in
698 597 994 659 manibus
1060 597 1387 675 habemUS,
1454 597 1762 680 reliquam
1821 603 1894 663 ut
1953 598 2177 680 quoda
2245 599 2534 662 ardenter
2595 603 2659 662 et

412 685 592 746 unice
649 683 1095 746 desideramus.
1187 683 1513 766 Deumque
1569 687 1784 748 statim
1844 690 1907 748 et
1953 685 2321 766 suppliciter
2381 707 2652 762 ommim,

409 776 481 833 ut
526 775 589 832 te
635 770 920 833 columen
970 769 1357 833 eruditorum
1392 775 1600 834 servet
1631 775 1696 834 et
1727 775 1998 835 tueatur.
2028 773 2056 810 ¹³
2142 771 2400 834 Vicinus
2447 775 2660 834 noster

405 855 731 920 Mutianus
789 856 991 918 Rufus
1052 857 1397 919 canonicus
1465 855 1820 934 GothanuS,
1890 859 2078 920 etiarn
2149 858 2655 920 doctissimorum

403 943 642 1025 judicio
690 943 1161 1005 literatissimus
1213 947 1294 1017 et,
1343 943 1510 1025 quod
1559 944 1814 1018 seimus,
1869 945 2105 1026 probus
2151 949 2214 1006 et
2261 945 2522 1024 integer,
2566 946 2658 1007 ita

407 1031 481 1091 de
529 1037 589 1091 te
637 1030 1015 1092 mentionem
1065 1029 1220 1092 facit
1267 1029 1702 1106 honorificam,
1758 1034 1832 1093 ut
1877 1032 2084 1094 lumen
2149 1031 2289 1092 aevi
2350 1031 2551 1092 nostri
2595 1036 2659 1093 te

408 1115 731 1178 nominare
778 1136 901 1177 non
954 1115 1205 1177 desinat
1252 1121 1443 1195 atque
1490 1116 1687 1180 addat
1733 1120 1902 1179 certa
1965 1139 2144 1179 verae
2206 1116 2414 1178 laudis
2474 1118 2657 1180 testi-

410 1202 641 1264 monia.
731 1201 935 1282 Hujus
981 1200 1237 1264 hortatu
1285 1209 1349 1267 te
1394 1202 1748 1265 salutamus
1794 1203 2042 1284 tibique
2073 1215 2096 1241 0
2159 1202 2550 1283 gratulamur
2597 1217 2659 1265 et

407 1288 557 1350 item
606 1309 922 1368 rogamuS,
978 1291 1048 1349 ut
1096 1287 1387 1350 Hericutn
1433 1287 1760 1352 Urbanum
1823 1310 2128 1371 aggreges
2194 1295 2447 1352 tuorum
2511 1311 2659 1351 exa-

406 1374 582 1436 mini.
673 1374 872 1437 Adest
916 1373 1218 1454 magister
1280 1373 1671 1456 Spalatinus,
1736 1397 1912 1438 rarae
1976 1375 2393 1439 humanitatis
2449 1375 2658 1449 liom0,

408 1461 516 1540 qui
563 1463 626 1523 et
671 1461 805 1541 ipse
850 1466 913 1522 te
961 1460 1203 1522 salvum
1252 1483 1387 1523 esse
1428 1460 1630 1541 jubet.
1724 1460 1888 1535 Tibi,
1949 1484 2192 1525 summe
2249 1463 2360 1536 vir,
2408 1466 2471 1524 et
2515 1461 2654 1525 Mu-

407 1548 582 1609 tiano
652 1545 952 1609 debemus
1018 1546 1343 1628 politiores
1413 1546 1644 1610 literas
1739 1547 1836 1611 Ob
1891 1548 1953 1610 id
2013 1569 2122 1629 pro
2184 1547 2388 1610 salute
2449 1551 2658 1610 vestra

407 1633 633 1695 merito
680 1637 829 1695 vota
866 1633 1243 1715 suscipimus
1290 1638 1354 1696 et
1400 1633 1737 1696 reddimus
1837 1634 2196 1715 Allegamus
2241 1635 2320 1697 ad
2365 1639 2429 1696 te
2475 1656 2658 1698 num-

407 1740 546 1781 mos
592 1741 815 1782 aureos
861 1723 1153 1800 quatuor,
1202 1741 1312 1800 pro
1361 1719 1595 1801 quibus
1644 1719 2002 1783 Focchariis
2052 1721 2128 1783 ad
2177 1742 2292 1784 nos
2325 1720 2473 1783 dato
2506 1719 2658 1801 Ety-

405 1804 786 1886 mologicum
834 1805 1160 1885 magnum¹
1214 1811 1275 1868 et
1320 1804 1561 1869 ,Iulium
1607 1804 1957 1869 Pollucem²
2005 1811 2087 1884 et,
2145 1808 2197 1869 si
2246 1828 2369 1869 non
2421 1812 2516 1871 est
2559 1809 2658 1870 ni-

405 1892 620 1968 mium,
688 1892 993 1972 opuscula
1064 1889 1505 1966 BessarioniS,³
1573 1891 2067 1973 Xenophontis,⁴
2127 1893 2532 1956 Hieroclisd⁵
2597 1899 2660 1956 et

411 1977 711 2058 epistolas
743 1975 1069 2040 Merulae.⁶
1146 1975 1437 2040 Christus
1486 1983 1550 2040 te
1596 1980 1915 2042 servassit.
2000 1979 2092 2041 Ex
2125 1980 2432 2042 coenobio
2468 1979 2659 2042 Vallis

410 2063 474 2128 S.
526 2064 783 2144 Georgii
828 2063 1021 2126 MDv.
1053 2075 1077 2101 e
1162 2063 1295 2126 ΧΠ.
1348 2064 1477 2126 cai.
1529 2063 1670 2126 Dee.

713 2179 835 2232 Cod.
872 2179 1003 2234 Frcf.
1041 2181 1125 2234 47.
1226 2186 1231 2189 ’

406 2403 770 2474 Georgenthal.
1364 2454 1410 2493 ι
1477 2389 1580 2454 41.
2218 2407 2263 2461 1.
2301 2405 2424 2461 Dez.
2466 2405 2658 2475 (1505).

908 2514 1251 2603 spalatin
1298 2536 1396 2585 an
1441 2515 1685 2585 Aldus
1730 2516 2164 2586 ManutiuS.⁷

507 2645 784 2713 (Spalatin
818 2646 1080 2715 empfiehlt
1113 2646 1231 2700 sich
1263 2646 1379 2699 und
1410 2646 1632 2699 Mutian
1667 2646 1758 2699 der
1793 2646 2181 2715 Flmomlsehaft
2214 2647 2301 2699 des
2339 2646 2545 2713 Aldus)

507 2760 609 2809 Ad
642 2763 1247 2821 praestantissimum
1280 2762 1487 2811 virum
1520 2761 1754 2811 Aldum
1789 2756 2149 2812 manutium
2185 2762 2554 2820 Romanum,

875 2848 1260 2900 eruditorum
1293 2848 1660 2909 prinoipem,
1697 2847 1772 2899 G.
1811 2847 2191 2907 spalatinus.

612 2960 815 3041 Salve,
865 2966 1131 3045 patrone
1175 2964 1496 3028 literarum
1534 2963 1942 3046 optimarum.
2019 2962 2282 3026 Mandat
2317 2962 2658 3037 MutianuS,

405 3047 507 3108 cui
562 3048 720 3112 nihil
776 3070 903 3113 non
966 3050 1184 3126 debeo,
1241 3055 1315 3114 ut
1359 3074 1459 3114 me
1520 3052 1644 3114 tibi
1705 3049 2100 3114 familiariter
2161 3050 2498 3113 insinuem.
2590 3047 2660 3108 Id

405 3132 517 3214 qui
564 3154 838 3214 possum,
902 3137 1156 3216 quando
1193 3137 1215 3175 f
1264 3137 1455 3218 longe
1498 3136 1771 3200 absum?
1861 3136 2134 3199 Tantum
2183 3159 2218 3198 a
2265 3140 2328 3197 te
2372 3140 2540 3217 petO,
2588 3139 2661 3195 ut

404 3221 789 3299 respondeas
836 3228 901 3283 et
949 3222 1267 3287 doctorem
1331 3222 1687 3287 Mutianum
1738 3225 1801 3286 et
1847 3245 1944 3286 me
2009 3222 2660 3285 commendatissimos

409 3304 660 3369 habeas.
755 3306 1232 3373 Commoramur
1277 3310 1342 3371 in
1390 3311 1648 3391 regione
1709 3308 2094 3390 Thuringiae
2142 3330 2266 3371 non
2316 3308 2528 3390 procul
2580 3306 2660 3367 ab

406 3393 646 3455 aeraria
716 3392 1166 3459 Fochariorum
1238 3396 1508 3459 officina.
1612 3395 1778 3458 Vale.
1880 3394 1975 3457 Ex
2043 3394 2214 3457 Valle
2280 3394 2656 3474 Georgiana,

408 3479 575 3540 intra
623 3478 752 3543 Cal.
806 3481 948 3543 Dec.
2470 3532 2479 3541 .

720 3597 841 3651 Cod.
879 3584 1011 3651 Frcf.
1048 3598 1131 3651 48.

478 3914 485 3921 ,
543 3871 570 3898 a
600 3859 661 3908 ut
697 3857 835 3923 quod
870 3855 1080 3909 sti-eieht
1119 3856 1334 3911 Schilck.
1465 3860 1493 3897 b
1519 3858 1730 3909 tueetur
1769 3854 1812 3907 T
1803 3872 1914 3908 em.
2040 3869 2063 3895 c
2091 3855 2185 3906 tibi
2227 3854 2372 3906 Tenx.
2498 3857 2527 3894 d
2553 3854 2661 3906 He-

408 3925 577 3978 molis.
720 3939 744 3966 e
772 3924 930 3977 MDX
972 3925 1117 3977 Tenx.
1265 3929 1286 3967 f
1310 3942 1474 3993 quum
1514 3926 1662 3977 Tenx.

553 3997 566 4025 ¹
605 3994 802 4047 Vened.
844 3995 991 4049 1499.
1032 3994 1287 4061 Calliergi.
1399 3997 1418 4027 ‘²
1455 3994 1835 4047 Onomasticon.
1891 3993 2020 4046 Ven.
2063 3992 2210 4044 1502.
2319 3993 2340 4023 ³
2373 3992 2490 4044 Joh.
2530 3992 2659 4043 Bes-

414 4063 587 4115 sarion
626 4079 722 4115 aus
760 4062 1067 4131 Trapezunt.
1103 4064 1393 4115 romischer
1428 4062 1688 4128 Cardinal,
1739 4062 1946 4113 schrieb
1983 4078 2144 4128 gegen
2183 4062 2281 4113 den
2319 4061 2664 4113 Verlssiuinder

412 4132 590 4184 Platos
636 4132 835 4200 (Georg
892 4150 989 4185 von
1046 4133 1371 4199 Trapezunt).
1444 4132 1578 4184 Rom
1627 4132 1774 4185 1469.
1832 4131 1961 4183 Ven.
2018 4131 2164 4183 1503.
2319 4132 2340 4161 ⁴
2375 4130 2660 4181 Hellenica.

412 4201 544 4254 Ven.
588 4203 734 4255 1503.
877 4205 897 4233 ⁵
936 4201 1202 4254 Hierocles
1239 4201 1295 4253 In
1336 4218 1519 4253 aureos
1567 4216 1753 4253 versus
1806 4200 2148 4267 Pythagorae.
2206 4200 2317 4251 Pat.
2379 4201 2524 4250 1474.

484 4272 505 4300 ⁶
542 4271 709 4337 Geor-g
744 4270 961 4337 Merula,
1000 4271 1197 4323 Lehrer
1244 4273 1335 4322 der
1382 4270 1537 4322 klass.
1590 4270 1852 4322 Literatur
1885 4268 1936 4319 in
1975 4268 2210 4336 Venedig
2261 4268 2366 4319 und
2418 4267 2661 4320 Mailand.

408 4338 563 4390 Seine
614 4338 981 4392 Euan-ationes
1033 4340 1161 4393 Ven.
1214 4342 1346 4392 1474
1382 4357 1431 4393 u.
1473 4340 1620 4392 1478.
1766 4340 1783 4370 ⁷
1819 4338 1935 4389 Von
1981 4338 2167 4390 Tenzel
2203 4355 2248 4405 p.
2285 4339 2352 4389 43
2388 4336 2664 4388 fiilschlich

414 4408 491 4460 als
528 4408 674 4459 Brief
704 4408 911 4462 Urbans
947 4410 1261 4477 aufgefiihrt.
1362 4462 1367 4467 ,
