3084 4895
420 411 508 486 30
1097 409 1271 472 Briefe
1305 414 1389 471 bis
1426 435 1539 472 zum

510 591 665 669 Quis
711 590 1067 654 sacerdotes
1114 591 1327 656 asinos

508 676 720 742 ferat?
766 678 875 759 qui
922 699 987 740 se
1034 677 1435 742 doctissimos

508 771 572 828 et
616 787 732 827 sua
778 768 1039 827 censent
1082 767 1341 844 optima,

509 871 634 932 quo
682 849 769 912 nil
817 850 1276 913 detestabilius

508 937 667 1000 Nam
715 937 824 1017 qui
878 958 944 998 se
991 937 1162 1017 ipsos
1202 939 1493 1000 nesciunt

509 1045 582 1086 ac
632 1023 895 1084 eruditis
943 1022 1321 1104 praeferunt,

510 1109 650 1190 plus
693 1110 923 1170 ceteris
968 1109 1343 1188 superbiunt

510 1200 572 1258 et
618 1195 796 1258 stulti
843 1193 1103 1276 pulsant
1149 1195 1451 1277 cymbala.

509 1331 639 1396 Hos
688 1331 904 1415 populi
950 1331 1273 1395 favoribus

509 1423 573 1481 et
618 1418 852 1499 gloriae
897 1418 1346 1498 relinquamu8‚

509 1504 630 1568 hoc
676 1508 773 1566 est
818 1504 992 1584 vulgi
1035 1504 1393 1570 rumoribus

510 1590 743 1672 ineptis
788 1594 980 1670 atque
1026 1588 1299 1669 frivolis3

512 1677 745 1757 quibus
792 1697 973 1738 nemo
1021 1676 1265 1739 beatior

509 1786 623 1842 nec
672 1761 913 1825 doctior
962 1783 1074 1824 nec
1118 1762 1355 1841 melior,

508 1849 617 1912 sed
662 1852 913 1911 tantum
961 1849 1332 1912 insolentior

510 1941 573 1999 et
620 1934 875 1997 stultior
917 1933 991 1995 fit
1038 1934 1099 1996 in
1148 1935 1297 1997 dies.

512 2072 604 2134 Ad
652 2075 736 2146 te,
786 2070 1077 2152 voluptas
1126 2072 1380 2148 rustica,

509 2159 769 2238 laudata
816 2179 929 2220 nec
973 2180 1252 2238 unquam
1301 2158 1475 2235 satiS,

509 2266 677 2308 nunc
703 2265 905 2306 sermo
932 2250 1146 2307 noster
1178 2250 1488 2326 properat.

505 2331 601 2394 Tu
648 2329 919 2412 simplex
966 2336 1026 2393 et
1074 2339 1255 2411 grata
1312 2331 1491 2394 bonis

508 2422 567 2481 et
621 2417 825 2480 doctis
864 2416 1345 2498 jucundissima,

508 2505 769 2577 sincera,
817 2505 938 2582 pia,
986 2504 1156 2583 regia

507 2591 805 2672 profanos
834 2601 861 2628 ⁸
907 2590 1021 2653 alis
1069 2597 1130 2652 et
1174 2610 1383 2652 sacros

508 2685 570 2740 et
616 2676 881 2757 populos
930 2680 993 2738 et
1038 2676 1368 2757 principes.

506 2813 782 2894 Pagane,
829 2820 1007 2896 pater
1052 2812 1187 2889 otii,
1217 2812 1245 2850 ¹²

503 2900 749 2962 firmum
800 2899 948 2962 belli
993 2898 1394 2981 praesidium,

507 2987 616 3067 qui
662 3008 854 3049 manu
904 2985 1209 3065 praedura
1256 2990 1466 3066 potest

506 3077 779 3135 tractare
827 3093 1083 3134 curvum
1132 3075 1430 3149 aratrum,

506 3179 685 3221 ursos
732 3160 936 3220 contis
990 3158 1286 3220 invadere

506 3251 570 3307 et
614 3244 877 3325 glaciem
928 3266 1036 3305 seu
1084 3244 1371 3326 pruinam

507 3331 695 3394 nudis
742 3331 982 3393 calcare
1028 3331 1320 3411 pedibus:

508 3417 655 3480 huic
701 3417 880 3480 cedet
923 3416 1190 3479 Martius
1236 3416 1468 3478 horror.

505 3553 747 3616 Vindex
794 3554 1125 3635 pecudum,
1174 3554 1444 3616 domitor

508 3642 799 3717 ferarum,
848 3640 1052 3703 villice
1100 3645 1329 3714 noster,

509 3728 780 3806 segnitia
826 3728 1019 3789 vitam
1068 3734 1240 3788 tuam

508 3834 631 3874 non
684 3812 917 3894 pateris
964 3812 1384 3891 languescere,

1596 417 1796 474 Herbst
1834 416 1978 473 1505.

1598 592 1665 655 in
1711 591 1984 656 subdiali
2031 613 2218 674 opere

1598 699 1862 758 gnavus,
1910 678 2092 742 fortis
2137 683 2201 742 et
2244 682 2572 760 strenuus,
2601 691 2625 720 0

1600 765 1928 828 desidiosis
1974 765 2244 828 dominis

1599 858 1661 913 te
1706 851 1929 914 merito
1977 852 2440 934 praeponimus,

1602 986 1681 1049 At
1727 991 1819 1064 tu,
1864 1009 2097 1068 rugosa
2142 988 2368 1063 villica,

1599 1074 1728 1136 tuis
1775 1076 2068 1157 dispensa
2113 1075 2369 1155 largiter

1602 1181 1776 1222 escas
1821 1169 1884 1222 et
1930 1161 2102 1242 gregi
2149 1162 2468 1243 pabulum.

1600 1243 1770 1308 Tuae
1815 1247 2053 1310 tutelae.
2098 1248 2369 1310 creditur

1599 1353 1863 1395 examen
1911 1333 2329 1413 gallinaceum

1604 1422 1668 1480 et
1712 1420 1928 1482 cortis¹
1978 1422 2358 1501 procuratiO,

1603 1505 1887 1568 custodis
1934 1503 2228 1587 Capitolii

1603 1590 1860 1672 clangor
1906 1595 1968 1653 et
2010 1592 2144 1654 suis
2188 1592 2542 1671 grunnitus

1600 1726 1685 1790 Ut
1729 1727 1955 1790 faciam
2005 1730 2444 1792 summarium:

1602 1813 1916 1895 butyrum,
1967 1836 2104 1885 ova,
2154 1837 2388 1886 caseos,

1599 1899 1819 1976 linum,
1869 1914 2113 1981 panem,
2162 1903 2494 1982 siliginem,

1602 2008 1869 2063 mensaS,
1917 1987 2196 2063 scabilla,
2248 1987 2581 2070 mappulas

1599 2071 1867 2134 fideliter
1913 2074 2252 2136 custodiae.

1600 2158 1916 2221 Conversa
1964 2160 2111 2222 villa
2161 2161 2365 2222 niteat

1599 2248 1662 2306 et
1708 2244 1884 2307 focus
1929 2247 2062 2326 igni
2110 2247 2334 2309 luceat.

1598 2329 1690 2393 Da
1737 2331 2047 2394 sacerdoti
2097 2333 2396 2394 debit-uin.

1598 2467 1716 2544 Qui
1764 2470 1950 2552 sapit,
2000 2470 2118 2533 fori
2163 2470 2416 2533 rabulas

1599 2555 1761 2617 vitat
1807 2563 1871 2618 et
1915 2578 2065 2619 suus
2113 2578 2331 2618 censor
2376 2559 2490 2619 est.

1598 2640 1717 2716 Qui
1767 2643 1978 2721 paucis
2026 2647 2362 2705 contentus
2407 2642 2566 2705 vivit

1598 2735 1659 2790 et
1705 2727 1858 2790 colit
1901 2728 2352 2805 innocentiam,
2382 2729 2410 2765 ¹²

1598 2814 1650 2875 is
1697 2834 1822 2875 non
1873 2819 2015 2895 eget
2054 2814 2375 2896 judicibus

1597 2921 1710 2962 nec
1756 2902 2177 2963 sacrosanctis
2221 2900 2486 2980 legibus

1597 2984 1755 3047 Nam
1803 2987 1963 3049 ratio
2011 2987 2063 3048 si
2111 2987 2442 3068 praesidet,

1598 3093 1721 3133 non
1771 3093 1929 3153 opus
1977 3078 2071 3136 est
2117 3072 2500 3135 doctoribus.

1599 3208 1755 3270 Acer
1801 3210 2086 3283 molosse,
2133 3210 2344 3291 vigila,

1599 3294 1782 3357 villae
1828 3294 2030 3358 fidelis
2071 3296 2326 3376 janitor.

1597 3380 1737 3443 Non
1785 3382 1976 3457 sitim,
2030 3382 2276 3458 samem,
2333 3380 2565 3461 frigora

1597 3467 1851 3529 timebis
1897 3468 1959 3529 in
2007 3468 2294 3549 tuguri03

1591 3552 1713 3633 juS,
1761 3553 1904 3630 offa,
1953 3553 2203 3616 foenum
2254 3552 2526 3616 dabitur.

1597 3638 1858 3701 Latratu
1907 3641 1993 3702 sis
2039 3639 2324 3717 terribili,

1597 3724 1705 3787 sed
1753 3725 2003 3803 Rufino,
2053 3747 2239 3807 quom
2287 3725 2546 3797 venerit,

1599 3832 1815 3891 parcas
1862 3812 2044 3874 velim
2096 3812 2433 3874 Benedicto
2455 3810 2466 3869 Σ
2491 3808 2511 3839 ²

1433 3910 1648 3984 Τέλος.

728 4015 848 4068 Cod.
888 4016 929 4068 F
930 4019 1017 4072 rcf.
1061 4018 1172 4069 116.

558 4168 584 4196 a
612 4154 917 4221 prophanOS.
1058 4160 1085 4196 b
1114 4155 1162 4206 ci
1196 4158 1257 4205 st.
1294 4154 1349 4207 ti.

1493 4167 1515 4194 c
1545 4156 1837 4206 strennuus

421 4238 609 4304 Briefe,
646 4256 754 4292 was
790 4240 873 4291 fiir
909 4240 991 4292 die
1029 4239 1666 4307 Zusammcngeh‘origkeit
1701 4240 1792 4291 der
1828 4238 2016 4291 beiden
2052 4239 2124 4290 im
2161 4239 2337 4292 Codex
2372 4237 2495 4290 weit
2541 4252 2674 4289 aus--

420 4309 666 4361 einander
691 4309 963 4376 liegenden
982 4310 1276 4363 Nummern
1302 4307 1515 4376 spric'ht.

1611 4312 1624 4340 ¹
1662 4308 1915 4375 CohortiS,
1937 4309 2028 4360 des
2050 4307 2252 4362 Stalles.
2347 4308 2366 4339 ²
2401 4306 2451 4359 S.
2475 4307 2508 4356 4
2533 4310 2589 4357 A.
2617 4308 2659 4359 1.
