3084 4895
1290 409 1501 472 Mutian
1536 436 1606 473 an
1644 408 1841 474 Urban.
2607 410 2690 485 63

452 595 571 659 erit
615 595 764 659 ulla.
856 596 1012 659 Item
1062 615 1187 657 non
1238 595 1447 676 placet
1494 593 1959 659 Centimodium
2007 594 2318 657 sustinere
2364 614 2695 675 personam

446 681 754 745 scribae.¹
849 682 948 744 Dii
1013 681 1180 756 boni,
1249 687 1555 762 quantum
1605 689 1934 745 consumet
1977 681 2168 744 moris
2214 679 2691 744 advolantibus!

450 769 824 831 Retineatur
876 768 1102 830 scriba.
1215 765 1485 830 Chorum
1537 769 1736 849 pistor
1783 768 2012 830 visitet.
2106 767 2371 849 Reliqua
2417 787 2694 830 commo-

400 928 409 935 ·
454 856 711 917 dissime
738 866 766 893 ⁸
812 853 1178 937 Spalatinus
1224 858 1438 915 noster
1482 853 1805 916 enodabit.

746 954 867 1007 Cod.
904 952 1035 1007 Frof.
1074 953 1157 1007 23.

444 1141 673 1212 (eotha.)
1523 1124 1628 1190 57.
2474 1141 2629 1210 (1506
2646 1141 2694 1211 52)

1189 1251 1478 1322 Mutian
1522 1273 1620 1322 an
1663 1252 1942 1323 Urban.

443 1365 567 1431 (Die
598 1363 892 1433 piz’bstliche
926 1363 1080 1416 Buue
1107 1380 1267 1431 yeye‘n
1300 1365 1397 1417 das
1432 1363 1650 1417 Kloster.
1723 1365 1941 1418 Mutian
1974 1365 2086 1417 will
2118 1364 2202 1416 die
2238 1363 2398 1431 Hiclfe
2431 1364 2517 1416 des
2551 1363 2694 1416 Kur-

1326 1434 1533 1500 fic’rsten
1567 1434 1837 1501 anrufen.)

831 1548 912 1597 Η.
949 1547 1204 1597 Urbano
1241 1560 1572 1599 oeconomo
1607 1548 1902 1609 primario
1939 1549 2026 1598 M.
2062 1547 2281 1598 Rufus.

654 1657 857 1722 Salus,
968 1659 1301 1722 Aureolam
1374 1659 1634 1731 bullam,
1700 1683 1850 1723 sane
1919 1660 2174 1732 bullam,
2244 1658 2531 1722 coenobii
2598 1659 2693 1721 tui

448 1744 737 1808 vidimus,
844 1745 1001 1807 Nam
1072 1745 1229 1808 levis
1298 1751 1432 1809 erat
1489 1753 1551 1809 et
1611 1747 1833 1810 inflata
1879 1751 1942 1808 et
1985 1747 2257 1828 turgida.
2371 1745 2695 1808 Doctiores

446 1832 724 1913 diploma
788 1831 1083 1894 dicerent.
1182 1832 1323 1908 Hui,
1399 1832 1827 1909 InnocentiuS,
1897 1855 2078 1914 quem
2129 1831 2472 1894 his-oculis
2516 1829 2694 1902 vidi,²

450 1918 817 1995 demortuus
863 1918 987 1981 est!
1079 1917 1243 1993 Quid
1297 1919 1477 1982 vobis
1528 1918 1899 1996 Alexander,
1949 1919 2099 2001 quid
2132 1918 2344 1981 Julius
2377 1916 2695 1980 contulit?

446 2004 542 2066 An
589 2003 767 2066 deest
812 2005 1324 2081 instrumentum²
1374 2006 1546 2086 quod
1597 2004 1954 2084 „Vidimus“
1994 2005 2338 2086 appellant,
2388 2024 2511 2085 quo
2547 2025 2695 2067 eon-

445 2111 668 2152 sensus
713 2089 1014 2153 ordinarii
1062 2091 1402 2170 probatur?
1493 2091 1617 2155 Sed
1663 2097 1842 2154 extra
1883 2091 2113 2171 jocum.
2226 2091 2355 2170 Ego
2423 2090 2692 2153 scribam

446 2176 787 2239 Federieho
844 2176 1323 2257 diligentissime
1384 2200 1589 2259 neque
1635 2178 1841 2259 patiar
1888 2200 1996 2240 vos
2041 2181 2262 2240 contra
2301 2177 2409 2256 jus
2442 2179 2694 2255 aposto—

452 2263 637 2326 licum
675 2264 907 2337 vexari,
944 2263 1063 2325 etsi
1094 2261 1123 2300 b
1168 2263 1369 2325 scriba
1406 2264 1706 2347 Crucejus
1739 2264 2081 2327 vilissimus
2114 2265 2214 2326 sit.
2313 2262 2559 2326 Urbane
2592 2263 2695 2339 mi,

454 2349 757 2430 promitto
802 2349 923 2412 tibi
972 2349 1200 2412 bonam
1249 2349 1433 2412 fidem
1484 2356 1544 2414 et
1591 2373 1702 2433 pro
1750 2351 2060 2431 dignitate
2108 2349 2396 2413 coenobii
2453 2350 2548 2412 tui
2601 2349 2696 2410 di-

447 2435 692 2499 micabo
753 2458 952 2518 usque
1014 2435 1091 2499 ad
1158 2437 1550 2517 sanguinem.
1665 2437 1791 2501 Hoc
1851 2441 2122 2501 meretur
2167 2436 2406 2518 ingenii
2454 2440 2518 2498 et
2564 2439 2698 2499 stu-

448 2522 689 2584 diorum
750 2530 999 2585 tuorum
1063 2523 1471 2605 praestantia.
1580 2523 1730 2586 Vale
1785 2530 1848 2587 et
1904 2526 2272 2588 commenda
2328 2545 2424 2585 me
2493 2527 2692 2585 toturn

448 2607 666 2670 abbati
712 2606 1270 2672 reverentissim0.·''

759 2708 883 2763 Cod.
920 2708 1051 2763 Fref.
1089 2709 1171 2761 54.

457 2880 640 2933 Gotha.
1512 2882 1614 2962 58,
2325 2882 2485 2949 (Miirz
2525 2882 2697 2952 1506.)

1195 3015 1482 3086 Mutian
1529 3037 1626 3086 an
1672 3016 1949 3087 Urban.

453 3143 648 3211 (Geyen
682 3144 779 3196 das
815 3144 1023 3197 Fas-ten.
1098 3144 1350 3211 Spalatv'n
1384 3146 1467 3198 als
1502 3144 1632 3198 Bote
1665 3145 1925 3197 zwisalten
1967 3146 2308 3212 Georymthal
2349 3148 2464 3199 und
2513 3147 2696 3200 Gotha.

1211 3214 1467 3267 Paroehie
1502 3214 1934 3281 Hohenlc‘irehen.)

554 3329 843 3378 Humano
882 3327 1184 3387 doctoque
1229 3331 1398 3388 patri
1447 3331 1527 3380 H.
1566 3331 1820 3381 Urbano
1873 3340 2202 3379 oeconomo
2246 3330 2591 3380 coenobiali

1154 3430 1265 3467 suo
1300 3418 1615 3467 carissimo
1651 3418 1737 3469 M.
1773 3416 1995 3467 Rufus.

656 3526 860 3591 Salus.
953 3527 1169 3592 Inedia
1232 3529 1750 3611 quadragesimae
1812 3550 1981 3592 nune
2054 3526 2316 3609 appetit.
2424 3526 2514 3588 De
2570 3548 2695 3607 qua

454 3614 603 3695 quid
664 3614 919 3677 tradant
966 3614 1168 3677 inflati
1214 3616 1527 3696 opinione,
1579 3617 1736 3678 satis
1782 3615 1899 3678 tibi
1947 3618 2352 3696 compertum.
2448 3612 2578 3694 Ego
2625 3619 2697 3676 ut

449 3708 657 3763 tecum
707 3721 842 3763 meo
894 3722 1060 3763 more
1100 3701 1303 3781 jocer:
1352 3703 1644 3784 quisquis
1690 3723 1822 3765 esse
1857 3701 2021 3780 frugi
2053 3722 2264 3763 amore
2297 3697 2447 3776 dei,⁴
2493 3721 2695 3781 nugas

584 3918 612 3945 ⁸
639 3900 1019 3958 comodissime.
1092 3907 1120 3945 b
1148 3907 1201 3955 et
1235 3903 1295 3955 si.

593 3975 609 4004 ¹
645 3972 743 4024 Die
778 3972 1125 4025 Morianische
1162 3972 1335 4025 Partei
1372 3971 1524 4024 hatte
1564 3970 1637 4023 im
1677 3968 2108 4031 Nonnenkloster,
2147 3970 2330 4023 dessen
2357 3970 2696 4037 Oberleitung

456 4041 577 4093 dem
614 4041 1019 4109 Georgenthaler
1048 4042 1180 4094 Abte
1208 4042 1441 4103 zustand‚
1481 4041 1631 4091 einen
1655 4039 1929 4092 Sohreiber
1947 4040 2170 4091 entfernt
2192 4042 2300 4092 und
2325 4040 2474 4091 einen
2501 4041 2693 4093 andern

449 4110 851 4172 (Centimodius,
890 4110 1247 4179 Pseudonym)
1286 4126 1351 4163 an
1388 4110 1529 4161 scine
1566 4107 1723 4160 Stelle
1760 4111 1972 4176 gesetzt.
2010 4108 2128 4176 Vgl.
2165 4108 2250 4163 Br.
2289 4111 2369 4161 33.
2480 4111 2499 4141 ²
2537 4110 2696 4161 Nz'im-

450 4181 555 4233 lich
596 4180 663 4231 im
704 4178 1050 4246 Sarkophage,
1098 4182 1164 4232 da
1211 4180 1465 4232 Innocenz
1516 4177 1658 4231 VIII.
1699 4193 1784 4230 am
1821 4178 1926 4245 25n
1955 4176 2063 4229 Juli
2117 4178 2248 4229 1492
2293 4179 2450 4245 star-b,
2494 4178 2693 4230 Mutian

449 4250 577 4303 aber
615 4252 721 4303 erst
768 4264 857 4301 um
913 4251 1043 4300 1495
1080 4250 1211 4302 nach
1262 4249 1445 4301 ltalien
1495 4248 1662 4314 gieng.
1838 4246 1858 4277 ³
1891 4246 2118 4297 Ahnlieh
2169 4248 2266 4297 wie
2303 4247 2694 4299 amantissimus

452 4319 581 4371 wird
606 4320 740 4371 auch
768 4318 1220 4370 reverentissimus
1241 4319 1295 4369 in
1316 4315 1746 4385 passivemSinne
1771 4315 2056 4382 gebraueht
2083 4317 2168 4380 (--
2189 4316 2696 4383 reverendissimus),

450 4389 643 4440 ebenso
679 4389 729 4439 iu
770 4387 853 4440 Br.
889 4388 971 4440 81.
1119 4390 1135 4418 ⁴
1170 4388 1325 4438 »Wer
1361 4387 1614 4451 verlangt,
1652 4386 1772 4436 dass
1807 4400 1928 4435 man
1964 4400 2058 4435 aus
2095 4384 2252 4435 Liebe
2290 4402 2353 4436 zu
2377 4385 2499 4436 Gott
2524 4385 2695 4436 m'ich-

450 4460 565 4508 tern
605 4457 681 4509 sei
718 4458 933 4523 (faste).«
